3200 5132
357 543 464 591 cxxvr
668 519 820 592 PETRI
849 517 1123 592 nunninus

355 664 428 714 tare
447 669 516 712 non
537 647 665 732 liceret,
678 648 801 731 immo,
814 649 841 714 si
861 667 974 713 rerum
992 644 1087 714 fateri
1103 644 1240 726 vellent,
1252 661 1434 729 conatast,

357 755 518 844 plurimos
535 754 652 837 Italiae,
668 771 754 820 certa
767 754 944 837 inferioris,
964 753 1171 842 qunlllagnae
1185 751 1316 820 Graeciae
1329 755 1436 820 etla-

358 861 396 926 tii
409 860 545 926 nomine
556 860 786 950 appellabatur,
803 860 925 927 incolas
941 859 992 924 hia
1009 857 1270 948 expeditionibus
1288 874 1323 926 et
1336 860 1435 926 latro·

357 966 450 1030 ciniis
469 967 611 1055 origines
633 988 707 1032 snas
730 965 867 1048 debere,
887 964 969 1028 nihil
987 964 1022 1028 in
1045 963 1217 1031 annalibus
1234 966 1303 1030 suis
1319 966 1434 1055 priscis

358 1069 650 1162 deprehendebant
662 1071 819 1152 Romani,
835 1069 1024 1137 Gracorum
1035 1068 1151 1151 rebus,
1164 1068 1200 1138 in
1211 1071 1435 1158 antiquissima

356 1192 516 1244 vetustate
535 1176 651 1265 gestis,
665 1177 785 1259 simile,
803 1198 871 1264 quo
887 1176 1028 1266 origines
1042 1197 1116 1241 suas
1133 1175 1341 1246 illustrarent.
1361 1178 1433 1244 Nisi

357 1280 451 1372 quod
466 1279 579 1346 divino
590 1281 724 1372 ingenio
736 1298 770 1346 et
782 1281 899 1371 spiritu
913 1295 1018 1363 vates,
1036 1280 1204 1370 Virgilius,
1223 1280 1330 1370 gentis
1340 1281 1434 1352 luliae

357 1387 561 1454 incunabula
580 1386 622 1452 ab
633 1387 739 1454 AEaea
756 1404 790 1454 at
800 1387 926 1455 Venere
942 1385 1104 1452 deducere
1117 1386 1434 1470 rolens,anrbitioni

357 1515 520 1576 romano,
537 1509 570 1557 et
582 1494 744 1582 praecipue
755 1493 894 1583 Augusti
910 1491 1069 1582 superbias
1087 1490 1199 1561 callide
1216 1492 1316 1561 luerit
1332 1493 1433 1563 velifi-

355 1616 448 1666 catus
462 1601 600 1690 :reliqui
613 1617 718 1690 poetae
735 1617 926 1692 argumenta
942 1623 961 1669 a
979 1600 1099 1668 Granis
1117 1615 1263 1690 reperta,
1282 1601 1432 1668 excolere

356 1721 390 1770 at
409 1706 512 1772 latino
530 1728 681 1774 sermone
699 1707 799 1797 polita
817 1723 851 1774 et
865 1707 1029 1774 ornatiora
1045 1729 1209 1796 exponere
1224 1707 1349 1774 civibus
1364 1710 1432 1776 suis

355 1812 572 1894 conabantur,
597 1835 735 1902 eamque
755 1815 821 1880 rim
838 1814 956 1880 mantis
975 1829 1008 1878 et
1024 1812 1180 1878 doctrinae
1199 1813 1431 1899 intenderunt,

354 1933 394 1984 ut
407 1935 555 1984 auctores
571 1941 649 1985 suos
667 1921 800 2009 ingenio
816 1936 850 1985 et
862 1937 931 1986 arte
947 1935 1156 2008 superarentt
1173 1942 1249 1986 nam
1265 1919 1432 1988 Valerium

320 2097 322 2102 ,
357 2025 535 2115 Apollonio
550 2025 690 2113 palmam
707 2026 910 2114 praeripuisse
926 2025 1002 2090 alias
1020 2023 1242 2107 ostendimus,
1255 2041 1383 2115 etsopo
1396 2027 1430 2092 ia
1446 2025 1449 2040 '

360 2131 446 2196 notis
464 2130 697 2196 observamus:
722 2129 942 2196 contrahenda
961 2131 1050 2196 enirn
1072 2131 1197 2213 oratio,
1223 2153 1320 2218 qrrarn
1337 2133 1432 2198 Vives

357 2236 519 2302 calumnia
537 2235 634 2300 nobis
650 2238 816 2325 expressit
835 2237 1009 2306 Maluimus
1030 2254 1139 2304 autem
1165 2238 1305 2304 rationes
1327 2254 1431 2306 certas

357 2355 391 2404 at
404 2339 511 2406 firmas
522 2341 558 2405 V
554 2343 598 2406 ivi
603 2363 787 2430 opponere,
797 2365 895 2430 quam
904 2363 980 2408 cum
988 2343 1119 2412 Barthio
1130 2343 1171 2409 ad
1182 2344 1261 2410 Stat
1270 2343 1374 2410 'rhea
1384 2345 1429 2428 11,

362 2445 448 2530 156,
466 2446 633 2517 audaciam
651 2449 831 2538 arrogantis
846 2449 964 2530 judicis
985 2448 1171 2528 traducere,
1189 2466 1223 2516 et
1239 2451 1429 2540 supercilio·

356 2575 429 2620 sum
453 2569 486 2620 et
508 2569 724 2642 non-poetam
741 2554 782 2620 de
803 2555 908 2643 poetis
929 2555 1036 2622 latinis
1049 2554 1209 2636 judicium
1224 2557 1328 2639 ferra,
1343 2555 1430 2622 indi·

355 2659 470 2748 gnari:
488 2660 634 2748 quamvis
651 2660 813 2728 temerarii
832 2659 927 2725 nobis
942 2682 1058 2732 ornnes
1073 2661 1119 2726 illi
1131 2660 1300 2744 ridentur,
1316 2662 1374 2750 qui
1388 2661 1429 2728 de

355 2766 460 2853 poetis
477 2766 654 2832 sententias
670 2767 802 2848 ferunt,
818 2768 880 2858 ipsi
896 2781 1041 2858 expertes
1058 2767 1164 2836 omnis
1179 2768 1249 2848 ejus
1265 2769 1429 2834 suavitatis

353 2887 388 2936 et
402 2870 522 2954 studii5
535 2870 576 2937 da
590 2895 658 2963 quo
675 2895 773 2942 namo
789 2879 877 2940 recle
893 2875 1012 2940 sentire
1028 2891 1158 2962 potest,
1177 2876 1240 2940 nisi
1253 2876 1351 2943 sacris
1367 2875 1428 2940 illis

356 2977 510 3044 initiatus.
536 2977 775 3048 Celeberrimos
797 3001 874 3046 roro
898 2980 961 3048 Th.
983 2979 1209 3062 Bartholinus,
1234 2978 1275 3045 da
1295 2979 1429 3046 medicis

354 3084 481 3172 poetis,
501 3082 638 3172 rigidam
656 3086 929 3152 remansuram
945 3085 1008 3148 alio
1026 3083 1127 3149 modo
1143 3085 1288 3150 refellere
1299 3107 1429 3176 aggres-

357 3211 412 3254 sus
426 3205 492 3273 est,
508 3205 542 3254 et
555 3188 687 3256 medicis
700 3187 929 3254 commendare
940 3191 1203 3277 Argonautarum
1216 3205 1248 3254 et
1260 3192 1349 3256 aurei
1360 3193 1428 3258 vel-

355 3295 429 3362 leris
445 3295 631 3361 involutum
648 3308 877 3382 argumentum
892 3314 932 3356 so
948 3293 1083 3358 nomine
1096 3311 1251 3376 conatus,
1269 3297 1345 3382 qnia
1361 3317 1427 3360 orn·

356 3402 409 3466 nia
424 3400 466 3465 ad
481 3399 650 3464 Chemiam
669 3397 804 3464 tendere
821 3421 897 3462 curn
913 3398 1012 3466 Suida
1030 3415 1063 3464 et
1080 3400 1169 3483 aliis,
1190 3422 1274 3488 quos
1297 3399 1426 3485 laudnt,

355 3504 475 3588 creditp
491 3521 525 3570 et
542 3527 679 3572 aureum
693 3504 796 3570 vellus
812 3503 986 3576 arbitratur
1002 3505 1123 3572 librum
1136 3506 1258 3589 fuisse,
1271 3507 1306 3572 in
1322 3529 1427 3572 menr-

355 3609 464 3676 branis
479 3611 654 3700 scripum,
678 3611 735 3699 qui
754 3611 942 3678 continebat
957 3635 1076 3680 aurum
1092 3612 1287 3680 conficiendi
1303 3629 1426 3695 artem3

355 3713 532 3780 draconem
548 3737 618 3782 esse
637 3715 857 3802 Mercurium,
878 3733 911 3782 et
926 3717 1069 3807 reliqua3
1088 3741 1161 3807 quae
1179 3741 1348 3807 nunquam
1365 3741 1426 3784 nos

355 3821 460 3912 poetis
480 3821 513 3885 in
532 3837 674 3888 mentem
691 3823 816 3888 venisse
831 3823 1013 3905 credimus,
1033 3846 1140 3913 neque
1155 3826 1227 3892 illos
1240 3825 1317 3889 artis
1332 3824 1425 3890 istius

357 3949 474 4018 gnaros
493 3927 592 3992 luisse
613 3929 679 3992 ulla
694 3928 826 4017 vestigia
842 3929 1126 4018 deprehendimus.
1143 3933 1192 3995 lta
1207 3931 1331 3998 fabulas
1349 3931 1425 4019 oqui

356 4035 487 4117 trojani,
504 4036 596 4100 Jovis'
608 4036 641 4100 in
656 4037 799 4124 pluriam
813 4061 945 4104 auream
960 4037 1095 4120 mutati,
1111 4039 1225 4103 Martis
1243 4055 1276 4102 et
1290 4038 1426 4104 Veneris

358 4140 831 4218 adulterii‚imrnouniversum
839 4142 1424 4234 Metamorphoseoncorpus,adartis

358 4247 450 4314 istius
466 4269 581 4315 areana
599 4247 741 4322 'lollium
762 4264 793 4314 et
815 4248 894 4319 alios
914 4248 1045 4320 traxisse
1066 4250 1236 4333 novimus,
1253 4251 1285 4314 in
1304 4250 1424 4338 quibus
