3196 5120
359 526 754 592 ARGONAUTICON
784 530 869 594 LIB.
894 532 941 594 11.
1124 535 1179 597 161

167 661 243 726 Non
259 675 368 724 tamen
384 659 453 723 hacc
468 659 549 724 adeo
563 675 705 744 semota,
720 685 828 751 neque
842 663 943 730 ardua
960 667 1069 750 tcllus‚

167 757 344 864 Longaque
357 775 425 855 jam
437 775 566 864 populis
583 776 737 865 impervia
754 779 835 844 lucis
852 803 936 863 eoae,

167 892 280 974 Quum
297 891 375 955 tales
393 890 529 960 intrasse
545 889 660 974 duces,
677 907 727 956 tot
744 892 864 958 robora
879 917 986 961 cerno.

166 1006 250 1070 Nam
265 1005 343 1069 licet
355 1003 434 1068 hinc
452 1025 548 1068 soevas
564 1005 659 1069 tellus
675 983 738 1070 alat
753 1006 886 1073 horrida
903 1026 1032 1100 gentes,
1149 1032 1186 1077 6⁴⁵

165 1120 285 1207 Meque
299 1119 441 1183 fremens
457 1117 584 1184 tumido
601 1118 804 1185 circumfluat
818 1144 875 1186 ore
891 1122 1084 1214 Propontis;

165 1233 279 1299 Vestra
296 1231 391 1314 fides,
409 1233 557 1320 ritusque
572 1255 681 1321 pares,
696 1251 731 1299 et
746 1235 836 1299 mitia
854 1238 945 1302 cultu

166 1349 224 1413 His
241 1349 337 1413 etiam
353 1345 432 1412 mihi
445 1347 544 1412 corda
555 1348 653 1430 locis;
668 1350 784 1437 procul
801 1350 900 1414 effera
911 1351 1014 1417 virtus

166 1464 335 1552 Bebrycis,
350 1479 383 1528 et
398 1461 533 1552 scythici
548 1463 663 1552 procui
681 1463 886 1530 inclementia
902 1469 1018 1532 sacri.»

210 1579 262 1642 Sic
278 1570 456 1660 memorat,
470 1577 625 1666 laetosque
642 1578 744 1666 rapit,
763 1578 861 1643 simul
874 1580 1002 1670 hospita
1017 1581 1115 1672 pandi
1151 1601 1190 1640 ⁶⁵0
1270 1575 1276 1582 ’

165 1694 264 1759 Tecta
274 1693 382 1776 jubet,
400 1693 594 1782 templisque
611 1715 718 1757 sacros
734 1693 868 1783 largitur
881 1696 1033 1762 honores.

166 1809 260 1874 Stant
277 1807 414 1898 gemmis
430 1830 577 1895 auroque
593 1807 673 1888 tori,
690 1829 873 1896 mensaequc
891 1827 1005 1898 paratu

165 1921 327 2013 Regifico,
343 1938 541 2010 centumque
555 1944 648 2011 pares
663 1922 815 2010 primaeva
830 1923 969 1990 ministri

165 2039 326 2126 Corpora3
339 2059 414 2125 pars
428 2036 539 2124 epulas
551 2036 720 2117 manibus,
733 2059 807 2126 pars
822 2061 918 2102 aurea
931 2055 1058 2129 gestant

164 2152 300 2234 Pocula,
316 2151 478 2217 bellorum
495 2173 587 2216 casus
606 2173 754 2240 expressa
769 2168 948 2220 recentum.
1150 2174 1188 2214 σεε
1233 2203 1235 2218 .

165 2268 271 2354 Atque
286 2289 323 2330 ea
341 2267 444 2354 prima
462 2265 538 2330 duci
554 2287 696 2354 porgens
714 2265 876 2331 carchesia
888 2267 989 2332 Graio

164 2383 299 2471 Cyzicus
313 2405 321 2447 ε
334 2411 346 2438 α
359 2382 421 2446 Hic
437 2397 567 2471 portus,
583 2381 708 2468 inquit,
724 2382 804 2446 mihi
823 2384 948 2448 territat
968 2383 1086 2467 hostis;

153 2584 207 2641 645.
224 2585 276 2631 Hie.
293 2583 347 2631 ΑΜ.
358 2585 402 2630 En.

122 2777 313 2842 habitantibus,
320 2797 370 2828 non
378 2779 490 2845 impervia
500 2776 633 2848 iit,quum
676 2793 751 2828 sacru
776 2776 854 2828 etiam
876 2777 938 2829 facit
956 2775 1007 2829 diis
1027 2781 1053 2829 in
1075 2783 1185 2847 templis,

125 2861 185 2908 tales
198 2860 289 2918 duces,
301 2871 337 2908 tot
349 2857 451 2916 robora,
463 2865 502 2907 tot
515 2855 633 2925 egregios
676 2853 703 2906 in
724 2872 778 2924 qno
800 2865 889 2906 tamen
910 2854 1047 2908 Valerium
1065 2856 1186 2930 Heynius

122 2935 256 3007 sortesque
277 2935 349 2988 viros
370 2934 522 3006 conspicere
544 2934 631 2988 liceat.
676 2932 806 2988 exisu'mat
824 2934 874 3001 (ad
881 2932 979 3004 virgil,
991 2936 1053 2986 AEn.
1069 2935 1099 2998 1,
1114 2938 1185 3002 632)

121 3043 155 3055 —-
164 3013 235 3067 Vide
248 3012 284 3066 ad
297 3015 398 3068 calcem
408 3013 490 3088 hujus
502 3012 564 3066 libri
575 3023 631 3065 not.
676 3022 795 3064 veterum
808 3029 910 3065 morem
923 3011 1085 3077 deseruisse,
1098 3015 1144 3084 qui
1158 3019 1183 3066 in

124 3094 244 3158 escun.
676 3094 763 3152 domo,
777 3091 813 3144 ad
824 3091 960 3162 hospitum
970 3090 1131 3156 adventum,
1144 3095 1185 3145 vi-

155 3171 219 3237 645.
238 3173 307 3225 Nam
325 3171 373 3224 etsi
391 3171 559 3226 inclementia
575 3169 632 3224 ceti
673 3171 781 3224 cumam
795 3169 954 3234 ceciderint,
972 3183 999 3225 et
1011 3191 1042 3224 ex
1058 3191 1090 3228 eo
1109 3174 1187 3244 epulo

121 3249 172 3304 vitu
181 3251 280 3304 habeat
290 3249 412 3322 adhujus
420 3251 504 3322 plaga
513 3249 630 3322 gentium
675 3268 751 3303 sacro
782 3250 897 3322 hospites
930 3253 1088 3324 exceperint.
1117 3252 1181 3306 vid.

120 3331 222 3382 animos
234 3367 242 3394 ,
254 3347 351 3401 meque
363 3328 503 3399 Propontis
514 3328 629 3382 circum·
673 3329 760 3401 ipsum
769 3331 894 3384 Nostrum
903 3349 1000 3402 supra,
1013 3333 1063 3402 347
1075 3343 1101 3385 et
1110 3351 1183 3404 seqq.

123 3407 505 3480 fluatffldemtamenvestram,
517 3407 630 3460 similem
710 3411 771 3463 652.
786 3415 858 3461 Stant
871 3414 974 3478 gemmis
993 3429 1101 3478 astroque
1123 3417 1180 3472 tori,

125 3499 213 3539 vesum
225 3485 289 3539 fidei
299 3525 307 3550 ‚
317 3491 407 3540 etaim
413 3505 505 3556 pares,
519 3500 543 3537 et
553 3489 630 3536 corda
674 3487 753 3551 lecti,
763 3499 848 3541 vestes
860 3489 998 3560 stragula,
1010 3509 1101 3541 mensa
1117 3495 1184 3560 regi·

125 3570 190 3618 mitia
213 3570 292 3626 culus,
309 3566 429 3630 cultura,
442 3563 513 3636 apud
526 3583 574 3618 nos
587 3563 630 3615 in·
665 3569 732 3637 fico,
748 3569 839 3638 regio,
858 3583 992 3637 apparatu,
1005 3583 1099 3620 centiam
1109 3587 1184 3637 pares

124 3645 242 3699 venietis.
258 3644 318 3698 Noli
333 3645 424 3698 timere
433 3682 441 3708 ‚
450 3648 539 3713 procul
554 3665 571 3694 a
590 3663 629 3694 me
673 3648 788 3706 rninisut',
799 3651 917 3716 primeva
930 3665 1051 3715 corpora,
1065 3646 1182 3719 ejusdem

121 3726 244 3794 estesjera
253 3723 628 3794 vimtsBebrycisfflebrycum,
673 3736 778 3778 staturae
796 3742 905 3788 omnes,
928 3738 954 3778 et
971 3724 998 3776 in
1014 3725 1079 3778 flore
1100 3727 1182 3780 utatis

120 3805 206 3874 gentis
216 3804 314 3876 Cynico
323 3803 428 3869 vicine,
438 3802 472 3855 de
482 3801 578 3873 quibus
592 3801 631 3853 iu·
674 3801 823 3867 constituti3
837 3823 899 3875 pars
919 3819 1002 3873 gestat
1016 3809 1116 3874 epulas,
1133 3805 1186 3858 fcr-

120 3883 232 3948 fra,lib.
243 3885 294 3947 IV,
305 3883 425 3956 pluribus
434 3881 563 3951 dicetur),
570 3901 631 3949 pro·
674 3881 753 3943 cula,
766 3902 827 3951 pars
848 3887 940 3951 pocula
965 3886 1079 3936 bellorum
1113 3905 1186 3936 casias

121 3967 161 4014 ead
166 3965 267 4028 scythici
274 3967 429 4015 inclementia
442 3965 520 4022 sacri,
531 3960 577 4013 uhi
586 3979 630 4032 pe·
675 3981 806 4028 expressa,
816 3961 844 4013 in
854 3963 951 4032 quibus
961 3964 1074 4035 expressi
1084 3977 1168 4016 essent
1177 3983 1184 4028 3

122 4041 221 4112 tegrini
239 4043 331 4094 Dianae
347 4041 527 4095 immolantur.
675 4039 729 4094 vid.
744 4039 778 4093 ad
793 4043 823 4105 Ι,
838 4043 899 4111 398.

155 4121 218 4172 650.
238 4119 309 4173 Tum
324 4122 395 4174 ictos
411 4121 480 4192 rapit
496 4137 584 4172 secum
601 4120 630 4172 in
709 4118 771 4174 656.
795 4122 858 4173 Herc
879 4122 975 4194 pocula
995 4127 1096 4191 prima,
1124 4136 1184 4175 anto

122 4198 231 4263 urbem,
251 4217 342 4253 omnes
365 4199 457 4273 palatii
488 4197 578 4252 valvas
602 4199 630 4250 iu
674 4198 958 4272 omnia,praecateris‚
970 4200 1085 4255 ostendit
1093 4201 1184 4252 Jasoni

120 4273 255 4349 hospitum
279 4278 408 4332 honorem
428 4279 502 4351 jubet
526 4277 628 4358 pandi,
674 4277 894 4352 Cynicusidigito
906 4291 1070 4345 monstrans,
1082 4277 1148 4352 quid
1159 4279 1185 4330 in

228 4362 255 4426 I.
967 4389 1001 4429 11
