3192 5128
357 625 365 635 .
411 535 668 614 PRAEFATIO
697 537 950 610 SECUNDA.
1079 561 1214 648 11111111

11 659 12 676 ³
138 687 215 732 cam
227 665 417 732 instrueret.
433 665 494 732 llic
507 687 586 744 vero
599 665 755 752 Fontius,
774 687 843 732 non
855 667 997 732 multum
1013 668 1098 734 inter
1109 671 1217 740 erudi·

139 786 196 834 tos
212 769 413 852 celebrante,
431 791 450 833 a
466 770 642 834 clarissimo
658 769 758 841 Bailio
775 770 927 837 etiamen
944 771 1072 839 Gaddio
1090 797 1216 842 memo·

138 891 245 942 ratur.
263 875 305 940 In
320 875 462 963 epitome
481 874 617 940 Gesneri
634 874 753 940 dicitur
768 876 838 956 ejus
854 878 1048 964 prooemium
1065 896 1099 944 et
1115 882 1219 969 expla-

141 980 235 1046 natio
255 980 290 1044 in
312 981 479 1063 Persium,
497 981 716 1069 manuscripta
733 980 768 1044 in
790 981 996 1069 Imperatoris
1019 985 1218 1053 Bibliotheca

142 1086 264 1150 serrari
278 1109 287 1152 r
303 1085 362 1150 sed
380 1085 460 1174 quid
478 1107 561 1174 opus
577 1100 646 1162 erat
663 1107 764 1164 manu
782 1102 942 1152 exaratam
963 1088 1050 1155 illam
1066 1092 1217 1180 explana·

143 1192 288 1274 tionem,
305 1193 398 1280 quasi
413 1191 625 1274 anecdotam,
643 1207 676 1256 et
691 1215 764 1280 quae
780 1192 918 1281 publiooe
929 1195 994 1261 luci
1007 1196 1155 1264 nondum
1170 1221 1219 1264 es·

145 1312 196 1362 set
217 1284 409 1380 commissa,
432 1320 634 1380 memorere3
652 1319 755 1386 quum
777 1297 896 1364 editam
912 1321 983 1364 eam
1002 1301 1138 1368 habeam
1152 1306 1218 1370 Ve-

146 1406 260 1488 netiis,
278 1405 357 1470 XIV
367 1405 448 1484 Feb,
465 1407 568 1492 1494,
584 1420 719 1494 sumptu
731 1405 888 1472 lobannis
903 1407 944 1473 de
954 1408 1108 1492 Tridino,
1121 1411 1219 1478 simul

147 1533 222 1575 cum
237 1511 304 1596 Ι1111
322 1511 447 1593 Persii,
470 1525 504 1575 et
519 1509 733 1600 prooemiode
749 1509 850 1590 Satira
867 1510 1012 1592 ejusdem
1028 1515 1140 1580 Foncii
1159 1516 1220 1603 (ut
1292 1517 1299 1522 “

145 1617 191 1682 ibi
208 1633 357 1701 vocatur,
372 1641 441 1682 non
456 1619 483 1682 F
484 1618 585 1700 ontii,
600 1634 639 1682 ut
651 1617 782 1682 exhibet
796 1618 994 1702 Maitairius,
1009 1644 1041 1709 p.
1061 1621 1145 1706 328,
1162 1625 1220 1712 qui

148 1739 281 1806 umen,
302 1723 444 1814 p.‚361,
469 1723 583 1790 Fonoii
605 1721 752 1812 edidit),
771 1739 809 1800 ¹et
832 1727 1066 1804 commentario
1086 1730 1220 1802 loannis

149 1828 348 1912 Britannici,
366 1845 401 1896 et
420 1851 518 1918 quarn
541 1828 712 1918 repetitam
736 1849 805 1894 esse
825 1830 861 1894 A.
887 1832 991 1917 1499,
1009 1853 1049 1896 111
1070 1832 1220 1912 Maitairii

148 1935 347 2018 Annalibus,
363 1957 436 2026 pag.
457 1933 539 2017 361,
562 1932 680 2012 video:
698 1932 805 1998 addita
822 1935 921 1999 estin
942 1934 1007 2000 line
1027 1937 1163 2026 epistola
1179 1937 1221 2004 ad

148 2043 358 2110 Franciscum
374 2043 526 2108 Saxetum
537 2040 579 2106 de
592 2041 752 2106 mensuris
764 2056 798 2105 et
809 2040 1021 2129 ponderibus.
1035 2044 1146 2110 ⁴Immo
1154 2047 1221 2126 jam

150 2149 313 2231 Venetiie‚
330 2150 368 2214 Α.
389 2151 469 2234 1491
486 2196 496 2230 ,
512 2147 620 2212 Fontii
636 2147 907 2212 commentarium
927 2147 962 2212 in
982 2148 1129 2228 Persium
1145 2175 1221 2240 pro·

149 2253 247 2320 diisse
261 2254 381 2321 Bailius
396 2253 516 2335 refert,
534 2253 575 2318 ad
590 2275 689 2342 quem
709 2254 1006 2340 annumVenetam
1022 2257 1121 2320 refert
1137 2257 1221 2325 Mai-

150 2362 263 2428 tairius
276 2361 309 2426 d.
322 2362 343 2426 l.
354 2384 427 2450 pag.
441 2359 522 2444 3103
539 2359 595 2426 sed
609 2382 685 2425 oum
698 2361 768 2425 solo
780 2360 955 2428 britannici
967 2364 1220 2447 commentario,

150 2469 205 2555 qni
223 2467 341 2550 etiam,
363 2489 395 2556 p.
420 2467 502 2554 169,
523 2465 603 2532 duas
626 2468 783 2549 Venetas,
800 2468 837 2532 A.
861 2467 964 2550 1482,
980 2468 1105 2557 profert
1120 2469 1222 2536 Persii

151 2573 310 2640 editiones
329 2595 404 2638 cum
422 2573 662 2638 commentariis
675 2573 785 2639 Fontii
798 2595 806 2636 :
822 2573 868 2636 ita
880 2590 935 2655 ut,
952 2596 1055 2662 quum
1070 2573 1111 2651 sd
1124 2577 1222 2644 mini·

152 2703 243 2744 mum
259 2697 401 2769 quatuor
415 2679 597 2769 prodierint
615 2695 689 2744 ante
708 2678 741 2744 id
758 2695 888 2768 tempus
904 2679 1081 2764 editiones,
1101 2683 1222 2748 mirum

151 2785 309 2868 videanrr,
333 2808 386 2852 eas
407 2787 572 2875 ignorasse
593 2786 743 2884 Remum.
764 2785 832 2847 Cur
846 2805 924 2850 vero
941 2803 1087 2873 sequutoe
1106 2788 1223 2854 editio·

153 2915 229 2973 nes,
247 2915 322 2980 quae
338 2907 461 2957 veteres
479 2877 750 2956 commentatores
774 2890 968 2978 repetivere,
986 2893 1141 2958 Fontium
1158 2894 1223 2973 eje·

153 3000 266 3081 cerint,
279 3001 429 3089 ignorare
440 3023 493 3064 me
502 2998 605 3063 fateor
616 3021 624 3062 :
637 3013 724 3062 certe
734 2999 769 3062 in
781 2997 924 3062 editione
933 2999 1115 3081 Basileensi,
1124 3000 1223 3084 1551,

154 3129 225 3194 quse
240 3107 276 3170 in
294 3107 403 3170 fronte
418 3104 577 3193 promittit
594 3103 763 3186 omnium,
780 3125 852 3191 quse
874 3104 910 3167 in
932 3127 1009 3169 eum
1027 3104 1114 3170 diem
1130 3106 1224 3172 editae

156 3226 301 3293 exstant,
323 3211 568 3292 annotationes,
589 3209 669 3274 nibil
693 3209 804 3275 Fontii
829 3208 976 3292 offendi3
1002 3233 1100 3298 quam
1127 3213 1224 3277 etiam

155 3316 251 3382 credo
268 3339 415 3382 caussam
431 3317 551 3396 luisse,
575 3339 635 3380 cur
654 3315 813 3404 Georgius
833 3316 955 3383 Remus
975 3316 1027 3381 illa
1048 3319 1224 3404 opuscula,

155 3425 326 3512 interque
342 3423 375 3486 in
393 3423 540 3486 Persium
553 3421 659 3486 Fontii
680 3437 764 3484 note
780 3435 876 3502 sunt,
893 3420 1032 3498 edidisse
1042 3445 1076 3486 se
1089 3421 1174 3488 dicat
1186 3447 1224 3488 ex
1258 3421 1261 3428 ’

155 3531 237 3594 libro
249 3549 445 3620 pergamena
461 3529 571 3592 charta
585 3526 705 3613 scripto
725 3527 845 3614 (quem
857 3528 1040 3616 suspicatur
1052 3529 1158 3618 ipsum
1171 3553 1226 3594 10-

156 3635 259 3702 dicem
272 3637 374 3702 fuisse
390 3635 534 3700 Matthiae
549 3634 692 3698 Corvino
708 3634 876 3715 oblatum3
894 3635 985 3722 quod
998 3636 1024 3698 si
1037 3657 1150 3700 rerum
1164 3639 1226 3721 sit,

155 3744 264 3831 potuit
273 3743 371 3808 etiam
382 3743 435 3806 ille
445 3763 531 3822 esse,
543 3763 641 3829 quem
653 3740 685 3803 in
698 3740 897 3805 Bibliotheca
908 3742 1114 3828 imperatoris
1125 3743 1226 3822 fuisse

156 3871 215 3914 suo
234 3865 383 3937 tempore
403 3847 540 3912 Gesneri
561 3847 766 3934 Epitomator
785 3845 885 3920 dixit,
905 3862 943 3910 ut
960 3846 1124 3934 vidimus)
1139 3850 1226 3914 bona

156 3956 287 4020 fortuna
303 3956 338 4018 in
355 3955 526 4020 Saxoniam
542 3951 669 4028 delato,
689 3968 723 4016 et
737 3953 777 4017 ab
792 3955 941 4041 Augusto
957 3953 1109 4035 Juniore,
1126 3957 1228 4020 Brun·

157 4061 250 4151 svigre
275 4076 310 4124 et
331 4058 531 4147 Limeburgii
547 4056 649 4138 duce,
679 4056 909 4146 suppeditato:
930 4057 1086 4148 additque
1104 4061 1225 4124 Remus

157 4167 254 4250 hujus
274 4165 439 4254 scriptoris
461 4165 582 4231 nullam
603 4187 621 4227 1
639 4163 786 4228 Gesnero
800 4163 834 4226 in
851 4162 1047 4228 bibliotheca
1061 4187 1118 4230 sua
1134 4187 1227 4230 men-

157 4273 279 4338 tionem
290 4271 368 4338 lieri.
383 4272 553 4336 Orationes
565 4269 662 4335 etiam
674 4316 683 4349 ‚
696 4289 785 4355 quae,
802 4269 886 4335 inter
899 4271 1075 4358 opuscula,
1090 4293 1228 4350 numero
