3192 5128
361 557 464 615 csxx*
670 545 821 616 PETRI
851 547 1125 619 BURMANNI

361 679 489 741 tionum
501 723 511 759 ,
525 693 559 742 et
571 677 901 760 commentariorum,
915 679 1251 766 annotationumque,
1268 698 1342 765 quae
1352 701 1433 744 are·

359 783 442 847 natis
453 783 573 864 literis,
592 797 626 846 et
643 781 719 847 artis
730 783 969 874 typographicae
980 783 1187 849 incunabulis
1196 782 1240 848 ad
1252 799 1363 849 nostra
1374 805 1433 849 us·

359 909 424 975 que
433 902 578 976 tempora
586 885 799 977 prodierunt:
812 885 999 977 dequibus,
1010 905 1172 979 quantum
1184 889 1432 954 commanebis

359 1008 522 1058 versatum
539 1009 572 1058 et
589 994 771 1083 inspectum
792 995 872 1077 luit,
889 1017 928 1060 ex
945 994 1045 1060 animi
1064 995 1242 1077 sententia,
1259 995 1374 1084 procul
1390 995 1432 1059 ab

358 1097 437 1162 odio
455 1113 488 1163 et
503 1097 624 1164 invidia
635 1098 797 1179 judicium
815 1115 850 1164 et
866 1091 1059 1165 sententiam
1078 1099 1238 1182 letemus,
1254 1099 1433 1180 subjecturi

359 1202 523 1290 denique,
550 1201 631 1291 quid
653 1224 715 1270 nos
740 1203 775 1268 iu
800 1203 861 1270 hae
882 1203 1027 1270 editione
1048 1203 1232 1292 praestitisse
1255 1204 1351 1270 nobis
1370 1203 1432 1269 risi

360 1329 486 1373 sumus.

402 1415 444 1480 Et
466 1413 574 1504 primo
596 1413 730 1504 quidem
752 1416 870 1480 metito
891 1416 1067 1497 mamus,
1091 1416 1219 1481 nullutn
1236 1437 1312 1482 eum
1328 1415 1431 1482 iuter·

357 1536 502 1609 pretem,
518 1521 789 1587 autscholinstom
804 1522 956 1587 sortitum
971 1522 1056 1586 inter
1068 1521 1215 1603 Veteres,
1229 1538 1268 1586 ut
1277 1521 1431 1586 Terentio

357 1631 528 1711 Donatus,
544 1629 681 1718 Virgilio
702 1630 848 1713 Servius,
865 1645 898 1694 et
916 1629 970 1695 alii
988 1629 1058 1694 eliis
1072 1629 1176 1718 poetis
1194 1629 1279 1694 hanc
1298 1651 1430 1718 operam

357 1734 541 1800 dederunt:
559 1735 627 1800 sire
646 1735 828 1801 obscuritas
847 1737 1057 1817 deterruerit,
1074 1736 1141 1800 sive
1157 1735 1246 1800 nulla
1262 1757 1301 1799 ex
1318 1734 1430 1798 labore

357 1843 480 1930 poete,
504 1863 603 1930 quem
622 1844 717 1932 pauci
739 1843 911 1910 versabant
926 1843 1027 1931 (nam
1048 1863 1121 1906 rara
1143 1842 1194 1908 rel
1215 1840 1325 1929 potius
1341 1841 1431 1905 nulla

359 1949 429 2028 ejus
443 1947 531 2037 apurl
548 1963 674 2014 veteres
689 1947 925 2015 Grammaticos
940 1949 1064 2013 mentio
1074 1947 1103 2036 ),
1119 1947 1221 2038 gloria
1237 1963 1431 2036 speraretur,

358 2069 392 2118 et
410 2053 490 2117 hinc
509 2075 643 2143 quoque
659 2055 829 2143 penuriam
847 2056 1043 2144 scriptorum
1060 2053 1211 2119 codicum
1230 2051 1360 2117 fluxisse
1377 2072 1430 2116 ar·

357 2159 472 2226 bltror.
498 2160 575 2242 Quo
599 2181 678 2226 rero
704 2181 780 2225 casu
805 2178 839 2226 et
861 2161 994 2225 fortuna
1017 2161 1169 2225 inventus
1190 2158 1294 2224 codex
1311 2157 1429 2222 Valerii

357 2263 480 2346 Flacci,
497 2279 573 2328 aute
583 2264 637 2328 illa
650 2279 797 2353 tempora
810 2266 863 2330 vix
879 2265 968 2348 noti,
982 2289 1000 2329 a
1013 2263 1138 2354 Poggio
1151 2261 1267 2346 leserit,
1280 2285 1430 2327 euenere

357 2387 596 2459 supervacuum
613 2368 733 2451 credo,
752 2393 856 2458 quum
872 2391 989 2453 nemo,
1010 2391 1049 2434 ex
1073 2368 1345 2434 bibliothecarum
1372 2383 1431 2433 aut

357 2474 500 2539 historiae
515 2475 662 2540 literariae
679 2477 892 2565 scriptoribus
903 2475 936 2541 id
947 2476 1111 2558 omiserit,
1127 2475 1269 2562 satisque
1277 2474 1344 2554 jem
1358 2497 1431 2538 eru·

357 2579 433 2644 ditis
448 2580 483 2644 ld
498 2597 635 2648 constet.
650 2583 792 2646 Primam
809 2603 889 2646 vero
899 2582 1049 2647 omnium
1066 2580 1242 2645 editionem
1257 2579 1431 2645 memorari

357 2685 452 2752 video
461 2688 721 2770 Bononiensem,
733 2693 769 2754 Α.
786 2692 881 2776 1474,
893 2711 952 2778 per
964 2689 1114 2777 Ugouem
1124 2685 1301 2776 hogerium
1312 2733 1322 2768 ,
1334 2685 1431 2749 etdo-

356 2794 483 2859 utinum
499 2795 695 2859 Barthocum
706 2795 899 2885 Regienses,
916 2815 934 2858 a
952 2795 1091 2859 Labbeeo
1101 2794 1136 2857 in
1145 2791 1373 2880 supplemento
1382 2791 1431 2855 lX

357 2923 450 2966 novae
465 2901 691 2984 Bibliothecae,
707 2925 780 2991 pag.
800 2901 882 2984 351,
898 2925 938 2967 ex
953 2903 1041 2992 regia
1052 2900 1263 2981 bibliotheca,
1276 2915 1310 2964 et
1321 2923 1340 2962 a
1352 2899 1431 2964 Mai·

357 3007 451 3072 tairio
467 3009 501 3071 in
513 3009 630 3073 Annal.
645 3024 792 3098 typogr.,
805 3023 896 3072 tomo
909 3009 941 3090 I,
952 3029 1024 3097 pag.
1043 3029 1115 3094 ¹⁰9·
1132 3007 1225 3071 llanc
1235 3005 1353 3094 passim
1367 3005 1431 3069 lau·

356 3112 437 3177 dant
451 3113 529 3177 Pius
551 3127 585 3176 et
604 3113 761 3178 Maserius
781 3113 817 3174 in
835 3112 1096 3194 commentariis,
1120 3111 1178 3177 sed
1192 3109 1274 3176 mihi
1292 3133 1362 3175 eam
1380 3111 1430 3174 ri·

356 3216 455 3283 dendi
475 3219 606 3283 fortuna
624 3217 745 3299 defuit,
763 3217 808 3282 ita
824 3233 862 3282 ut
876 3217 919 3282 de
934 3216 1003 3296 ejus
1016 3219 1157 3300 meritis,
1175 3218 1237 3282 nisi
1253 3239 1293 3281 ex
1309 3215 1430 3280 indicio

354 3325 494 3390 istorum
513 3339 825 3400 commentatorum,
843 3322 1024 3388 existimare
1042 3346 1109 3389 non
1127 3326 1231 3390 liceat
1252 3323 1429 3410 Antiquio·
1542 3379 1545 3384 .

356 3453 425 3495 rem
442 3446 549 3496 tamen
572 3429 730 3494 exstitbse
747 3427 944 3512 editionem,
961 3445 995 3494 et
1013 3431 1055 3494 ab
1078 3431 1150 3520 ipso
1166 3430 1309 3520 Poggio,
1328 3451 1429 3517 quem

356 3559 506 3624 magnam
527 3551 651 3625 partem
672 3535 791 3600 Valerii
815 3537 940 3619 Flacci,
958 3558 1035 3602 cum
1056 3537 1189 3602 Asconii
1211 3535 1345 3601 Pediani
1361 3537 1427 3599 fra·

356 3642 517 3730 gmentis,
538 3657 571 3706 et
585 3641 654 3705 aliis
670 3640 757 3728 (vid.
783 3641 1032 3708 eruditissimam
1054 3644 1093 3708 cl.
1119 3639 1376 3708 Drakenborehii
1391 3641 1426 3703 in

355 3749 468 3814 Silium
495 3741 643 3814 Italicum
669 3747 916 3838 praefationem)
941 3749 1148 3831 atrctoribus,
1163 3748 1319 3836 reperisse
1336 3747 1428 3811 noti·

356 3877 449 3936 mus,
466 3871 610 3918 curatam
627 3856 782 3944 suspicari
794 3857 867 3944 quis
878 3872 988 3945 posset
999 3877 1039 3920 ex
1051 3854 1216 3920 Tomasini
1228 3853 1426 3917 bibliotheca

354 3961 517 4050 Pignorii,
536 3985 609 4050 quae
627 3963 747 4027 inserta
766 3962 922 4027 Thesauri
942 3963 1043 4026 Italici
1059 3977 1150 4024 tomo
1168 3961 1233 4043 VI,
1252 3975 1344 4046 parte
1356 3959 1426 4040 Ill,

355 4091 426 4157 pag.
445 4067 505 4145 145
516 4117 526 4151 ,
538 4085 571 4132 et
584 4068 744 4158 descripta
761 4086 810 4134 est
823 4071 864 4134 ab
875 4069 990 4134 eodem
1001 4071 1035 4132 in
1051 4067 1247 4130 bibliotheca
1256 4065 1426 4145 Patavina,

356 4197 427 4262 pag.
442 4173 501 4255 85,
519 4175 576 4238 ubi
592 4175 678 4238 inter
694 4175 763 4255 ejus
780 4175 880 4239 libros
894 4189 1120 4254 recensentur,
1137 4173 1318 4260 fragmenta
1333 4173 1427 4235 Asco-

356 4281 401 4343 nii
417 4278 567 4363 Petliani,
582 4295 615 4346 et
631 4284 667 4347 G.
685 4282 832 4347 Valerius
849 4303 888 4348 ex
902 4280 1045 4348 editione
1057 4279 1192 4371 Poggli3
1209 4277 1266 4344 sed
1284 4277 1361 4368 quia
1376 4277 1426 4339 in-
