3198 5106
351 473 608 544 ruarmo
636 473 887 546 secunus.
1005 559 1010 570 ,
1049 497 1154 545 cmx

132 603 359 672 Constimerat
377 604 473 670 etium
489 601 651 671 Geardm
661 603 813 688 Vossius,
830 606 938 695 magni
946 606 1054 672 vossii
1069 606 1154 675 lilius

1 713 2 764 l
89 729 183 778 notas
196 713 231 776 in
245 711 397 776 Flaccum
409 710 576 792 enritterea
589 708 693 774 sedin
712 712 815 798 prima
831 727 940 794 etate,
956 735 1013 800 spe
1029 713 1080 779 illa
1095 738 1154 804 per
1215 697 1220 714 “

89 835 229 884 mortem
256 817 463 882 immaturam
486 815 637 905 praecisa,
658 838 726 880 non
748 811 895 905 implevit
916 817 1074 884 desideria
1097 820 1156 886 do·

89 942 220 990 ctorum
230 947 241 1006 ς
253 943 361 1011 neque
368 937 486 1011 praeter
496 937 590 986 notas
602 921 636 985 in
645 921 806 986 Velleium
820 923 1045 1006 Paterculum,
1059 948 1153 1009 eum,

89 1031 169 1096 dum
194 1030 340 1105 viveret,
362 1025 541 1116 quidquam
564 1027 707 1092 emisisse
731 1029 821 1094 novi.
842 1029 905 1094 Sed
925 1027 1094 1119 reliquisse
1118 1033 1154 1096 in

89 1135 307 1204 Censorinum
320 1149 354 1198 et
368 1131 531 1198 Valerium
547 1133 698 1198 Flaccum
714 1133 889 1200 heredibus
903 1151 996 1200 notes
1020 1151 1156 1202 testatur

89 1241 213 1306 Tollius
231 1241 267 1304 in
291 1239 455 1321 oratione,
472 1261 536 1327 qam
554 1238 638 1327 patri
656 1239 772 1305 Vossio
790 1239 874 1320 justa
892 1241 1056 1329 persolvit.
1074 1242 1156 1325 Quae

89 1349 242 1438 ignorare
249 1369 318 1413 non
327 1347 436 1436 potuit
444 1346 672 1413 celeberrimus
684 1346 843 1430 Grorius,
853 1341 957 1436 quum
969 1348 1156 1436 ipseaVos·

90 1455 214 1518 sionim
229 1451 405 1518 heredibus
422 1453 581 1542 acceperit
591 1451 649 1518 has
660 1453 694 1517 in
710 1453 871 1518 Valerium
883 1454 1034 1520 Flaccum
1047 1453 1154 1537 notas,

91 1560 255 1648 mihique,
272 1574 311 1623 ut
330 1559 451 1647 publici
466 1559 547 1639 iuris
564 1558 722 1641 facerem,
739 1557 818 1624 olim
832 1557 975 1624 tradidit.
991 1561 1033 1626 Et
1046 1576 1155 1626 tamen

92 1681 316 1754 tamqrramex
335 1664 453 1732 Graevii
470 1664 511 1730 ad
525 1664 690 1730 Nicasium
710 1665 845 1755 epistola
864 1664 983 1730 eruditi
1000 1666 1157 1755 promo

92 1770 198 1836 ridum
211 1769 443 1836 Patisiensium
456 1785 623 1851 auctores,
637 1786 728 1835 tomo
741 1771 839 1852 xlx,
852 1774 891 1835 Α.
908 1771 1007 1858 1691,
1021 1793 1055 1860 p.
1075 1770 1155 1856 550,

92 1875 306 1964 promitnmt,
317 1875 407 1942 brevi
420 1873 604 1964 prodituros
619 1873 725 1940 Voseii
745 1876 844 1964 patris
863 1875 897 1939 in
915 1876 983 1942 Val.
1005 1878 1155 1942 Flaccum

92 1997 124 2046 et
136 1980 356 2046 Censorinum
368 1996 480 2062 notas,
495 1975 622 2071 decepit
636 1969 691 2046 eoi
708 1983 793 2048 forte
802 2003 990 2070 pronomen
1005 1981 1155 2065 Gerardi,

93 2088 173 2174 patri
184 2102 219 2151 et
231 2085 299 2151 lilio
311 2108 497 2152 commune.
510 2088 567 2152 Hae
579 2102 664 2152 notre
677 2087 802 2152 meliori
811 2087 883 2168 jure
897 2088 1076 2176 patrocinio
1088 2089 1155 2170 illo,

94 2191 181 2279 quod
198 2191 320 2258 Alardo
337 2191 593 2258 accommodavit
608 2194 647 2258 cl.
665 2193 851 2276 Fabricius,
870 2209 1020 2282 egerent,
1043 2195 1119 2282 quia
1136 2218 1155 2259 a

96 2299 202 2386 primae
213 2298 393 2386 pubertatis
408 2298 635 2387 juvene(obiit
646 2300 733 2364 enim
747 2301 854 2388 primo
868 2314 901 2364 et
914 2299 1070 2388 vigesimo
1085 2317 1157 2366 cta·

96 2404 133 2468 tis
148 2421 254 2489 anno,
272 2426 336 2491 qua
351 2419 444 2468 aetate
460 2405 557 2468 etiam
571 2403 671 2468 frater
686 2404 754 2485 ejus
773 2405 967 2493 Dionysius,
978 2403 1156 2471 eruditissi-

97 2532 164 2574 mus
174 2509 319 2592 jurenis,
331 2510 430 2597 patris
443 2531 534 2598 spem
551 2507 698 2597 decepit)
711 2510 836 2599 scriptae
846 2511 957 2576 limam
969 2511 1073 2592 illam,
1083 2535 1155 2599 quae

97 2639 113 2678 a
127 2617 228 2705 plenae
242 2616 344 2680 aetatis
359 2615 435 2680 viris
451 2616 598 2682 adhiberi
614 2616 714 2697 solet,
730 2639 796 2680 non
814 2615 969 2682 referunt,
983 2618 1033 2682 Ne
1048 2633 1156 2683 tamen

97 2723 213 2809 periret
227 2739 295 2786 tam
312 2723 464 2811 praeconis
479 2721 637 2787 doctrinae
654 2737 924 2803 monumentum,
938 2723 1028 2786 inter·
1041 2722 1156 2821 docto·

96 2850 165 2892 rum
190 2828 336 2892 virorum
360 2827 485 2892 labores
505 2827 602 2892 etiam
625 2827 687 2890 illis
708 2827 817 2890 locum
839 2826 1008 2890 concessi:
1030 2845 1158 2892 accusat

96 2925 181 2992 hunc
199 2926 371 3008 juvenem,
379 2924 530 3014 juvenilis
548 2923 745 3016 corfidencioe
754 2973 764 3006 ,
786 2932 819 2990 in
843 2933 924 2990 noto
943 2926 1105 2992 subcmdis
1122 2929 1156 2992 in

96 3031 251 3098 Velleium
270 3033 422 3112 Cronius,
446 3033 562 3098 tXVl
586 3031 734 3098 Animad.
755 3047 827 3120 pa'g.
852 3053 931 3118 272,
952 3032 1008 3119 qui
1029 3048 1156 3114 tamen,

96 3153 131 3200 ut
149 3135 318 3218 videmus,
334 3136 444 3202 Alardi
464 3158 569 3224 operae
586 3137 723 3224 palmam
740 3135 862 3224 praebet
876 3137 910 3198 in
935 3135 1076 3201 editione
1095 3139 1158 3202 Va-

96 3241 162 3306 lerii
182 3240 348 3322 curanda3
369 3257 465 3328 atque
488 3241 540 3305 ille
560 3263 616 3306 sex
636 3257 798 3330 septemve
817 3242 910 3306 annis
930 3240 1032 3320 major
1057 3241 1158 3306 edidit

97 3371 165 3414 suas
181 3350 215 3414 in
236 3350 388 3414 Flaccum
409 3347 670 3430 emendationes,
690 3347 830 3437 ideoque
847 3348 955 3412 micus
971 3347 1035 3412 hoc
1050 3363 1158 3437 patro·

97 3455 178 3519 cinic
194 3471 229 3519 et
244 3453 340 3520 laude
354 3454 473 3542 dignus
489 3453 629 3518 dedebat
638 3453 759 3535 videri,
775 3476 873 3541 quam
889 3453 1039 3536 Vossius,
1053 3455 1157 3542 quiin

98 3574 158 3624 tam
171 3575 282 3626 tenera
297 3575 390 3624 aetam
405 3559 552 3624 virorum
568 3559 772 3624 eruditorum
788 3559 948 3648 praeconia
965 3560 1127 3627 retulerat.

138 3666 188 3732 Ab
203 3665 316 3731 Alardi
331 3667 500 3732 temerario
516 3687 598 3732 ausu
616 3666 779 3730 neminem
793 3665 886 3747 novi,
901 3665 958 3754 qui
974 3665 1015 3730 ad
1028 3683 1156 3754 poetam

97 3772 323 3838 illustrandum
339 3773 528 3838 accesserit:
543 3771 633 3860 quod
650 3771 765 3836 merito
786 3772 922 3836 miretur
944 3773 1035 3859 quis,
1052 3795 1155 3859 quum

98 3878 177 3942 intra
190 3880 362 3960 saeculum,
375 3879 466 3966 quod
478 3879 635 3959 vivimus,
649 3879 757 3944 nullus
771 3879 838 3942 lere
851 3879 1009 3942 exstiterit
1024 3896 1156 3960 auctor,

99 3986 174 4071 quin
185 3971 480 4050 commebtatorum
495 3983 590 4064 turba
601 3984 699 4048 fuerit
711 3983 859 4049 obrutus.
872 3982 1034 4064 Farnabii‚
1047 3983 1159 4048 Schre-

97 4090 185 4171 relii,
206 4090 362 4174 Minellii,
379 4107 412 4154 et
429 4091 538 4156 nescio
559 4091 616 4177 qui
632 4112 650 4154 e
668 4089 763 4154 turba
782 4087 1048 4178 pedagogorum,
1064 4106 1159 4177 typo·

98 4195 224 4283 graphia
233 4194 382 4283 quotidie
391 4195 603 4260 mercenariae
616 4217 690 4259 suas
702 4192 1019 4283 operasaddicentes,
1033 4187 1158 4258 nullum

182 4301 209 4363 1.
617 4335 619 4340 ·
1007 4297 1028 4361 lt
