3192 5128
455 517 710 592 PRAEFATIO
740 522 910 591 PRIMA.
1171 550 1215 596 cv

6 709 8 732 ,
125 648 184 730 jus
204 671 323 715 remus
343 649 466 714 fractus
480 650 604 733 fuerat,
624 651 740 716 abiisse
753 653 862 716 solum
876 653 910 716 in
925 652 1056 734 silvam,
1074 670 1112 720 ut
1124 659 1215 722 evul.

5 733 7 792 l
131 777 205 820 sam
218 754 375 819 arborem
386 755 449 820 sibi
462 755 496 818 in
509 777 636 820 remum
645 773 785 845 aptaret;
797 758 902 846 Hylan
912 774 1021 822 autem
1031 761 1165 826 seorsim
1174 763 1217 828 ad

132 883 260 950 aquam
284 860 514 949 querendam,
533 879 572 926 ut
586 863 703 926 omnia
728 863 861 927 Herculi
884 886 1012 928 reverso
1033 864 1076 932 ad
1091 890 1216 934 coeuarn

135 983 250 1056 parata
258 983 383 1044 essent,
393 966 610 1032 contendisse.
622 971 711 1032 Dum
720 985 857 1034 auteme
866 969 959 1036 fonte
965 969 1074 1036 haurit
1081 995 1215 1061 aquam,

136 1097 156 1137 a
174 1072 336 1162 Nympha
351 1073 493 1160 rapitur3
510 1074 702 1138 clamantem
715 1073 847 1139 exaudit
859 1075 1094 1164 Polyphemus,
1106 1080 1162 1166 qui
1175 1080 1218 1145 ad

137 1203 217 1244 eum
230 1181 365 1260 locum,
379 1177 469 1244 unde
481 1203 545 1244 vox
559 1179 689 1262 andita,
703 1203 895 1265 accurrens,
912 1183 1039 1246 nullum
1052 1185 1156 1273 Hylan
1171 1186 1218 1259 ol·

137 1284 265 1366 lendit,
292 1307 457 1374 regressus
473 1309 550 1350 vern
562 1285 691 1351 obviam
707 1285 744 1350 lit
759 1288 911 1369 Herculi,
925 1305 1099 1377 narratque
1110 1291 1217 1378 Hylan

136 1393 309 1458 anavibus
323 1392 456 1475 abiisse,
476 1415 583 1482 neque
601 1393 743 1458 rediisse.
763 1397 955 1460 Commotus
970 1398 1125 1462 Hercules
1140 1399 1218 1466 illuc

138 1498 267 1580 tendit,
293 1514 327 1563 et
350 1498 554 1564 errabundus
570 1500 685 1588 quaerit
705 1501 829 1588 Hylan,
849 1517 1015 1589 totamque
1032 1518 1163 1569 noctem
1181 1505 1216 1569 in

140 1607 230 1669 silvis
254 1604 332 1693 agit.
355 1605 425 1669 Sub
446 1604 533 1669 diem
554 1606 680 1694 Tiphys
700 1606 850 1670 hortatur
865 1607 987 1689 socios,
1002 1624 1040 1671 ut
1055 1625 1154 1674 vento
1166 1610 1216 1674 fe-

139 1712 227 1776 renti
239 1727 390 1791 utantur,
403 1711 461 1799 qui
472 1710 589 1799 cupide
601 1733 779 1778 conscensa
791 1735 871 1776 nave
884 1712 1095 1795 auferuntur,
1109 1738 1216 1804 neque

138 1819 290 1881 sentiunt
312 1817 488 1880 Herculem
508 1817 639 1899 abesse,
659 1817 722 1882 nisi
736 1839 839 1904 quum
851 1818 916 1896 jam
930 1817 1088 1884 illuxerat.
1103 1820 1216 1886 Oritur

138 1947 303 2005 murmur,
320 1925 418 1988 lason
432 1924 529 1987 tristis
546 1923 651 2006 se'det,
667 1947 729 1988 nec
743 1925 847 1988 ullum
863 1924 982 1988 emittit
998 1925 1153 2010 verbum,
1166 1951 1217 1992 so·

138 2033 189 2095 hrs
209 2031 369 2095 Telamon
392 2030 536 2117 erumpit
550 2031 584 2094 in
599 2029 717 2112 rerba,
736 2045 770 2094 et
789 2031 996 2118 impatienter
1016 2031 1079 2094 fert
1096 2031 1214 2096 absen-

140 2139 217 2202 tiam
231 2135 403 2216 Herculis,
418 2136 511 2215 cujus
525 2136 684 2224 impetum
696 2135 810 2200 sedant
823 2136 995 2223 Aquilonis
1009 2135 1086 2218 filii,
1103 2153 1136 2202 et
1147 2155 1215 2204 tan·

139 2243 233 2323 dem,
254 2241 346 2329 quasi
361 2263 400 2304 ex
413 2240 583 2323 machina,
598 2264 617 2304 e
630 2242 711 2305 mari
724 2241 860 2330 emergit
874 2241 1035 2321 Glaucus,
1052 2238 1109 2330 ¹qni
1121 2243 1216 2324 jubet

138 2351 298 2414 facessere
323 2345 520 2412 desiderium
541 2348 710 2428 Herculis3
732 2350 799 2411 fato
821 2347 909 2412 enim
934 2346 1047 2412 datum
1070 2371 1157 2430 esse,
1177 2367 1215 2414 ut

138 2455 297 2520 Hercules
311 2451 463 2516 aberrans
479 2451 623 2540 reliquos
635 2475 674 2516 ex
686 2451 860 2518 duodecim
872 2453 1038 2518 laboribus
1050 2454 1211 2539 absolvat,

139 2577 172 2625 et
185 2560 286 2649 Hylas
299 2557 461 2647 Nymphae
476 2557 677 2646 jungeretur.
699 2557 791 2641 Quid
808 2558 842 2620 in
858 2557 909 2621 his
927 2559 1080 2627 omnibus
1097 2558 1212 2626 admo·

139 2667 219 2732 dnm
235 2663 481 2752 suspiciendum
499 2664 556 2744 sit,
570 2679 627 2728 ant
640 2664 904 2752 poeticispiritns
917 2687 983 2728 non
997 2665 1109 2748 video,
1128 2689 1210 2756 pre·

139 2773 251 2838 sertim
265 2772 293 2835 si
305 2772 378 2859 quis
391 2770 538 2834 conferat
550 2771 752 2834 Valerianum
765 2771 993 2836 narrationem.
1012 2771 1211 2842 luducitille

139 2879 314 2946 Heroidem
330 2878 449 2942 comite
463 2877 546 2964 Hyla
562 2876 596 2939 in
614 2876 707 2940 silvas
726 2875 919 2956 abeuntem
937 2874 995 2940 sed
1015 2899 1082 2942 non
1099 2896 1166 2944 erat
1184 2882 1211 2946 is

140 2985 316 3065 Hercules,
333 2984 387 3047 cni
406 3005 482 3047 casu
496 2980 659 3070 quodam,
675 2983 726 3045 rel
741 3005 759 3044 a
776 2981 921 3070 nympha
936 2981 1091 3068 quadam,
1108 2986 1213 3052 mino·

141 3115 215 3157 rum
239 3091 387 3182 gentium
415 3089 494 3165 dea,
521 3090 641 3153 malurn
664 3089 765 3153 creari
788 3104 906 3177 posset.
931 3089 1054 3178 Regina
1075 3090 1211 3158 dearum

142 3201 248 3280 luno,
269 3221 341 3287 quse
360 3219 489 3285 semper
506 3211 604 3285 caput
625 3195 693 3276 ejus
715 3186 798 3260 odiis
819 3195 972 3284 urgebat,
995 3212 1062 3260 rata
1083 3212 1211 3288 tempus

141 3303 298 3387 nocendi,
311 3301 455 3378 Pallada,
469 3324 568 3389 quam
581 3302 609 3366 ei
621 3301 728 3368 lavere
743 3301 864 3366 sciebat
874 3353 882 3382 ,
894 3299 1090 3391 aggreditur,
1104 3319 1137 3367 et
1143 3305 1211 3372 ‚sub

141 3411 235 3476 titulo
252 3410 397 3500 quodam
418 3409 557 3473 honesto
577 3408 693 3496 procul
709 3408 843 3496 ablegat.
860 3406 944 3473 Vide
967 3431 1065 3496 qrmm
1084 3411 1211 3502 egregie

141 3543 199 3607 per
212 3519 391 3582 ministeria
406 3517 540 3582 dearum
556 3516 610 3582 hic
625 3516 775 3605 spiritum
788 3516 966 3604 praecipitet
979 3533 1094 3604 poeta;
1112 3541 1210 3605 quam

141 3626 289 3714 praeclare
308 3624 350 3688 de
368 3624 508 3688 Hercule
526 3621 642 3712 lingat,
662 3644 759 3709 quem
780 3643 897 3703 nemo,
915 3621 976 3686 nisi
993 3621 1073 3704 dea,
1095 3647 1210 3692 vexare

140 3731 299 3814 audebat3
316 3751 413 3818 qnam
430 3729 553 3792 nullam
569 3728 697 3792 omittat
711 3729 797 3793 Jnno
812 3728 986 3792 Herculem
1002 3728 1141 3792 laedendi
1154 3755 1210 3796 oc·

140 3841 314 3904 maionem.
331 3839 485 3928 Ablegata
500 3836 645 3919 Pallade,
669 3836 780 3915 luno,
805 3835 885 3899 dum
909 3836 1024 3923 quierit
1050 3838 1209 3904 rationem

141 3946 265 4012 consilii
281 3942 481 4033 exsequendi
500 3943 590 4031 (non
613 3942 698 4010 enirn
717 3957 825 4030 aperta
841 3942 872 4003 vi
889 3942 1060 4006 Herculem
1082 3945 1212 4034 aggredi

141 4050 310 4138 sustinet),
319 4049 411 4116 videt
426 4051 565 4114 chorum
582 4048 800 4137 nympharum
818 4047 1017 4128 venantium,
1035 4071 1072 4112 ex
1090 4051 1211 4136 quibus

139 4157 315 4244 Dryopen,
334 4177 425 4244 quae,
449 4155 610 4220 Herculeo
633 4154 760 4241 fragore
778 4174 948 4241 percussa,
969 4152 1095 4217 fontem
1113 4176 1211 4220 suum

139 4263 323 4350 repetebat,
342 4263 377 4326 in
401 4284 544 4336 amorem
566 4258 790 4325 formosissimi
811 4259 904 4345 pueri
928 4259 1018 4347 Hylae
1039 4259 1210 4345 sollicitat3

229 4369 254 4432 1·
1031 4389 1057 4451 s
