3246 5112
446 507 835 574 succunurrcou
862 507 947 570 sm.
971 505 998 568 1.
1209 499 1248 586 ⁵7

233 641 366 706 Excussi
381 638 530 704 manibus
545 640 641 720 remi,
655 657 871 724 conversaque
887 635 1028 700 frontem
1124 643 1126 648 '

233 755 356 844 Puppis
371 754 405 817 in
422 753 593 841 obliquum
609 773 743 816 resonos
759 751 856 814 latere
872 749 988 836 accipit
1002 749 1101 827 ictus;

234 869 314 932 Vela
330 889 427 955 super
447 865 621 930 tremtdum
640 864 764 927 subitus
783 862 946 926 volitantia
964 861 1085 924 malum
1211 879 1251 918 ε..

234 981 347 1046 Turbo
360 982 453 1070 rapit.
471 981 537 1063 Qui
555 996 623 1042 tum
638 979 757 1067 Minyis
770 973 1005 1064 trepidantibus
1017 976 1152 1039 horror!

236 1100 347 1182 Quum
365 1100 448 1189 picei
466 1100 584 1163 fulsere
600 1101 683 1188 poli,
699 1093 912 1188 pa'vidamque
928 1119 1068 1161 coruscoe

235 1217 320 1278 Ante
334 1229 434 1278 ratem
451 1213 595 1278 cecidere
610 1213 710 1294 faces,
726 1227 931 1299 antennaque
948 1211 1027 1276 laevo
1099 1279 1101 1284 ,

233 1329 341 1392 Prona
354 1327 571 1392 dehiscentem
585 1350 689 1392 cornu
704 1348 807 1416 quum
823 1327 951 1390 sustulit
966 1325 1105 1390 undam!

235 1445 310 1508 Non
327 1443 467 1510 hiemem
483 1445 663 1531 missosque
679 1459 795 1531 putant
809 1465 1004 1532 consurgere
1019 1457 1133 1507 ventos
1211 1465 1250 1504 sn

235 1559 357 1648 Ignari,
374 1558 430 1623 sed
446 1561 507 1623 tale
522 1559 651 1623 fretum.
666 1560 750 1623 Tum
767 1579 933 1622 murmure
950 1574 1083 1622 moesto:

235 1707 248 1729 a
260 1676 330 1739 Hoc
347 1691 429 1756 emt,
447 1674 571 1738 illicitas
590 1689 745 1738 tcmemre
764 1657 954 1737 rudentibus
972 1671 1090 1753 undas,

237 1787 335 1870 Quod
355 1788 457 1852 nostri
471 1789 608 1852 timuere
626 1803 750 1876 putres:
767 1787 821 1851 vix
836 1786 930 1850 litore
947 1787 1083 1874 puppim

235 1902 409 1986 Solvimus,
423 1925 463 1967 en
479 1919 601 1991 quanto
614 1902 746 1994 fremitu
762 1923 796 1965 se
813 1901 942 1964 sustulit
954 1901 1075 1990 AEgan!
1090 1917 1093 1922 '

236 2018 378 2082 Hoccine
393 2021 528 2108 Cyaneae
544 2032 743 2083 concurrunt
759 2038 888 2106 aequore
904 2015 1030 2080 cautes?
1211 2039 1251 2076 sn

234 2132 369 2195 Tristius
384 2155 426 2196 an
442 2132 565 2196 miseris
582 2146 729 2220 superest
744 2130 853 2194 mere?
867 2130 1019 2218 linquite,
1033 2144 1140 2211 terres,

234 2247 330 2335 Spem
348 2247 468 2336 pelugi,
483 2269 654 2336 sacrosque
671 2247 790 2310 iterum
807 2245 953 2332 seponite
970 2242 1117 2308 fluctus.»

280 2362 355 2424 Haec
372 2361 503 2457 iter-ent,
521 2362 611 2449 segni
630 2358 739 2423 flentes
758 2358 951 2422 occumbere
969 2358 1044 2421 leto.

236 2475 458 2564 Magnanimus
476 2489 597 2563 spectat
612 2473 776 2563 pharetras
794 2487 826 2536 et
844 2472 957 2536 inutile
972 2472 1074 2536 robur

221 2671 275 2732 619.
287 2672 424 2718 damnvm.
434 2674 554 2718 etBonon.
565 2669 634 2716 codd.
646 2670 734 2714 Bonon.
747 2667 759 2712 1
770 2676 793 2714 et
806 2664 837 2713 ll.
848 2667 912 2712 Junt.
928 2665 980 2712 dld.
992 2665 1052 2712 Vide
1062 2667 1151 2714 llsinsii
1160 2677 1248 2715 noum.

191 2749 282 2810 -ta9.
293 2751 440 2814 thuento..
449 2753 547 2814 ,ὤμω
556 2747 631 2796 codd.
641 2757 666 2793 et
673 2747 726 2794 edd.
736 2760 824 2792 omnes.
834 2745 877 2792 llo.

228 2919 290 2968 621.
312 2915 364 2982 Qui
385 2925 442 2968 tum
464 2916 562 2989 Minyis
584 2913 696 2978 horror,
740 2933 767 2965 se
789 2915 883 2964 nuntie
902 2915 1007 2979 Eget,
1030 2914 1141 2984 AEgeurn
1164 2931 1247 2967 mure.

192 3013 265 3060 weris
270 2997 336 3062 picei
335 2997 432 3064 fitlsere
438 2999 492 3064 poli
496 3035 503 3056 ,
516 3014 546 3048 ex
556 2994 637 3067 nigris
649 3012 697 3046 nu·
740 2990 810 3044 Vide
820 2992 870 3054 tv,
885 2993 947 3060 715.
958 2989 1068 3044 lliccine
1078 2994 1134 3065 jam
1148 3012 1249 3044 concurr·

190 3073 268 3126 hihns
276 3072 408 3128 elidunttu
420 3075 525 3146 fidgura
533 3113 542 3139 ,
553 3087 697 3128 manum
740 3087 809 3133 nent,
826 3090 875 3144 pro
886 3069 999 3143 simplici
1005 3082 1091 3135 sunt,
1109 3071 1247 3125 inveniun-

192 3155 252 3203 lrerc
270 3171 344 3204 como
356 3169 439 3220 pruna
447 3189 456 3214 ,
477 3155 546 3207 melo
569 3153 696 3225 delapsa,
740 3161 797 3214 tur,
815 3149 861 3204 sed
873 3169 933 3203 cum
948 3162 1068 3222 respectu
1086 3149 1121 3203 sd
1133 3170 1247 3222 grecum

192 3234 350 3284 dehiscentem
366 3235 458 3284 tutudit
470 3237 577 3321 gudam,
596 3231 696 3286 undum
740 3229 948 3305 eupnllpudee...
957 3233 1057 3298 linquite
1065 3244 1150 3292 teme,
1164 3231 1247 3284 homi-

191 3309 296 3373 hserit,
311 3321 336 3363 et
354 3309 454 3374 insere
474 3322 562 3364 tecum
577 3311 648 3385 rupit
666 3329 697 3364 ex
739 3329 786 3364 nes
811 3310 839 3362 in
859 3309 1003 3362 continenti
1022 3309 1156 3372 virentes,
1180 3331 1246 3379 span

192 3386 313 3441 fluetibus
325 3389 468 3443 hiantibus.
734 3393 822 3459 pelagi
827 3427 835 3450 ,
851 3407 997 3456 sacrosque,
1013 3407 1079 3461 quos
1095 3400 1196 3442 tentate
1207 3408 1249 3442 re·

225 3468 520 3522 626.Nescichuntvero
528 3470 695 3540 Argonauta,
739 3469 804 3540 ligio
814 3480 869 3532 est,
881 3471 987 3535 seponite
987 3471 1088 3538 finnus,
1103 3467 1246 3538 navigandi

192 3543 260 3598 hene
268 3545 382 3599 hisnem
393 3565 409 3599 t
420 3546 469 3600 diis
479 3547 528 3602 sihi
540 3547 695 3610 immissam,
738 3547 855 3601 studium
864 3545 996 3600 dimittite.

191 3621 238 3676 sed
252 3629 303 3676 tale
305 3626 400 3693 frenm
409 3625 479 3678 hene
489 3625 568 3678 muris
582 3645 638 3678 esse
650 3643 697 3678 ns·
776 3629 836 3681 633.
850 3632 910 3678 Hae
919 3629 1019 3692 iterant,
1034 3629 1198 3697 segnificam
1208 3649 1250 3680 oe-

192 3704 694 3774 tus-amputabantTummoestisecum:
739 3710 848 3760 eunden
866 3711 921 3758 leto.
945 3706 1030 3777 Segne
1051 3703 1131 3758 letum
1149 3707 1251 3761 ovidio

191 3786 243 3832 11oe
261 3797 328 3842 erat,
347 3797 465 3834 tememte
482 3786 578 3835 illicitat
597 3787 695 3846 tristius,¹
739 3786 918 3849 MetstnNII,
929 3785 1161 3850 544;inersVlII‚
1177 3789 1247 3851 5183

190 3862 352 3924 meruimus,
374 3862 419 3932 qui
439 3861 512 3933 qudd
533 3863 606 3915 nefus
630 3873 698 3915 esset
739 3867 854 3931 ἑμανιιηι
862 3863 1250 3935 Sil.ltslic.XIV,607;igno-

190 3936 238 4008 (de
246 3951 343 3993 temere
355 3939 428 3992 enim
439 3941 547 4004 illicite,
559 3959 601 3994 res
614 3941 697 4013 inpri·
739 3947 797 4002 bile,
807 3960 902 4014 nempe
912 3955 967 4006 est,
981 3945 1024 3996 cui
1037 3945 1179 3998 avertendo
1191 3946 1247 3999 fru-

190 4017 697 4094 missucrss(eggredieutihususurpsut
738 4033 793 4074 stru
811 4021 880 4074 vires
899 4021 1037 4086 intendas,
1055 4023 1127 4095 quod
1145 4025 1248 4079 fortiter

190 4099 220 4152 sl
226 4103 361 4168 tenerare),
372 4101 570 4171 susceperimus,
581 4104 648 4168 qued
654 4121 698 4152 no-
739 4113 860 4172 oppetere
874 4119 927 4153 non
940 4102 1031 4174 possis.
1045 4103 1103 4156 Hoc
1112 4103 1197 4157 doluit
1208 4105 1249 4156 in-

190 4180 233 4226 stri
244 4181 463 4246 nhsuereparentes
480 4179 687 4251 sapientiores...
736 4180 827 4251 primis
850 4185 1023 4250 magnanimus
1045 4188 1177 4243 Hes-eules,
1199 4183 1246 4252 qui

190 4255 232 4310 vix
244 4257 430 4329 enavigamus,
449 4280 479 4312 en
495 4274 586 4326 quante
592 4261 693 4327 fremitu
736 4271 834 4330 spectet
843 4257 994 4330 pharentes,
1009 4273 1109 4334 spectat
1119 4263 1249 4322 lacertos,
