3226 5114
377 563 1437 600 mmmflssfflmmmmmmfflmm

649 740 695 804 IN
731 742 917 820 LIBRUM
948 741 1174 808 TERTIUM

527 941 1293 1082 ARGONAUTICON

807 1223 850 1309 N
862 1222 1013 1312 OTAE

659 1445 812 1523 NOVI
854 1447 1161 1526 EDITORIS.

719 1667 1111 1700 *stom-m

414 1815 449 1867 V.
462 1833 485 1866 1.
525 1819 604 1866 Tertia
610 1817 666 1882 jam
673 1817 771 1881 gelidas
782 1817 895 1866 Tithonia
901 1818 1006 1866 solveras
1013 1817 1122 1874 wnbras,

518 1905 679 1964 Extremique
687 1903 782 1966 polum.

380 2012 413 2062 Tb
429 2029 519 2059 exuere
529 2012 612 2078 polum
623 2007 666 2059 vel
679 2011 763 2058 celum
775 2007 877 2078 ellipsin
889 2008 984 2062 habes:
1000 2009 1114 2064 subaudi
1122 1976 1220 2063 umbris.
1232 2009 1356 2080 Ejusdem
1372 2011 1442 2064 modi

379 2091 497 2154 locutio,
510 2095 601 2142 vestire
617 2093 721 2152 himine,
742 2091 858 2144 occurrit
871 2093 942 2164 opud
957 2091 1097 2165 Vingilium
1111 2132 1117 2157 ‚
1133 2097 1194 2148 En,
1211 2095 1267 2158 vl,
1281 2097 1346 2158 eso:

518 2207 616 2268 Largior
624 2208 661 2254 bie
673 2223 768 2270 campos
777 2209 848 2254 estber
857 2217 880 2254 et
887 2208 976 2254 lumine
984 2209 1052 2255 vestit

519 2289 651 2348 Purpureo;
663 2288 783 2349 solemque
796 2303 875 2341 sunm,
889 2302 931 2333 sue
942 2287 1017 2334 sidere
1029 2298 1123 2335 norunt.

417 2423 453 2474 V.
465 2426 491 2475 6.
526 2460 815 2476 .................
821 2429 941 2496 sedquem
951 2445 997 2476 sua
1006 2440 1063 2475 noto

523 2512 589 2560 colle
592 2529 640 2578 per
647 2524 758 2578 angusta
768 2512 855 2560 Lesbos
856 2511 928 2578 freta
937 2513 1047 2580 suggerit
1059 2514 1150 2562 Helles.

380 2625 430 2670 sua
442 2631 530 2692 posset
543 2622 620 2694 jungi
637 2639 699 2674 cum
708 2623 798 2690 fresa,·
819 2622 1072 2696 intelligendumque
1086 2636 1173 2688 esset,
1189 2625 1334 2698 Cyzicenos
1347 2625 1444 2677 Helles

381 2715 491 2773 pontum
507 2704 596 2758 dicere
617 2727 700 2769 suum,
723 2718 830 2777 propter
851 2706 989 2760 vicinium.
1011 2706 1064 2761 Sed
1086 2707 1190 2761 facilius
1204 2707 1342 2772 videntur,
1356 2709 1378 2762 si
1398 2729 1443 2760 sun

378 2789 506 2857 jungatur
527 2808 589 2841 cum
609 2793 707 2841 Lesbos.
726 2789 775 2841 Cui
797 2801 882 2843 antem
901 2791 1032 2844 referatur
1045 2792 1123 2844 Lesbi
1135 2792 1282 2864 possessio?
1293 2793 1444 2866 Cyzicenis,

380 2889 433 2922 non
443 2873 587 2942 probabile.
598 2873 691 2925 Malim
704 2894 750 2925 sua
763 2873 856 2927 referri
868 2878 982 2936 Baccho,
998 2895 1025 2926 v.
1043 2875 1057 2926 b
1069 2877 1185 2929 :Lesbos
1200 2877 1270 2928 enim
1279 2874 1377 2930 dilecta
1387 2888 1445 2930 erat

381 2955 485 3009 Baccho
498 2995 505 3019 ,
520 2968 626 3029 propter
640 2957 696 3010 vini
706 2957 746 3010 sui
756 2957 943 3029 praestantiam.
958 2959 1078 3013 Bacchus
1090 2959 1175 3014 dictus
1191 2972 1228 3014 est
1241 2963 1416 3026 Methymnam
1429 2979 1445 3012 a

380 3039 550 3114 Methymno,
561 3043 640 3113 hujus
649 3043 741 3095 insulas
749 3043 831 3106 urbe;
843 3061 873 3097 ae
883 3044 1023 3096 verisimile
1030 3055 1069 3098 est
1077 3049 1262 3111 Methymnoenm
1272 3061 1338 3107 esse,
1347 3043 1445 3098 collem

381 3141 459 3193 quem
472 3125 592 3179 Valerius
608 3125 695 3180 innuit
706 3125 748 3178 his
758 3126 845 3179 verbis
857 3165 864 3189 ,
879 3142 936 3178 noto
946 3132 1018 3180 solie.
1034 3128 1102 3181 Vide
1113 3128 1208 3200 virgil.
1224 3127 1320 3204 Georg.
1333 3130 1361 3180 11
1372 3168 1381 3193 ,
1392 3129 1443 3195 89:

521 3244 573 3288 Non
583 3243 664 3289 eedem
674 3243 797 3288 arboribus
806 3243 894 3304 pendet
905 3242 1021 3290 vindemie
1033 3244 1131 3298 nostris,

520 3318 595 3374 Quem
603 3318 759 3375 Methymnseo
770 3318 845 3378 oerpit
853 3317 883 3363 de
892 3317 987 3378 pslmite
998 3317 1093 3364 Lesbos.

416 3462 451 3512 V.
467 3465 497 3526 34
502 3498 791 3514 .................
797 3467 903 3529 veloque
916 3467 1065 3514 procnesson

524 3549 604 3610 Teque
616 3548 687 3594 etiam
697 3549 776 3596 medio
776 3547 926 3615 flaventem,
941 3550 1090 3606 libandans,
1098 3562 1192 3615 ponto,

521 3633 710 3696 Spumosumque
722 3632 898 3696 leguntsrneea
912 3633 1057 3694 scylaceion
1068 3635 1148 3682 ursda.

381 3747 529 3791 Proconesus
540 3757 585 3791 seu
599 3747 759 3792 Proconessns
774 3759 870 3796 nomen
884 3755 922 3795 est
934 3743 1025 3796 insulae
1037 3743 1065 3796 in
1078 3743 1239 3816 Propontide
1251 3787 1259 3811 ,
1271 3745 1363 3799 sodina
1377 3746 1445 3817 lapi-

381 3822 423 3873 dis
432 3821 614 3874 celeberrime.
632 3821 702 3876 Vide
713 3823 797 3878 Strab.
812 3825 991 3900 lih.xl11,p.
1003 3829 1064 3881 588.
1079 3832 1239 3894 Rhyndacus,
1253 3841 1326 3882 ortus
1338 3830 1366 3882 in
1377 3831 1445 3882 Aza-

380 3905 478 3972 nitide‚
489 3906 515 3957 in
526 3907 711 3977 Propontidem
721 3908 771 3960 exit
781 3907 852 3978 apud
861 3909 1000 3963 Leshicnm
1011 3912 1133 3964 insulam.
1140 3911 1206 3966 Vide
1212 3913 1298 3966 strab.
1310 3912 1355 3965 lib.
1365 3913 1445 3979 xm,

381 4011 409 4060 p.
421 3991 483 4060 576.
493 3995 609 4055 Scylacen
622 3991 744 4064 Pelasgos
758 3991 891 4047 habitasse
902 3993 1052 4050 Herodotus
1061 3997 1158 4062 refert,
1174 3998 1201 4061 l,
1215 3997 1258 4066 57.

417 4137 451 4187 V.
467 4141 501 4206 49
505 4172 634 4188 ........
637 4143 752 4204 possead
762 4140 855 4188 medias
863 4159 912 4208 per
918 4143 988 4191 devia
1002 4157 1083 4194 noctes

379 4217 381 4220 ’
521 4224 651 4289 διαζσνιιιη
662 4227 724 4274 latus
729 4262 737 4286 ,
748 4239 772 4274 ec
783 4239 856 4276 torvoe
864 4243 934 4275 coma
946 4227 1015 4277 sibila
1022 4225 1125 4293 frontis.
