3196 5120
397 493 457 556 190
632 423 637 438 ’
692 469 1152 536 c.vntnn11rnaoc1

435 604 497 668 Per
513 602 656 668 medium
672 617 823 666 contenta
839 603 942 691 fugit3
955 604 1021 666 ruit
1036 603 1088 666 ille
1107 605 1248 666 comanti

435 717 501 780 Ore
518 718 622 781 facem
636 739 747 804 supra,
764 717 932 804 majorque
947 717 1095 805 apparuit
1110 717 1204 806 ignis.

433 832 640 896 Ambrosium
658 830 789 912 Peleus,
808 830 973 920 ingentem
989 833 1127 894 Ancaeus
1143 831 1293 895 Ethelum

431 947 572 1026 Sternit,
591 961 623 1009 et
639 945 727 1008 claun
743 943 877 1032 propius
896 942 1070 1008 succedere
1083 943 1202 1035 dextrae

430 1063 624 1126 Telecoonta
640 1059 734 1139 sinit,
751 1058 977 1146 duplicataque
994 1079 1051 1121 ora
1066 1059 1172 1122 securi

433 1174 566 1255 Disjecit
578 1173 702 1238 cervice
718 1186 830 1252 tenus3
849 1171 946 1235 simul
958 1193 1069 1259 aspera
1084 1172 1189 1236 vietor

432 1291 571 1379 Cingula
587 1287 742 1352 sublustri
756 1287 913 1352 vibrantia
929 1284 1070 1350 detrahit
1084 1287 1210 1352 umbra.

431 1407 538 1487 «HaS,
556 1425 686 1492 precor,
701 1401 829 1466 exuvias
846 1417 879 1464 et
896 1401 999 1490 prima
1017 1398 1189 1484 cadavera,
1206 1401 1341 1482 Nestor,

431 1520 600 1608 Linquite,
614 1519 677 1600 ait3
692 1517 778 1580 ferro
794 1515 903 1605 potius
920 1515 1000 1579 mihi
1016 1515 1163 1598 dextera,
1178 1518 1263 1582 ferro

430 1638 532 1702 Navet
546 1653 892 1722 opus»;prensumquc
905 1653 1005 1694 manu
1014 1629 1186 1696 detruncat
1197 1635 1398 1716 Amastrum,
1413 1657 1448 1700 su

432 1745 643 1829 Diversaeque
659 1739 757 1804 simul
772 1739 878 1804 socios
892 1738 1043 1802 invadere
1057 1755 1179 1804 turmas

431 1856 621 1922 Admonuit.
639 1855 784 1944 Pergunt
798 1869 891 1943 rupta
907 1853 1070 1918 testudine
1088 1855 1169 1936 fusi,

430 1973 506 2056 Qua
518 1969 657 2036 tenebrae
668 1968 839 2057 campique
856 1969 974 2033 ferunt.
988 1967 1101 2034 Gravis
1119 1969 1243 2035 invenit
1254 1971 1382 2036 Ochum

429 2086 571 2167 Phleias,
589 2100 621 2148 et
636 2081 763 2172 trepido
781 2082 896 2146 Pollux
914 2083 1106 2173 impingitur
1121 2084 1243 2150 Hebro.

430 2202 503 2288 lpse
520 2221 617 2288 super
633 2197 759 2279 vultus,
776 2196 918 2284 taboque
936 2196 1076 2262 labantia
1094 2213 1197 2288 terga,
1412 2221 1447 2258 ¹5⁰

418 2396 469 2444 138.
486 2393 606 2442 Acisclum.
622 2395 712 2441 Bonon.
724 2393 778 2440 cod.
795 2393 885 2438 bonon.
896 2393 907 2438 1
919 2403 943 2438 et
953 2393 985 2439 11.
999 2395 1063 2440 lunt.
1077 2395 1193 2441 rmum.
1204 2365 1320 2458 bld.1ioat
1331 2397 1405 2444 Pium
1417 2425 1447 2434 -

387 2484 438 2531 tio.
455 2475 614 2536 Delicataqne.
625 2473 701 2520 vatic.
714 2475 805 2520 Bonan.
822 2481 846 2518 et
859 2473 924 2518 Car-ra
941 2471 1012 2518 codd.
1025 2473 1172 2538 Dejectaque.
1182 2465 1292 2522 bonoml
1308 2487 1331 2524 et
1346 2479 1375 2523 ll.
1384 2480 1445 2524 Junt.

384 2555 460 2601 Colin.
470 2562 515 2600 ete.
530 2555 674 2614 Desectaque
691 2550 745 2596 lom.
761 2550 813 2597 tlt.
825 2549 980 2613 Deductaque.
996 2551 1070 2598 Gron.
1082 2551 1185 2598 Adducta
1195 2554 1232 2600 vel
1244 2549 1448 2618 duplicatajflein·

384 2634 431 2680 sius
441 2649 447 2679 :
457 2632 497 2680 uti
508 2631 580 2678 aliud.
599 2657 630 2667 -
647 2631 827 2686 141.Diesecuit.
837 2629 963 2676 Sabellicus
973 2639 996 2676 et
1008 2632 1111 2676 Gronov.
1125 2658 1157 2667 -
1167 2632 1219 2688 143.
1229 2635 1331 2680 Exuvias
1341 2645 1363 2679 et
1372 2638 1447 2697 opima

383 2714 493 2761 cadavera
503 2722 588 2759 nostra.
597 2709 673 2756 Vstie.
682 2712 803 2756 ethonore.
814 2708 884 2755 codd.
900 2711 990 2756 bonon.
1004 2711 1015 2756 1
1026 2719 1050 2756 et
1058 2711 1089 2756 ll.
1098 2712 1111 2756 J
1113 2720 1162 2758 unt.
1170 2719 1215 2758 etc.
1228 2713 1260 2757 lte
1268 2721 1343 2759 tamen
1356 2713 1421 2760 abest
1432 2704 1451 2760 ι’

384 2792 460 2840 Vatie.
477 2791 530 2838 cod.
545 2791 662 2840 Exuviase
682 2791 779 2852 aprima
792 2788 921 2843 cadavera,
934 2798 1019 2834 nostro.
1032 2790 1097 2835 sarr.
1114 2790 1167 2836 cod.
1183 2793 1286 2838 Exuvias
1296 2796 1400 2854 etapium
1411 2810 1446 2839 aa·

383 2873 466 2918 devera
483 2873 569 2918 Nectar.
587 2869 641 2916 Ald.
661 2871 762 2914 Exuvias
778 2879 801 2914 et
814 2869 891 2930 prime
908 2868 1018 2914 cadavera
1033 2872 1121 2917 Nestor.
1140 2870 1240 2916 Zinzerl.
1258 2872 1332 2918 Gron.
1346 2899 1377 2906 -
1395 2880 1444 2928 τῇ.

382 2952 464 2999 Flerto.
473 2953 563 2997 Bonam
573 2949 625 2994 cod.
636 2948 698 2994 Pius.
707 2949 791 2994 Mater.
800 2951 897 2996 Feretro.
906 2947 957 2994 atd.
968 2948 1044 2996 Colin.
1053 2951 1121 2996 Voss.
1130 2975 1161 2986 -
1171 2949 1223 3005 146.
1230 2950 1273 2996 llic
1284 2950 1351 2998 deest
1364 2950 1446 2998 lolium

383 3031 500 3091 integrum
511 3028 536 3075 in
546 3027 622 3076 vinc.
632 3027 709 3074 noda
725 3043 747 3073 r.
761 3026 805 3080 146
817 3025 849 3072 ad
862 3025 912 3074 186.
922 3027 966 3073 Eo.

382 3201 438 3258 ille,
454 3193 564 3258 incidit,
574 3213 617 3246 ore
629 3195 749 3252 comanti,
764 3191 831 3244 bene
843 3208 889 3242 co·
971 3189 1031 3256 ret.
1049 3196 1130 3244 ana
1141 3198 1264 3246 cadavera
1278 3198 1395 3262 linquite,
1407 3191 1443 3251 nil

383 3288 456 3327 mato
468 3274 569 3345 capite,
584 3272 611 3323 in
624 3272 707 3342 ipsam
724 3271 824 3332 lacem,
838 3289 890 3320 ma·
933 3269 983 3322 niti
1007 3270 1131 3342 primitie
1157 3272 1269 3326 caedium
1291 3286 1375 3342 sunt,
1398 3275 1442 3328 sed

377 3358 468 3422 jorque
485 3356 598 3422 apparuit
610 3355 687 3420 ignis,
697 3349 829 3403 cesariem
842 3367 889 3418 ap·
932 3348 974 3402 his
990 3368 1043 3403 non
1055 3352 1169 3406 contenti
1183 3354 1271 3423 plures
1285 3355 1428 3410 cedamus.

383 3432 556 3506 prehendens.
579 3432 649 3484 Tota
668 3429 756 3500 imago
778 3426 889 3480 nimium
973 3437 1031 3499 147.
1047 3436 1361 3501 Pergantruptatestudine
1370 3438 1440 3505 susi,

380 3515 497 3586 quesita,
933 3509 1071 3562 referenda
1087 3509 1122 3562 nd
1141 3531 1166 3564 v.
1182 3514 1226 3582 87,
1241 3515 1286 3566 ubi
1306 3516 1438 3588 agglome-

420 3595 478 3646 138.
491 3593 550 3646 Jnm
563 3592 621 3644 alim
635 3587 720 3642 caedes
737 3603 887 3640 memoran-
931 3588 1068 3651 rebantur,
1078 3587 1218 3663 densisque
1226 3593 1380 3648 thoracibus
1390 3608 1450 3648 sta--

380 3687 434 3736 tur,
444 3673 578 3744 inquibus
589 3689 643 3722 non
659 3667 887 3738 nisieiogulavcn-
930 3665 1012 3731 bant;
1029 3671 1166 3740 jamvero
1185 3672 1246 3743 vagi
1264 3673 1352 3727 hostes
1373 3674 1438 3728 edo·

380 3753 412 3804 ba
432 3750 583 3822 explicanda
601 3747 723 3802 veniunt.
741 3747 797 3810 sic,
820 3752 891 3809 140,
930 3745 1043 3802 ritmtur.

380 3834 529 3898 duplicatam
546 3831 647 3880 securim
663 3826 706 3880 alii
719 3825 795 3880 aliter
805 3843 886 3896 expo·
969 3827 1027 3880 150.
1042 3833 1099 3895 Ipse
1111 3833 1165 3882 dinc
1177 3827 1258 3884 Jason
1272 3839 1438 3898 superemines

380 3921 447 3962 ttttnt
462 3928 469 3960 τ
487 3907 551 3960 mihi
565 3925 627 3960 vero
644 3917 683 3958 eat
699 3906 740 3960 vel
756 3908 865 3973 bipennis
877 3941 886 3968 ,
929 3924 1021 3966 caesos,
1037 3905 1124 3960 hostes
1135 3927 1181 3962 ore
1192 3909 1304 3965 humum
1316 3931 1447 3984 paemen.

379 3989 422 4042 tel
441 3989 481 4041 bis
498 3988 620 4060 repetita,
636 3985 677 4038 uti
697 3988 883 4052 congeminata,
929 3993 982 4045 tes,
1002 3989 1105 4053 taboque
1129 3991 1255 4050 labantia,
1281 4009 1376 4045 cruore
1400 3992 1439 4046 lu·

380 4067 433 4130 Vl,
446 4069 507 4137 379.
930 4063 1019 4128 brien,
1033 4079 1117 4132 terga,
1137 4072 1219 4136 campi
1236 4074 1374 4137 Martisque
1390 4092 1437 4141 po·

418 4155 475 4210 ¹4¹·
485 4152 579 4216 Aspera
586 4142 741 4211 eingnln‚vel
749 4161 798 4195 acu
805 4140 886 4211 pieta,
930 4157 991 4202 tens,
998 4156 1119 4214 apertum
1127 4146 1303 4219 tibicnmpnut
1312 4169 1439 4220 pugnant·

378 4228 420 4281 vel
434 4225 530 4289 bullis,
544 4221 585 4275 vel
599 4221 725 4274 caelaturis
737 4219 869 4274 distincta.
930 4220 1083 4293 quevidcns
1093 4227 1341 4296 ,tetcacapraefimdo
1353 4233 1436 4290 hietas,
