3116 5102
352 558 383 621 N
392 559 480 621 OVI
511 558 752 623 EDITORIS
782 560 813 622 N
822 556 939 624 OTAE.
1119 559 1178 645 391

125 673 176 730 luit
188 668 357 742 Proserpina.
371 671 464 724 Eunai
483 671 541 742 agri
554 670 756 743 descriptionem
769 671 831 726 vide
846 672 917 743 apud
933 671 1106 734 Ciceronem,
1120 683 1184 725 orat.

127 754 153 810 in
163 755 275 806 Verrem
285 751 319 806 de
327 754 407 824 cignis
417 791 425 817 ‚
436 771 494 825 cap.
506 749 622 806 XLVIII
634 791 642 818 ,
654 773 712 824 ¹⁰7·

160 873 196 924 V.
207 873 266 926 36⁶.
275 877 342 924 stote
350 893 427 933 nova,
437 886 460 923 et
469 873 661 941 roseoepefitdt't
670 873 844 943 lucejitventar.
855 907 889 916 -
898 875 968 928 Juno
975 875 1098 927 Iasonem
1108 874 1183 926 auxit

126 955 188 1003 mole
196 971 274 1012 noua,
289 952 307 1004 i.
322 970 344 1004 e.
356 955 465 1015 Μείζονά
479 962 503 1006 τ’
512 949 622 1008 statim
637 955 678 1008 nai
693 956 824 1018 πάσσονα,
836 956 962 1027 majorem
971 963 1076 1024 aspectu
1085 965 1112 1005 et
1124 951 1181 1022 pin·

128 1035 247 1107 guiorem
261 1035 336 1101 iecit,
350 1049 379 1088 ut
390 1037 477 1090 Pallas
488 1037 629 1108 Ulyssem,
641 1036 712 1110 apud
725 1037 869 1090 Homerum
881 1037 996 1110 ‚Odysa
1009 1039 1064 1105 VI,
1076 1035 1134 1091 230.

160 1155 195 1207 V.
212 1157 272 1225 367.
284 1161 340 1206 Iam
352 1160 468 1216 Talaum,
475 1159 580 1223 jamque
594 1158 759 1224 Ampyciden,
774 1171 889 1224 astroque
897 1170 1019 1208 comantes

284 1240 439 1301 Tyndaridas
445 1239 496 1306 ipse
504 1241 602 1308 egregio
611 1242 773 1307 supereminet
781 1259 832 1290 ore.

125 1347 198 1393 Astro
208 1357 330 1393 comantes
344 1343 446 1414 egregie
455 1343 517 1395 Pius
527 1343 654 1414 explicat:
668 1343 774 1398 Siderea
786 1363 816 1396 ac
830 1343 920 1395 divina
933 1345 991 1395 luce
1000 1356 1182 1408 coruscantes,
1281 1345 1284 1356 '

124 1443 183 1496 qun
198 1424 257 1478 illos
274 1426 363 1478 obibat
379 1424 460 1478 radiis
475 1426 502 1478 in
519 1427 582 1477 astri
604 1427 718 1498 speciem
736 1427 877 1498 paribusn.
891 1457 925 1466 —
937 1429 1107 1492 supereminet.
1127 1425 1183 1476 Hoc

123 1507 204 1560 verbo
219 1519 359 1571 monente,
374 1507 442 1561 redit
458 1509 484 1560 in
501 1509 654 1562 memoriam
663 1509 708 1562 ille
718 1509 820 1581 Virgilii
831 1510 904 1562 locus
913 1547 922 1574 ,
932 1511 991 1561 AEu.
1006 1511 1033 1570 Ι,
1048 1508 1182 1576 ὅοὸεςηι-

123 1595 241 1659 diemque
250 1597 310 1643 deas
323 1595 483 1661 supereminet
492 1612 584 1644 omnes.

159 1711 195 1759 V.
205 1708 265 1778 369.
277 1714 333 1759 Νοι(
344 1729 427 1769 secus,
437 1723 554 1760 maurane
565 1729 639 1776 quam
650 1729 722 1776 quum
734 1711 813 1777 magis
823 1723 923 1778 asperat
931 1711 999 1776 ignes

273 1794 361 1854 Sirius,
376 1807 400 1843 et
410 1812 474 1844 saevo
492 1811 565 1859 quum
577 1811 629 1843 nox
643 1795 785 1843 accenditur
798 1811 873 1851 auro,

276 1877 399 1943 Luciferos
413 1878 500 1926 crinita
503 1877 589 1943 faces.

122 1986 180 2039 Iloc
194 1987 278 2040 simile
297 2001 430 2060 sumptum
450 2001 488 2041 est
508 2009 540 2042 ex
560 1990 717 2062 Apollonio,
738 1990 796 2054 Ill,
814 1991 875 2057 956.
899 1991 953 2044 Nec
972 2002 1036 2043 nou‘
1050 1991 1179 2044 Homerus

121 2070 270 2135 Achillem,
288 2071 361 2124 Iliad.
379 2073 472 2139 XXII,
494 2078 524 2126 26
534 2112 542 2136 ,
552 2075 653 2127 AEnean
663 2073 791 2144 Virgilius
800 2112 809 2138 ,
818 2076 878 2125 AEn.
896 2075 937 2137 x,
952 2092 1019 2143 ²7²²
1036 2090 1098 2125 cum
1110 2073 1180 2126 Sirio

120 2153 270 2218 conferunt.
282 2160 355 2223 Ignes
369 2157 396 2207 in
410 2156 461 2208 hoc
470 2155 572 2209 Valerii
583 2156 642 2208 loco
654 2169 715 2207 sunt
731 2161 883 2208 auntmncles
903 2161 1010 2216 calores,
1021 2174 1087 2225 quos
1099 2157 1183 2208 inten-

120 2234 184 2288 dere
197 2239 336 2307 putabatur
348 2239 446 2301 Sirius,
458 2251 487 2290 ut
500 2249 569 2305 patet
584 2259 616 2291 ex
632 2240 673 2292 his
688 2239 767 2291 Plinii
782 2241 847 2293 locis
860 2257 867 2290 :
879 2241 921 2302 ΙΙ,
941 2246 992 2302 40,
1006 2242 1128 2291 Canicula
1148 2260 1182 2290 ex

120 2333 183 2378 οντα,
194 2323 299 2372 accendi
306 2323 363 2374 solis
374 2341 479 2390 vapores
489 2325 543 2388 quis
553 2327 671 2391 ignorat?
680 2321 717 2375 id.
731 2322 796 2375 ibid.
810 2341 870 2394 cap.
885 2329 928 2392 47,
941 2326 999 2375 solis
1012 2342 1095 2391 uapor
1106 2325 1183 2390 gerni·

120 2415 194 2450 nanas
207 2407 295 2454 ardore
306 2407 390 2455 sideris
397 2427 406 2464 ,·
421 2403 456 2469 id.
467 2405 559 2457 XVIII
566 2446 574 2470 ,
587 2407 635 2469 28,
648 2408 763 2457 accendit
773 2411 860 2467 solem,
874 2421 899 2457 et
910 2413 1025 2475 magnam
1039 2421 1110 2458 oesttts
1124 2409 1183 2456 obri·

121 2498 165 2534 net
178 2505 289 2540 causam.
301 2489 361 2540 Non
374 2500 446 2541 extra
458 2488 513 2540 veri
528 2489 642 2560 speciem
656 2505 784 2539 aununnos
797 2491 865 2557 ignes
878 2490 990 2562 conjecit
1000 2490 1182 2551 Burmannus3

121 2565 184 2618 vide
193 2567 291 2622 Heinsii
300 2583 388 2624 notam
400 2573 427 2623 in
438 2570 518 2626 Ovid.
527 2571 634 2624 Metam.
645 2572 700 2636 ΙΙΙ,
712 2573 860 2642 728.—Per
870 2591 959 2624 saevum
967 2591 1052 2622 aunem
1063 2585 1183 2626 cometen

118 2655 302 2710 intellexerunt
317 2659 395 2722 Pius,
418 2659 561 2722 Maserius,
580 2659 761 2723 Burmannus,
777 2678 808 2720 ac
826 2661 989 2730 Wagnerue.
1011 2660 1100 2722 Quum
1120 2678 1182 2711 vero

118 2741 187 2790 illum
199 2739 270 2793 sitin
285 2761 360 2794 versu
374 2744 443 2811 372,
460 2743 629 2795 manifestum
647 2742 827 2794 estanerium
845 2741 878 2794 de
897 2742 965 2794 Sirio
984 2753 1085 2794 tantum
1100 2742 1180 2812 loqui.

118 2820 249 2875 Preterea
261 2844 342 2895 quum
355 2824 417 2877 ideo
431 2826 492 2878 Jaso
502 2838 675 2896 comparetur.
683 2845 743 2877 eum
756 2826 839 2891 Sirio,
852 2825 923 2897 quod
936 2863 944 2889 ‚
957 2827 1025 2878 sicut
1035 2826 1118 2878 Sirius
1127 2844 1181 2896 praa

118 2905 309 2959 caterissteltis
323 2909 420 2979 fulget,
431 2909 469 2960 sic
487 2908 531 2961 ille
545 2908 597 2960 oris
615 2908 699 2979 specie
713 2927 743 2960 ac
757 2907 885 2980 dignitate
898 2921 1005 2962 ceteros
1017 2912 1182 2980 Argonautas

118 2989 263 3052 antecellit,
276 3009 380 3043 necesse
394 3007 443 3057 est,
456 3003 484 3043 ut
495 2991 590 3062 singuli
603 3005 786 3063 comparentur
796 2993 876 3046 Iason
886 3013 916 3046 ac
929 2993 1023 3056 Sirius,
1037 3012 1087 3047 nec
1100 3004 1184 3064 potest

117 3069 231 3144 adjungi
243 3086 356 3127 cometes
368 3113 375 3138 ‚
389 3076 439 3128 nisi
454 3075 560 3128 unitatis
573 3095 604 3129 ac
617 3076 794 3130 similitudinis
813 3076 922 3131 damno.
938 3078 1058 3148 Denique
1071 3079 1182 3149 siquem

117 3157 208 3226 pigeat
218 3157 260 3208 vel
269 3157 312 3209 bis
321 3155 354 3210 de
364 3159 450 3211 causis
459 3172 578 3212 cometen
596 3158 739 3224 damnare,
755 3162 922 3232 Apollonium
933 3161 1027 3226 adeat,
1041 3163 1099 3226 III,
1110 3163 1162 3230 956
1173 3200 1182 3226 ,

5 3245 11 3253 “
116 3239 164 3292 ubi
181 3239 271 3291 nullus
287 3255 396 3313 apparet
412 3254 543 3308 cometes,
565 3262 644 3314 quem
665 3255 752 3296 tamen
767 3245 855 3296 locum
872 3243 1009 3315 diligenter
1027 3243 1182 3314 expressisse

115 3323 223 3375 videtur
232 3323 361 3378 Valerius.
371 3331 462 3377 Arinem
471 3326 553 3396 igitar
564 3326 601 3378 nil
615 3324 686 3379 aliud
699 3339 737 3379 est
747 3347 827 3398 quam
839 3325 1002 3388 turrianis,
1015 3327 1097 3379 instar
1105 3326 1180 3390 auri,

115 3406 245 3459 radiantis
255 3426 263 3469 ;
274 3420 300 3460 et
308 3428 396 3462 scetem
409 3409 522 3472 dicitur,
536 3408 607 3482 quod
620 3428 706 3462 nocua
714 3411 753 3462 vis
761 3411 828 3465 Sirio
837 3411 1008 3462 tribuebatur.
1020 3434 1030 3455 ι
1040 3413 1182 3460 Accendere

115 3503 207 3543 autem
219 3491 350 3561 eleganter
364 3491 475 3556 dicitur,
487 3495 549 3563 quia
565 3495 624 3546 luce
637 3505 663 3546 et
676 3492 815 3564 splendore
827 3511 874 3544 suo
886 3494 1004 3545 tenebras
1023 3492 1106 3543 noctis
1121 3491 1179 3542 viu·

115 3574 160 3626 cit.
172 3597 184 3619 ι
198 3573 240 3626 Sic
253 3574 433 3638 Burmannus;
445 3576 574 3646 pluraque
583 3576 662 3629 aliert
670 3575 704 3628 de
716 3577 795 3640 sitio,
804 3576 885 3630 Statio
896 3588 923 3628 et
934 3567 1082 3629 Claudiano
1094 3593 1183 3627 exem-

115 3657 168 3729 pla.
182 3657 248 3709 Mihi
261 3659 321 3710 satis
332 3661 381 3712 erit
393 3679 475 3712 unum
486 3659 621 3730 eVirgilio
630 3660 766 3730 proferre,
779 3659 852 3732 quod
862 3699 869 3722 ,
881 3679 964 3732 quum
974 3660 1001 3712 in
1013 3679 1044 3712 eo
1056 3658 1088 3710 de
1099 3659 1180 3712 stellis

114 3759 225 3814 quoque
233 3753 339 3814 agatur,
349 3745 434 3816 aptius
445 3744 472 3796 in
481 3745 552 3798 hunc
561 3744 661 3798 Valerii
675 3744 763 3797 locum
773 3743 868 3799 cadere
878 3745 942 3796 mihi
952 3743 1070 3798 ridetur:
1084 3742 1180 3813 Georg.

114 3825 146 3890 1,
159 3829 191 3876 25
197 3843 207 3877 ι
218 3843 225 3878 :

287 3942 338 3990 Illic
350 3959 400 3990 sera
412 3944 498 3991 rubens
511 3945 617 3992 accendit
627 3943 715 3992 lnminr
724 3951 821 4007 Vesper.

113 4087 150 4104 .-
165 4061 289 4127 Luciferos
298 4065 386 4114 crinita
388 4065 475 4131 faces.
488 4066 605 4132 Lucifera
607 4066 684 4133 faces
697 4066 774 4120 stella
786 4079 911 4119 suntuna
923 4085 983 4119 eum
993 4067 1063 4120 Sirio
1073 4078 1177 4119 exortae.

115 4146 210 4197 Crinito
225 4155 312 4196 autem
328 4147 473 4222 explicatur
487 4148 537 4200 boc
550 4148 667 4220 ejusdem
679 4151 792 4202 auctoris
805 4169 901 4212 versu,
917 4150 961 4213 ΙΙ,
972 4159 1021 4215 42:
1035 4156 1176 4218 Astraque,

114 4243 140 4279 et
153 4226 239 4295 effusis
253 4231 360 4281 stellatus
371 4233 475 4282 crinibus
486 4233 669 4303 nitentesque
681 4251 734 4284 noa
743 4235 858 4302 luciferas
869 4235 1033 4300 crinitafaces
1043 4271 1050 4294 ,
1063 4233 1099 4284 nil
1109 4231 1180 4285 aliud

115 4323 157 4366 est
171 4328 252 4381 quam
266 4331 318 4364 noa
330 4318 444 4376 stellata,
456 4319 531 4367 stellis
543 4319 648 4369 micans.
