3116 5102
392 424 787 490 Aneonnurreon
811 427 895 489 unt.
922 427 961 489 v.
1149 423 1211 509 359

181 560 330 638 Oceano,
346 557 548 646 genibusque
563 571 692 622 tumens
708 556 898 647 infringitur
910 555 1017 621 unda:

179 673 224 736 At
240 669 339 736 medii
352 693 411 760 per
428 687 516 762 terga
530 670 615 734 senis
631 671 715 758 rapit
729 671 798 759 ipse
814 673 955 738 nitentes

179 786 277 851 Altus
294 806 415 873 equos,
433 781 600 873 curvoque
617 783 704 848 diem
721 784 863 849 subtexit
877 786 1036 874 Olymp03

180 901 275 967 Pone
291 917 363 965 rota
381 899 547 982 breviore,
564 921 675 982 soror,
691 898 865 988 densaeque
882 917 1064 989 sequuntur
1127 881 1131 886 ’
1176 921 1214 966 ts

180 1013 330 1098 Pliades,
344 1027 377 1078 et
392 1012 529 1080 madidis
545 1029 658 1078 rorant
674 1037 693 1078 e
711 1013 855 1077 crinibus
870 1015 971 1104 ignes.

178 1129 211 1193 N
213 1151 251 1194 ec
269 1130 378 1193 minus
394 1128 449 1193 hie
461 1129 548 1193 varia
564 1127 632 1192 dux
645 1129 736 1192 laetus
750 1127 890 1218 imagine
904 1131 1015 1217 templi

178 1244 230 1308 Ad
249 1244 393 1334 geminas
412 1245 475 1308 fert
493 1267 551 1309 ora
570 1245 675 1326 fores,
694 1244 855 1310 cunabula
871 1245 975 1334 gentis
996 1304 1002 1320 ,

132 1383 139 1396 ’
179 1361 357 1426 Colchidos
374 1361 428 1426 hic
445 1377 603 1449 ortusque
620 1375 732 1424 tuens:
751 1377 789 1423 ut
806 1361 910 1450 prima
929 1361 1080 1425 Sesostris

179 1477 336 1542 Intulerit
349 1498 406 1540 rex
419 1476 503 1540 bella
516 1474 625 1555 Getis,
639 1491 676 1537 ut
691 1474 780 1539 clade
794 1498 930 1539 suorum
1176 1497 1238 1539 no·

177 1595 344 1674 Territus,
362 1593 423 1656 hos
440 1591 568 1656 Thebas
586 1591 794 1678 patriumque
812 1562 947 1654 redueat
963 1591 1004 1655 ad
1020 1613 1168 1672 amnem,

178 1709 330 1775 Phasidis
344 1708 405 1773 hos
419 1708 566 1796 imponat
579 1707 683 1796 agris,
699 1706 903 1793 Colchosque
918 1709 1026 1772 vocari

164 1895 223 1959 [μα.
234 1885 387 1947 Infrangr'tur.
398 1884 473 1931 vatic.
485 1894 510 1931 et
520 1885 609 1931 Boron.
620 1884 689 1930 eodd.
701 1885 813 1930 Bonon.l
830 1893 854 1930 et
868 1887 899 1931 ll.
916 1887 979 1932 lunt.
993 1913 1023 1924 -
1037 1887 1091 1942 416.
1104 1887 1212 1935 florente.

135 1966 215 2014 Codd.
233 1974 258 2012 et
276 1965 330 2012 edd.
350 1974 404 2011 rute
421 1963 550 2011 Heinsium.
568 1990 598 1999 -
614 1971 668 2024 417.
683 1965 758 2029 Varia
769 1963 868 2010 lutatus.
886 1967 975 2013 Boron.
993 1965 1214 2014 consedente

133 2045 202 2094 Carr.
221 2045 265 2091 En.
689 2045 693 2052 '

133 2222 206 2274 ruat,
228 2207 321 2262 addito
342 2221 431 2263 tamen
455 2208 506 2262 hoe
529 2208 650 2281 judicio:
697 2205 1215 2280 meliusaptiusque,quodsuadetHein-

136 2288 303 2360 «Sapienter
323 2287 432 2360 quidem
446 2289 498 2342 hoc
507 2288 651 2351 Valerius,
697 2287 770 2353 sius,
785 2291 881 2340 imbres.

134 2368 182 2422 sed
196 2365 269 2420 idem
282 2368 311 2420 in
325 2368 412 2439 operis
426 2385 528 2421 summa
542 2366 650 2430 taretin
733 2374 793 2438 417.
805 2372 858 2419 Nec
876 2371 955 2419 minus
973 2370 1013 2418 lic
1023 2365 1136 2436 (melius
1150 2385 1212 2419 curn

133 2465 190 2501 non
213 2446 286 2499 enim
305 2458 430 2517 apparet,
453 2465 580 2518 quorsum
602 2447 652 2499 ista
697 2446 807 2500 Heinsio
819 2449 979 2515 lins)oan'a
994 2449 1048 2497 dux
1064 2451 1133 2498 lasis
1148 2449 1212 2498 ima·

134 2523 440 2596 descriptiosnaglyphi
461 2525 559 2578 inserts
581 2527 649 2578 sit..
694 2529 770 2592 gine,
793 2524 822 2577 in
846 2525 932 2578 varies
951 2526 1052 2579 areolas
1073 2523 1212 2590 distincta,

134 2603 269 2658 Ceterum
278 2620 332 2655 non
343 2603 370 2655 iu
381 2602 466 2657 valvis
476 2614 578 2656 tentum
588 2615 653 2656 tem·
696 2608 777 2672 templi
786 2607 824 2656 ad
832 2604 1147 2674 geminassersorafores,
1159 2605 1214 2657 val·

133 2683 259 2755 plorum,
278 2678 325 2734 sed
342 2681 369 2734 in
387 2680 479 2752 clipeis
496 2681 573 2734 etiarn
584 2719 592 2745 ,
605 2701 653 2754 po·
696 2699 742 2734 vas
754 2683 872 2748 bifores,
888 2685 1012 2734 cunabula
1024 2685 1105 2751 gentis
1121 2685 1213 2735 eonti-

134 2763 219 2826 culis‚
231 2762 360 2823 vestibus,
370 2773 420 2814 ete.
430 2779 495 2815 resa
505 2761 652 2834 majoribus
696 2766 742 2814 dos
766 2765 805 2814 bic
823 2777 938 2829 ortusque
955 2777 1041 2822 mens,
1063 2762 1117 2814 fata
1137 2761 1210 2814 istius

135 2853 222 2913 gestas
240 2841 320 2896 fuisse
335 2859 484 2912 expressas,
499 2852 593 2894 notum
604 2853 650 2894 est.
695 2841 810 2912 regionis
824 2861 856 2894 ex
876 2841 968 2894 ultima
987 2852 1063 2894 atate
1079 2841 1210 2911 repetita:

134 2952 171 2962 -
183 2927 238 2974 Stat
249 2922 328 2993 igitur
332 2922 449 2990 ferreus,
463 2920 556 2974 firmus
566 2961 573 2986 ‚
584 2919 651 2973 invi·
695 2939 805 2993 nempe,
820 2941 881 2975 area
897 2921 926 2984 1,
944 2936 985 2980 ut,
999 2923 1083 2988 prima
1095 2921 1210 2971 Sesostris

135 3013 179 3056 cto
195 3001 308 3064 robore,
324 3004 397 3052 Atlas
412 3007 525 3062 Oceano,
535 3003 650 3069 gentius·
695 2999 742 3067 (cf.
753 3001 876 3072 Apollon.
886 3001 938 3066 IV,
949 2999 1086 3069 27m81),
1096 2998 1212 3052 famosus

135 3100 184 3148 que
196 3095 290 3132 tumens
306 3081 452 3149 infringimr
463 3084 545 3140 unda,
556 3077 651 3132 fluctus
695 3079 741 3132 ille
748 3099 798 3134 rex
807 3081 927 3153 AEgypti,
940 3079 1019 3132 totius
1032 3078 1155 3131 feretum
1168 3098 1211 3132 eo·

137 3158 298 3230 franguntur
307 3158 341 3212 ad
349 3178 451 3230 genua,
463 3159 568 3213 alluunt
582 3178 622 3226 ea.
696 3158 762 3230 gniti
781 3167 912 3214 terrarum
940 3157 1011 3211 orbis
1032 3169 1210 3228 expugnator,

171 3239 233 3303 413.
245 3243 279 3290 As
291 3241 365 3290 medii
373 3259 420 3307 per
428 3254 499 3307 terga
513 3241 593 3300 senis,
607 3257 650 3290 su·
677 3279 679 3282 .
693 3241 800 3290 intulerit
814 3242 879 3290 bella
895 3241 980 3298 Getis‚·
993 3251 1020 3288 ut
1032 3241 1103 3289 clade
1114 3257 1210 3288 suorum

134 3335 184 3388 pra
197 3329 293 3388 caput,
311 3321 376 3387 rapit
388 3319 495 3372 concito
506 3337 585 3372 cursu
600 3321 651 3387 risse
695 3320 802 3379 errius,
812 3329 871 3390 post
880 3316 985 3370 cladem
997 3335 1012 3368 a
1023 3315 1126 3386 Scythis
1137 3333 1209 3368 aece-

134 3395 182 3459 Sol
192 3398 304 3458 nitentes,
312 3396 455 3468 pulchros,
470 3417 554 3465 equos,
566 3416 650 3450 ctsrvo·
694 3409 768 3467 ptam
794 3397 847 3464 (in
869 3415 922 3468 quo
938 3395 1061 3449 Valerius
1085 3406 1211 3467 sequutus
1296 3465 1301 3475 ι

42 3489 46 3498 “
134 3495 184 3544 que
193 3474 649 3547 diemsubeexie‚expandit‚0{rmpo.
695 3487 732 3528 est
752 3475 879 3530 Herodot.
896 3477 924 3528 Il
931 3517 940 3541 ‚
961 3494 1009 3538 ro,
1030 3487 1057 3528 et
1068 3473 1132 3527 ulios
1151 3487 1213 3546 post

136 3557 312 3626 Desumptum
332 3573 364 3606 ex
381 3554 485 3626 Virgilii
509 3557 571 3607 AEn.
592 3555 649 3621 111,
694 3553 786 3619 hune,
806 3576 833 3610 v.
848 3555 1030 3619 comunem,
1044 3555 1089 3618 11,
1107 3553 1212 3607 hvide

136 3633 650 3706 bssrteoelumsnbtexerefmno,nbiHey·
694 3633 1211 3706 omninoBnehertum,Phsleg.IV,31,

136 3712 195 3766 nius
205 3716 333 3766 subtexere
343 3711 457 3784 explieat
466 3713 619 3782 sufflandere.
694 3725 720 3766 et
729 3711 840 3768 Gesner.
861 3713 897 3768 ad
913 3713 1038 3785 Orphea,
1057 3713 1138 3784 751),
1150 3717 1208 3774 tos,

172 3793 233 3854 415.
244 3798 324 3853 Pone,
342 3791 432 3864 paullo
450 3790 575 3856 inferius,
594 3805 648 3843 roca
693 3791 792 3845 milites
809 3811 871 3846 suos
898 3812 914 3846 s
938 3791 1014 3846 clade
1038 3793 1190 3866 superstites
1201 3833 1214 3859 „

136 3875 255 3932 breviore,
269 3887 368 3937 curru,
383 3869 490 3924 arctiori
502 3871 588 3942 spatio
603 3872 649 3925 de·
694 3870 790 3942 partim
799 3876 892 3924 Thebas
903 3873 1070 3944 AEgyptiaeas
1081 3913 1088 3938 ,
1094 3876 1210 3941 parthem-

136 3962 257 4004 eurreute
267 3992 274 4018 ,
284 3971 366 4014 soror,
378 3950 482 4014 Diana,
496 3949 560 4004 hura
570 3988 578 4015 ‚
588 3955 651 4008 den-
695 3970 743 4018 que
756 3955 859 4002 redicem
870 3954 908 4003 ad
916 3970 1029 4012 ornnem,
1045 3950 1135 4004 Nilum
1145 3990 1154 4018 ,
1165 3953 1208 4002 los

136 4049 232 4096 sesque,
243 4029 406 4084 condensatae
419 4027 447 4082 in
457 4029 564 4100 globum
576 4029 646 4100 (vid.
694 4031 789 4102 partim
804 4034 914 4084 Phasidis
929 4034 1039 4100 imponat
1050 4035 1120 4100 agris
1134 4030 1208 4084 colo·

138 4125 217 4178 supra
227 4111 293 4178 46),
302 4125 435 4178 sequunatr
442 4112 554 4172 Pliades,
564 4125 586 4163 et
593 4131 648 4162 ma·
693 4130 760 4178 nos,
779 4115 929 4180 Colchosque
945 4116 1033 4164 vocari
1052 4116 1160 4179 imperet.
1174 4138 1209 4148 -

137 4189 202 4238 didis
219 4204 305 4240 rorant
314 4209 328 4239 e
337 4193 440 4242 crinibus
460 4193 541 4258 ignes.
555 4191 648 4262 Longe
693 4188 756 4242 Vid.
768 4189 836 4242 Plin.
847 4189 893 4244 lib.
905 4189 1040 4254 XXXIII,
1050 4207 1108 4263 cup.
1120 4187 1145 4240 3.
1157 4187 1207 4240 En.
