<?xml version="1.0" encoding="UTF-8"?>
<!DOCTYPE html PUBLIC "-//W3C//DTD XHTML 1.0 Transitional//EN"
    "http://www.w3.org/TR/xhtml1/DTD/xhtml1-transitional.dtd">
<html xmlns="http://www.w3.org/1999/xhtml" xml:lang="en" lang="en">
 <head>
  <title>
</title>
<meta http-equiv="Content-Type" content="text/html;charset=utf-8" />
  <meta name='ocr-system' content='tesseract 3.04.00' />
  <meta name='ocr-capabilities' content='ocr_page ocr_carea ocr_par ocr_line ocrx_word'/>
</head>
<body>
  <div class='ocr_page' id='page_1' title='image "./cvaleriiflaccis00apolgoog_0029.png"; bbox 0 0 3122 5126; ppageno 0'>
   <div class='ocr_carea' id='block_1_1' title="bbox 365 515 1445 602">
    <p class='ocr_par' dir='ltr' id='par_1_1' title="bbox 365 515 1445 602">
     <span class='ocr_line' id='line_1_1' title="bbox 365 515 1445 602; baseline 0 -22"><span class='ocrx_word' id='word_1_1' title='bbox 365 537 451 583; x_wconf 87' lang='lat' dir='ltr'><strong>xvrrr</strong></span> <span class='ocrx_word' id='word_1_2' title='bbox 470 515 589 585; x_wconf 84' lang='lat' dir='ltr'>VITA</span> <span class='ocrx_word' id='word_1_3' title='bbox 611 515 718 584; x_wconf 77' lang='lat' dir='ltr'><strong>vlt..</strong></span> <span class='ocrx_word' id='word_1_4' title='bbox 747 518 955 602; x_wconf 70' lang='lat' dir='ltr'><strong>sunuel,</strong></span> <span class='ocrx_word' id='word_1_5' title='bbox 979 518 1120 588; x_wconf 85' lang='lat' dir='ltr'><strong>AUCT.</strong></span> <span class='ocrx_word' id='word_1_6' title='bbox 1147 519 1183 586; x_wconf 91' lang='lat' dir='ltr'><strong>P.</strong></span> <span class='ocrx_word' id='word_1_7' title='bbox 1200 516 1445 586; x_wconf 85' lang='lat' dir='ltr'><strong>CRINITO.</strong></span> 
     </span>
    </p>
   </div>
   <div class='ocr_carea' id='block_1_2' title="bbox 327 641 1494 1576">
    <p class='ocr_par' dir='ltr' id='par_1_2' title="bbox 327 641 1494 1576">
     <span class='ocr_line' id='line_1_2' title="bbox 364 641 1447 730; baseline 0.002 -24"><span class='ocrx_word' id='word_1_8' title='bbox 364 641 455 730; x_wconf 90' lang='lat' dir='ltr'><strong>quod</strong></span> <span class='ocrx_word' id='word_1_9' title='bbox 476 643 552 707; x_wconf 86' lang='lat' dir='ltr'><strong>alibi</strong></span> <span class='ocrx_word' id='word_1_10' title='bbox 576 643 769 710; x_wconf 88' lang='lat' dir='ltr'><strong>notavimus.</strong></span> <span class='ocrx_word' id='word_1_11' title='bbox 797 646 888 712; x_wconf 86' lang='lat' dir='ltr'><strong>Idem</strong></span> <span class='ocrx_word' id='word_1_12' title='bbox 911 648 1044 713; x_wconf 82' lang='lat' dir='ltr'>Flaccus</span> <span class='ocrx_word' id='word_1_13' title='bbox 1067 646 1184 710; x_wconf 86' lang='lat' dir='ltr'><strong>habuit</strong></span> <span class='ocrx_word' id='word_1_14' title='bbox 1205 645 1291 710; x_wconf 88' lang='lat' dir='ltr'><strong>inter</strong></span> <span class='ocrx_word' id='word_1_15' title='bbox 1314 647 1447 710; x_wconf 88' lang='lat' dir='ltr'><strong>amicos</strong></span> 
     </span>
     <span class='ocr_line' id='line_1_3' title="bbox 364 746 1446 838; baseline -0.002 -24"><span class='ocrx_word' id='word_1_16' title='bbox 364 746 550 814; x_wconf 86' lang='lat' dir='ltr'><strong>Secundum</strong></span> <span class='ocrx_word' id='word_1_17' title='bbox 559 797 568 831; x_wconf 91' lang='lat'><strong>,</strong></span> <span class='ocrx_word' id='word_1_18' title='bbox 578 750 761 814; x_wconf 85' lang='lat' dir='ltr'><strong>Maternum</strong></span> <span class='ocrx_word' id='word_1_19' title='bbox 769 800 779 834; x_wconf 91' lang='lat'><strong>,</strong></span> <span class='ocrx_word' id='word_1_20' title='bbox 788 752 918 817; x_wconf 89' lang='lat' dir='ltr'><strong>Stellam</strong></span> <span class='ocrx_word' id='word_1_21' title='bbox 923 769 955 817; x_wconf 90' lang='lat' dir='ltr'><strong>et</strong></span> <span class='ocrx_word' id='word_1_22' title='bbox 964 753 1033 817; x_wconf 89' lang='lat' dir='ltr'><strong>Val.</strong></span> <span class='ocrx_word' id='word_1_23' title='bbox 1046 753 1225 816; x_wconf 75' lang='lat' dir='ltr'><strong>Martialem</strong></span> <span class='ocrx_word' id='word_1_24' title='bbox 1237 751 1294 838; x_wconf 92' lang='lat' dir='ltr'><strong>qui</strong></span> <span class='ocrx_word' id='word_1_25' title='bbox 1305 750 1346 815; x_wconf 87' lang='lat' dir='ltr'><strong>ad</strong></span> <span class='ocrx_word' id='word_1_26' title='bbox 1358 772 1446 814; x_wconf 88' lang='lat' dir='ltr'><strong>eum</strong></span> 
     </span>
     <span class='ocr_line' id='line_1_4' title="bbox 364 853 1454 948; baseline 0.001 -30"><span class='ocrx_word' id='word_1_27' title='bbox 364 853 496 936; x_wconf 84' lang='lat' dir='ltr'><strong>scribit,</strong></span> <span class='ocrx_word' id='word_1_28' title='bbox 516 855 650 942; x_wconf 87' lang='lat' dir='ltr'><strong>ejusque</strong></span> <span class='ocrx_word' id='word_1_29' title='bbox 672 855 892 922; x_wconf 86' lang='lat' dir='ltr'><strong>eruditionem</strong></span> <span class='ocrx_word' id='word_1_30' title='bbox 919 881 1115 948; x_wconf 81' lang='lat' dir='ltr'><strong>magnopere</strong></span> <span class='ocrx_word' id='word_1_31' title='bbox 1142 855 1275 922; x_wconf 81' lang='lat' dir='ltr'><strong>extollit.</strong></span> <span class='ocrx_word' id='word_1_32' title='bbox 1299 858 1454 920; x_wconf 87' lang='lat' dir='ltr'><strong>Constat&#39;</strong></span> 
     </span>
     <span class='ocr_line' id='line_1_5' title="bbox 327 959 1446 1050; baseline 0.002 -28"><span class='ocrx_word' id='word_1_33' title='bbox 327 967 331 974; x_wconf 93' lang='lat'>&#39;</span> <span class='ocrx_word' id='word_1_34' title='bbox 364 959 454 1024; x_wconf 90' lang='lat' dir='ltr'><strong>hunc</strong></span> <span class='ocrx_word' id='word_1_35' title='bbox 469 959 625 1024; x_wconf 85' lang='lat' dir='ltr'><strong>mediocri</strong></span> <span class='ocrx_word' id='word_1_36' title='bbox 640 983 741 1024; x_wconf 87' lang='lat' dir='ltr'><strong>censu</strong></span> <span class='ocrx_word' id='word_1_37' title='bbox 755 984 792 1026; x_wconf 90' lang='lat' dir='ltr'><strong>ac</strong></span> <span class='ocrx_word' id='word_1_38' title='bbox 804 985 888 1050; x_wconf 91' lang='lat' dir='ltr'><strong>pene</strong></span> <span class='ocrx_word' id='word_1_39' title='bbox 906 963 998 1027; x_wconf 87' lang='lat' dir='ltr'><strong>tenui</strong></span> <span class='ocrx_word' id='word_1_40' title='bbox 1014 964 1129 1042; x_wconf 83' lang='lat' dir='ltr'><strong>fuisse,</strong></span> <span class='ocrx_word' id='word_1_41' title='bbox 1142 977 1176 1025; x_wconf 88' lang='lat' dir='ltr'><strong>et</strong></span> <span class='ocrx_word' id='word_1_42' title='bbox 1188 960 1346 1050; x_wconf 82' lang='lat' dir='ltr'><strong>proedium</strong></span> <span class='ocrx_word' id='word_1_43' title='bbox 1360 982 1446 1049; x_wconf 89' lang='lat' dir='ltr'><strong>pos-</strong></span> 
     </span>
     <span class='ocr_line' id='line_1_6' title="bbox 365 1063 1494 1154; baseline 0.003 -28"><span class='ocrx_word' id='word_1_44' title='bbox 365 1063 485 1128; x_wconf 81' lang='lat' dir='ltr'><strong>sedisse</strong></span> <span class='ocrx_word' id='word_1_45' title='bbox 502 1065 670 1154; x_wconf 81' lang='lat' dir='ltr'><strong>exiguum,</strong></span> <span class='ocrx_word' id='word_1_46' title='bbox 684 1065 719 1128; x_wconf 92' lang='lat' dir='ltr'><strong>in</strong></span> <span class='ocrx_word' id='word_1_47' title='bbox 739 1087 821 1153; x_wconf 91' lang='lat' dir='ltr'><strong>quo,</strong></span> <span class='ocrx_word' id='word_1_48' title='bbox 832 1079 870 1130; x_wconf 87' lang='lat' dir='ltr'><strong>ut</strong></span> <span class='ocrx_word' id='word_1_49' title='bbox 886 1067 1041 1132; x_wconf 79' lang='lat' dir='ltr'><strong>Martialis</strong></span> <span class='ocrx_word' id='word_1_50' title='bbox 1060 1066 1178 1148; x_wconf 84' lang='lat' dir='ltr'><strong>refert,</strong></span> <span class='ocrx_word' id='word_1_51' title='bbox 1193 1066 1361 1130; x_wconf 82' lang='lat' dir='ltr'><strong>Musarum</strong></span> <span class='ocrx_word' id='word_1_52' title='bbox 1378 1089 1446 1130; x_wconf 90' lang='lat' dir='ltr'><strong>cu·</strong></span> <span class='ocrx_word' id='word_1_53' title='bbox 1492 1137 1494 1141; x_wconf 52' lang='grc'>,</span> 
     </span>
     <span class='ocr_line' id='line_1_7' title="bbox 365 1171 1443 1260; baseline 0.002 -28"><span class='ocrx_word' id='word_1_54' title='bbox 365 1191 415 1233; x_wconf 89' lang='lat' dir='ltr'><strong>ras</strong></span> <span class='ocrx_word' id='word_1_55' title='bbox 431 1187 611 1258; x_wconf 85' lang='lat' dir='ltr'><strong>reponeret.</strong></span> <span class='ocrx_word' id='word_1_56' title='bbox 631 1172 744 1259; x_wconf 90' lang='lat' dir='ltr'><strong>ltaque</strong></span> <span class='ocrx_word' id='word_1_57' title='bbox 756 1171 910 1236; x_wconf 86' lang='lat' dir='ltr'><strong>Martialis</strong></span> <span class='ocrx_word' id='word_1_58' title='bbox 926 1173 1026 1238; x_wconf 85' lang='lat' dir='ltr'><strong>libere</strong></span> <span class='ocrx_word' id='word_1_59' title='bbox 1043 1173 1151 1260; x_wconf 89' lang='lat' dir='ltr'><strong>ipsum</strong></span> <span class='ocrx_word' id='word_1_60' title='bbox 1166 1189 1294 1253; x_wconf 90' lang='lat' dir='ltr'><strong>monet,</strong></span> <span class='ocrx_word' id='word_1_61' title='bbox 1307 1189 1344 1236; x_wconf 90' lang='lat' dir='ltr'><strong>ut</strong></span> <span class='ocrx_word' id='word_1_62' title='bbox 1362 1171 1443 1236; x_wconf 89' lang='lat' dir='ltr'><strong>reli-</strong></span> 
     </span>
     <span class='ocr_line' id='line_1_8' title="bbox 365 1275 1441 1367; baseline 0.002 -29"><span class='ocrx_word' id='word_1_63' title='bbox 365 1275 424 1338; x_wconf 89' lang='lat' dir='ltr'><strong>ctis</strong></span> <span class='ocrx_word' id='word_1_64' title='bbox 436 1277 536 1340; x_wconf 88' lang='lat' dir='ltr'><strong>Musis</strong></span> <span class='ocrx_word' id='word_1_65' title='bbox 546 1292 643 1364; x_wconf 86' lang='lat' dir='ltr'><strong>atque</strong></span> <span class='ocrx_word' id='word_1_66' title='bbox 659 1278 745 1359; x_wconf 89' lang='lat' dir='ltr'><strong>otio,</strong></span> <span class='ocrx_word' id='word_1_67' title='bbox 757 1279 847 1342; x_wconf 86' lang='lat' dir='ltr'><strong>malit</strong></span> <span class='ocrx_word' id='word_1_68' title='bbox 859 1278 894 1342; x_wconf 90' lang='lat' dir='ltr'><strong>in</strong></span> <span class='ocrx_word' id='word_1_69' title='bbox 906 1277 980 1342; x_wconf 84' lang='lat' dir='ltr'><strong>loro</strong></span> <span class='ocrx_word' id='word_1_70' title='bbox 993 1294 1026 1342; x_wconf 88' lang='lat' dir='ltr'><strong>et</strong></span> <span class='ocrx_word' id='word_1_71' title='bbox 1039 1277 1142 1342; x_wconf 88' lang='lat' dir='ltr'><strong>causis</strong></span> <span class='ocrx_word' id='word_1_72' title='bbox 1155 1276 1287 1367; x_wconf 85' lang='lat' dir='ltr'><strong>agendis</strong></span> <span class='ocrx_word' id='word_1_73' title='bbox 1299 1277 1441 1356; x_wconf 80' lang='lat' dir='ltr'><strong>versari,</strong></span> 
     </span>
     <span class='ocr_line' id='line_1_9' title="bbox 366 1380 1441 1470; baseline 0 -27"><span class='ocrx_word' id='word_1_74' title='bbox 366 1380 521 1467; x_wconf 89' lang='lat' dir='ltr'><strong>quoniam</strong></span> <span class='ocrx_word' id='word_1_75' title='bbox 537 1381 712 1446; x_wconf 86' lang='lat' dir='ltr'><strong>Poetarum</strong></span> <span class='ocrx_word' id='word_1_76' title='bbox 729 1381 836 1446; x_wconf 87' lang='lat' dir='ltr'><strong>studia</strong></span> <span class='ocrx_word' id='word_1_77' title='bbox 856 1384 945 1470; x_wconf 87' lang='lat' dir='ltr'><strong>parvi</strong></span> <span class='ocrx_word' id='word_1_78' title='bbox 961 1381 1140 1447; x_wconf 88' lang='lat' dir='ltr'><strong>admodum</strong></span> <span class='ocrx_word' id='word_1_79' title='bbox 1159 1398 1377 1463; x_wconf 85' lang='lat' dir='ltr'><strong>censerentur,</strong></span> <span class='ocrx_word' id='word_1_80' title='bbox 1396 1395 1441 1444; x_wconf 90' lang='lat' dir='ltr'><strong>ut</strong></span> 
     </span>
     <span class='ocr_line' id='line_1_10' title="bbox 366 1485 696 1576; baseline 0 -24"><span class='ocrx_word' id='word_1_81' title='bbox 366 1485 416 1552; x_wconf 85' lang='lat' dir='ltr'><strong>his</strong></span> <span class='ocrx_word' id='word_1_82' title='bbox 430 1487 576 1551; x_wconf 85' lang='lat' dir='ltr'><strong>versibus</strong></span> <span class='ocrx_word' id='word_1_83' title='bbox 592 1503 696 1576; x_wconf 84' lang='lat' dir='ltr'><strong>patet:</strong></span> 
     </span>
    </p>
   </div>
   <div class='ocr_carea' id='block_1_3' title="bbox 506 1645 1270 2242">
    <p class='ocr_par' dir='ltr' id='par_1_3' title="bbox 506 1645 1135 1805">
     <span class='ocr_line' id='line_1_11' title="bbox 506 1645 1135 1718; baseline -0.003 -18"><span class='ocrx_word' id='word_1_84' title='bbox 506 1647 531 1699; x_wconf 92' lang='grc' dir='ltr'>Ο</span> <span class='ocrx_word' id='word_1_85' title='bbox 541 1645 605 1700; x_wconf 89' lang='lat' dir='ltr'><strong>mihi</strong></span> <span class='ocrx_word' id='word_1_86' title='bbox 614 1663 738 1698; x_wconf 84' lang='lat' dir='ltr'><strong>cararum</strong></span> <span class='ocrx_word' id='word_1_87' title='bbox 747 1646 862 1718; x_wconf 84' lang='lat' dir='ltr'><strong>pretium</strong></span> <span class='ocrx_word' id='word_1_88' title='bbox 872 1666 927 1700; x_wconf 92' lang='lat' dir='ltr'><strong>non</strong></span> <span class='ocrx_word' id='word_1_89' title='bbox 937 1646 990 1700; x_wconf 82' lang='lat' dir='ltr'><strong>vile</strong></span> <span class='ocrx_word' id='word_1_90' title='bbox 1000 1665 1118 1700; x_wconf 84' lang='lat' dir='ltr'><strong>mearum</strong></span> <span class='ocrx_word' id='word_1_91' title='bbox 1128 1687 1135 1712; x_wconf 91' lang='lat'>‚</span> 
     </span>
     <span class='ocr_line' id='line_1_12' title="bbox 541 1733 1115 1805; baseline 0.003 -19"><span class='ocrx_word' id='word_1_92' title='bbox 541 1733 636 1787; x_wconf 87' lang='lat' dir='ltr'><strong>Flaece</strong></span> <span class='ocrx_word' id='word_1_93' title='bbox 644 1770 652 1796; x_wconf 91' lang='lat'><strong>,</strong></span> <span class='ocrx_word' id='word_1_94' title='bbox 661 1734 804 1786; x_wconf 79' lang='lat' dir='ltr'><strong>Antenorei</strong></span> <span class='ocrx_word' id='word_1_95' title='bbox 813 1753 873 1805; x_wconf 83' lang='lat' dir='ltr'><strong>spes</strong></span> <span class='ocrx_word' id='word_1_96' title='bbox 883 1746 907 1786; x_wconf 89' lang='lat' dir='ltr'><strong>et</strong></span> <span class='ocrx_word' id='word_1_97' title='bbox 916 1735 1024 1788; x_wconf 86' lang='lat' dir='ltr'><strong>alumne</strong></span> <span class='ocrx_word' id='word_1_98' title='bbox 1037 1735 1115 1798; x_wconf 82' lang='lat' dir='ltr'><strong>laris,</strong></span> 
     </span>
    </p>

    <p class='ocr_par' dir='ltr' id='par_1_4' title="bbox 507 1819 1162 1984">
     <span class='ocr_line' id='line_1_13' title="bbox 507 1819 1162 1896; baseline 0.002 -22"><span class='ocrx_word' id='word_1_99' title='bbox 507 1821 605 1876; x_wconf 86' lang='lat' dir='ltr'><strong>Pierios</strong></span> <span class='ocrx_word' id='word_1_100' title='bbox 618 1819 697 1874; x_wconf 77' lang='lat' dir='ltr'><strong>differ</strong></span> <span class='ocrx_word' id='word_1_101' title='bbox 709 1835 856 1894; x_wconf 84' lang='lat' dir='ltr'><strong>cantusque</strong></span> <span class='ocrx_word' id='word_1_102' title='bbox 867 1823 1015 1896; x_wconf 87' lang='lat' dir='ltr'><strong>chorosque</strong></span> <span class='ocrx_word' id='word_1_103' title='bbox 1026 1842 1144 1877; x_wconf 86' lang='lat' dir='ltr'><strong>sororum</strong></span> <span class='ocrx_word' id='word_1_104' title='bbox 1155 1841 1162 1875; x_wconf 93' lang='lat'>:</span> 
     </span>
     <span class='ocr_line' id='line_1_14' title="bbox 543 1907 1103 1984; baseline 0.002 -23"><span class='ocrx_word' id='word_1_105' title='bbox 543 1911 590 1964; x_wconf 77' lang='lat' dir='ltr'><strong>AEt</strong></span> <span class='ocrx_word' id='word_1_106' title='bbox 598 1907 672 1962; x_wconf 85' lang='lat' dir='ltr'><strong>dabit</strong></span> <span class='ocrx_word' id='word_1_107' title='bbox 681 1927 714 1962; x_wconf 78' lang='lat' dir='ltr'><strong>ex</strong></span> <span class='ocrx_word' id='word_1_108' title='bbox 722 1909 779 1964; x_wconf 82' lang='lat' dir='ltr'><strong>istis</strong></span> <span class='ocrx_word' id='word_1_109' title='bbox 791 1909 866 1964; x_wconf 89' lang='lat' dir='ltr'><strong>nulla</strong></span> <span class='ocrx_word' id='word_1_110' title='bbox 877 1909 967 1984; x_wconf 84' lang='lat' dir='ltr'><strong>puella</strong></span> <span class='ocrx_word' id='word_1_111' title='bbox 975 1911 1049 1964; x_wconf 88' lang='lat' dir='ltr'><strong>tibi..</strong></span> <span class='ocrx_word' id='word_1_112' title='bbox 1061 1951 1067 1964; x_wconf 91' lang='lat'><strong>.</strong></span> <span class='ocrx_word' id='word_1_113' title='bbox 1078 1948 1103 1962; x_wconf 97' lang='lat'><strong>..</strong></span> 
     </span>
    </p>

    <p class='ocr_par' dir='ltr' id='par_1_5' title="bbox 511 1995 1270 2161">
     <span class='ocr_line' id='line_1_15' title="bbox 511 1995 1270 2073; baseline -0.003 -22"><span class='ocrx_word' id='word_1_114' title='bbox 511 1996 584 2066; x_wconf 89' lang='lat' dir='ltr'><strong>Quid</strong></span> <span class='ocrx_word' id='word_1_115' title='bbox 597 1998 645 2052; x_wconf 80' lang='lat' dir='ltr'><strong>tilii</strong></span> <span class='ocrx_word' id='word_1_116' title='bbox 656 2017 717 2052; x_wconf 85' lang='lat' dir='ltr'><strong>curn</strong></span> <span class='ocrx_word' id='word_1_117' title='bbox 728 1998 851 2073; x_wconf 78' lang='lat' dir='ltr'><strong>Cyrrlia?</strong></span> <span class='ocrx_word' id='word_1_118' title='bbox 860 2000 927 2071; x_wconf 85' lang='lat' dir='ltr'><strong>quid</strong></span> <span class='ocrx_word' id='word_1_119' title='bbox 935 2019 997 2054; x_wconf 87' lang='lat' dir='ltr'><strong>oum</strong></span> <span class='ocrx_word' id='word_1_120' title='bbox 1006 1997 1172 2053; x_wconf 78' lang='lat' dir='ltr'><strong>Permesside</strong></span> <span class='ocrx_word' id='word_1_121' title='bbox 1180 1995 1270 2052; x_wconf 80' lang='lat' dir='ltr'><strong>nuda?</strong></span> 
     </span>
     <span class='ocr_line' id='line_1_16' title="bbox 544 2087 1151 2161; baseline 0.003 -23"><span class='ocrx_word' id='word_1_122' title='bbox 544 2088 696 2140; x_wconf 86' lang='lat' dir='ltr'><strong>Romanum</strong></span> <span class='ocrx_word' id='word_1_123' title='bbox 706 2089 818 2161; x_wconf 85' lang='lat' dir='ltr'><strong>propius</strong></span> <span class='ocrx_word' id='word_1_124' title='bbox 828 2087 991 2161; x_wconf 82' lang='lat' dir='ltr'><strong>divitiusque</strong></span> <span class='ocrx_word' id='word_1_125' title='bbox 1001 2089 1090 2142; x_wconf 82' lang='lat' dir='ltr'><strong>lorum</strong></span> <span class='ocrx_word' id='word_1_126' title='bbox 1104 2099 1151 2142; x_wconf 87' lang='lat' dir='ltr'><strong>est.</strong></span> 
     </span>
    </p>

    <p class='ocr_par' dir='ltr' id='par_1_6' title="bbox 511 2175 834 2242">
     <span class='ocr_line' id='line_1_17' title="bbox 511 2175 834 2242; baseline 0.012 -16"><span class='ocrx_word' id='word_1_127' title='bbox 511 2175 569 2230; x_wconf 91' lang='lat' dir='ltr'><strong>Illic</strong></span> <span class='ocrx_word' id='word_1_128' title='bbox 585 2195 638 2230; x_wconf 73' lang='lat' dir='ltr'><strong>nra</strong></span> <span class='ocrx_word' id='word_1_129' title='bbox 652 2189 767 2242; x_wconf 80' lang='lat' dir='ltr'><strong>sonant,</strong></span> <span class='ocrx_word' id='word_1_130' title='bbox 784 2189 834 2230; x_wconf 89' lang='lat' dir='ltr'><strong>etc.</strong></span> 
     </span>
    </p>
   </div>
   <div class='ocr_carea' id='block_1_4' title="bbox 370 2344 1439 2542">
    <p class='ocr_par' dir='ltr' id='par_1_7' title="bbox 370 2344 1439 2542">
     <span class='ocr_line' id='line_1_18' title="bbox 412 2344 1438 2434; baseline 0 -26"><span class='ocrx_word' id='word_1_131' title='bbox 412 2344 556 2410; x_wconf 90' lang='lat' dir='ltr'><strong>Puerum</strong></span> <span class='ocrx_word' id='word_1_132' title='bbox 573 2347 705 2412; x_wconf 86' lang='lat' dir='ltr'><strong>Flaccus</strong></span> <span class='ocrx_word' id='word_1_133' title='bbox 730 2347 845 2412; x_wconf 87' lang='lat' dir='ltr'><strong>habuit</strong></span> <span class='ocrx_word' id='word_1_134' title='bbox 866 2349 901 2412; x_wconf 91' lang='lat' dir='ltr'><strong>in</strong></span> <span class='ocrx_word' id='word_1_135' title='bbox 924 2346 1064 2430; x_wconf 88' lang='lat' dir='ltr'><strong>deliciis,</strong></span> <span class='ocrx_word' id='word_1_136' title='bbox 1083 2368 1182 2434; x_wconf 87' lang='lat' dir='ltr'><strong>quem</strong></span> <span class='ocrx_word' id='word_1_137' title='bbox 1203 2345 1438 2410; x_wconf 83' lang='lat' dir='ltr'><strong>Amazonicum</strong></span> 
     </span>
     <span class='ocr_line' id='line_1_19' title="bbox 370 2451 1439 2542; baseline 0 -27"><span class='ocrx_word' id='word_1_138' title='bbox 370 2451 502 2540; x_wconf 92' lang='lat' dir='ltr'><strong>quidem</strong></span> <span class='ocrx_word' id='word_1_139' title='bbox 518 2454 698 2542; x_wconf 87' lang='lat' dir='ltr'><strong>appellant:</strong></span> <span class='ocrx_word' id='word_1_140' title='bbox 713 2454 781 2534; x_wconf 87' lang='lat' dir='ltr'><strong>ejus</strong></span> <span class='ocrx_word' id='word_1_141' title='bbox 798 2471 905 2519; x_wconf 89' lang='lat' dir='ltr'><strong>autem</strong></span> <span class='ocrx_word' id='word_1_142' title='bbox 921 2454 1075 2536; x_wconf 83' lang='lat' dir='ltr'><strong>formam,</strong></span> <span class='ocrx_word' id='word_1_143' title='bbox 1092 2470 1190 2540; x_wconf 87' lang='lat' dir='ltr'><strong>atque</strong></span> <span class='ocrx_word' id='word_1_144' title='bbox 1208 2452 1366 2534; x_wconf 89' lang='lat' dir='ltr'><strong>indolem,</strong></span> <span class='ocrx_word' id='word_1_145' title='bbox 1380 2473 1439 2515; x_wconf 88' lang='lat' dir='ltr'><strong>ve-</strong></span> 
     </span>
    </p>
   </div>
   <div class='ocr_carea' id='block_1_5' title="bbox 354 2558 1440 2837">
    <p class='ocr_par' dir='ltr' id='par_1_8' title="bbox 354 2558 1440 2837">
     <span class='ocr_line' id='line_1_20' title="bbox 354 2558 1438 2652; baseline 0.001 -31"><span class='ocrx_word' id='word_1_146' title='bbox 354 2575 550 2643; x_wconf 87' lang='lat' dir='ltr'><strong>nustatem,</strong></span> <span class='ocrx_word' id='word_1_147' title='bbox 563 2561 699 2650; x_wconf 84' lang='lat' dir='ltr'><strong>eleganti</strong></span> <span class='ocrx_word' id='word_1_148' title='bbox 715 2562 944 2652; x_wconf 86' lang='lat' dir='ltr'><strong>epigrammate</strong></span> <span class='ocrx_word' id='word_1_149' title='bbox 960 2563 1029 2627; x_wconf 91' lang='lat' dir='ltr'><strong>Val.</strong></span> <span class='ocrx_word' id='word_1_150' title='bbox 1048 2560 1201 2624; x_wconf 86' lang='lat' dir='ltr'><strong>Martialis</strong></span> <span class='ocrx_word' id='word_1_151' title='bbox 1217 2558 1438 2648; x_wconf 90' lang='lat' dir='ltr'><strong>prosequitur.</strong></span> 
     </span>
     <span class='ocr_line' id='line_1_21' title="bbox 371 2663 1440 2758; baseline -0.003 -31"><span class='ocrx_word' id='word_1_152' title='bbox 371 2665 419 2728; x_wconf 89' lang='lat' dir='ltr'><strong>De</strong></span> <span class='ocrx_word' id='word_1_153' title='bbox 437 2665 498 2729; x_wconf 87' lang='lat' dir='ltr'><strong>alio</strong></span> <span class='ocrx_word' id='word_1_154' title='bbox 514 2681 622 2732; x_wconf 86' lang='lat' dir='ltr'><strong>autem</strong></span> <span class='ocrx_word' id='word_1_155' title='bbox 644 2667 778 2751; x_wconf 86' lang='lat' dir='ltr'><strong>Flacco,</strong></span> <span class='ocrx_word' id='word_1_156' title='bbox 795 2667 853 2756; x_wconf 90' lang='lat' dir='ltr'><strong>qni</strong></span> <span class='ocrx_word' id='word_1_157' title='bbox 876 2667 1103 2758; x_wconf 85' lang='lat' dir='ltr'><strong>epigrammata</strong></span> <span class='ocrx_word' id='word_1_158' title='bbox 1121 2665 1267 2752; x_wconf 85' lang='lat' dir='ltr'><strong>scripsit,</strong></span> <span class='ocrx_word' id='word_1_159' title='bbox 1289 2685 1349 2726; x_wconf 91' lang='lat' dir='ltr'><strong>suo</strong></span> <span class='ocrx_word' id='word_1_160' title='bbox 1363 2663 1440 2725; x_wconf 91' lang='lat' dir='ltr'><strong>loco</strong></span> 
     </span>
     <span class='ocr_line' id='line_1_22' title="bbox 372 2767 522 2837; baseline 0.033 -5"><span class='ocrx_word' id='word_1_161' title='bbox 372 2767 522 2837; x_wconf 83' lang='lat' dir='ltr'><strong>diximus.</strong></span> 
     </span>
    </p>
   </div>
   <div class='ocr_carea' id='block_1_6' title="bbox 0 0 1582 5126">
    <p class='ocr_par' dir='ltr' id='par_1_9' title="bbox 0 0 1582 5126">
     <span class='ocr_line' id='line_1_23' title="bbox 0 0 1582 5126; baseline 0 0"><span class='ocrx_word' id='word_1_162' title='bbox 0 0 1582 5126; x_wconf 95' lang='lat' dir='ltr'><strong> </strong></span> 
     </span>
    </p>
   </div>
  </div>
 </body>
</html>
