3246 5112
372 469 414 533 80
473 464 526 531 IN
557 464 648 528 LIB.
673 463 880 530 PRIMUM
906 463 1332 530 ARGONAUTICON

371 582 490 653 Augusto
500 577 618 650 primum
628 587 781 648 receptam,
794 576 882 644 ceteri
893 588 987 650 postea
1000 575 1131 648 principes
1143 575 1291 630 obtinuere.
1307 577 1439 632 Caeterum

374 664 489 718 solennis
502 662 551 716 ista
560 655 737 714 ¹invocationis
751 660 876 712 formula.
891 659 983 714 Horat.
998 658 1034 714 ad
1046 661 1194 732 Augustum
1205 697 1214 725 ,
1226 659 1280 716 Od.
1293 662 1324 727 1,
1341 681 1376 716 a:

632 777 676 824 iiic
685 792 748 824 ames
757 775 804 823 dici
813 784 959 842 peteretque
969 776 1087 840 princeps.

270 903 273 910 ’
373 902 497 960 EtOvid.
507 904 580 956 Fast.
592 903 637 966 11,
650 919 716 974 ¹²7²
729 906 818 953 Sancte
825 914 899 970 pater
905 904 1005 969 pause.

408 1014 496 1079 Quum
510 1021 597 1064 autem
611 1027 672 1062 acer
685 1007 764 1062 inerit
773 1009 942 1080 Augustusin
958 1009 1040 1062 veteri
1055 1007 1154 1062 tuendo
1167 1009 1277 1062 deorum
1290 1010 1382 1074 cultu,
1397 1009 1442 1062 iir-

373 1093 477 1149 mandis
490 1093 607 1165 legibus,
620 1092 739 1145 moribus
752 1091 941 1157 emendandis,
956 1103 1067 1146 testatur
1080 1094 1219 1148 Suetonius
1229 1095 1309 1166 (Aug.
1321 1113 1381 1166 cap.
1394 1095 1441 1148 31·

375 1185 408 1250 34
414 1185 435 1252 ).
442 1181 554 1253 Augusti
565 1193 670 1234 secutm
679 1180 826 1251 exemplum
835 1178 1013 1252 Vespasianus
1021 1179 1089 1231 nihil
1099 1180 1231 1252 antiquius
1241 1181 1350 1246 habuit,
1359 1199 1441 1253 quant
1482 1210 1488 1223 ·

375 1279 405 1321 ut
421 1268 541 1320 frenaret
557 1264 705 1328 luxuriam,
720 1273 852 1316 coerceret
869 1261 1010 1326 libidines,
1023 1261 1131 1335 judiciis
1148 1263 1229 1317 fidem
1243 1283 1273 1317 ac
1287 1263 1441 1336 dignitatem

373 1348 522 1404 restitueret
534 1348 621 1420 (Suet.
629 1347 740 1418 Vespas.
754 1349 845 1412 eu),
861 1344 959 1417 dignus
969 1365 1032 1401 sane
1041 1346 1173 1412 moribus,
1187 1347 1233 1420 qui
1242 1361 1343 1399 sancus
1354 1359 1439 1418 poetas

375 1445 465 1488 nostro
481 1432 621 1487 diceretur.
640 1431 695 1484 Nec
708 1441 797 1484 tamen
810 1428 915 1483 inlicius
931 1449 978 1494 eo,
994 1442 1097 1502 patrem
1111 1449 1173 1483 eum
1185 1431 1238 1483 bic*
1253 1430 1379 1502 appellari
1393 1450 1442 1504 po·

375 1517 471 1580 tuisse,
483 1513 557 1586 quod
569 1512 638 1567 filios
653 1513 763 1566 haberet
775 1513 866 1565 Titum
879 1522 906 1566 et
914 1513 1095 1566 Domitianum
1103 1551 1113 1577 ,
1122 1514 1156 1567 de
1166 1514 1262 1587 quibm
1274 1513 1355 1586 paulo
1368 1515 1440 1569 infra

375 1600 514 1663 Valerius3
528 1617 583 1671 quo
596 1598 624 1650 in
643 1615 721 1650 sensu
734 1611 819 1647 sancte
831 1597 911 1648 etiam
924 1615 979 1649 non
992 1608 1131 1668 repugnat.
1149 1596 1250 1651 scimm
1265 1608 1292 1649 et
1309 1597 1444 1670 scripsisse

375 1685 527 1741 Suetonium
542 1683 577 1752 (V
579 1699 663 1753 espas.
678 1698 737 1752 cap.
752 1681 801 1750 ra)
814 1679 889 1733 illum
902 1679 1007 1733 nonnisi
1016 1699 1074 1733 sero
1088 1679 1251 1734 tribunitiam
1269 1692 1441 1752 potestatem,

376 1769 510 1842 putrisque
523 1767 614 1839 patriae
629 1764 831 1837 appellationem
846 1766 990 1837 recepisse;
1006 1763 1053 1818 sed
1065 1777 1167 1817 veteres
1180 1783 1303 1818 nummos
1316 1785 1333 1820 a
1346 1766 1442 1838 primis

376 1853 538 1927 principatus
558 1851 615 1922 ejus
629 1849 706 1902 anuis
724 1848 776 1902 boc
793 1849 870 1901 titulo
889 1848 1006 1920 signatos
1026 1847 1106 1900 etiam
1126 1867 1199 1901 nnuc
1220 1847 1319 1902 volenti
1336 1849 1444 1903 cuilibet

335 1983 343 1991 ,
376 1937 505 2008 inspicere
524 1945 572 1987 est.
587 1965 622 1974 —
634 1939 793 2001 Vetensmque
805 1935 870 2001 save
887 1937 1035 1985 ueneranda
1048 1935 1149 1985 canenti
1161 1933 1237 2002 sacta
1250 1937 1349 1994 minema
1363 1933 1401 1989 sic
1418 1943 1445 1988 et

378 2019 550 2093 Apollonius,
562 2018 591 2082 1,
608 2034 638 2068 1:

494 2115 632 2206 bpzdpsssc
646 2135 700 2200 cio,
710 2129 797 2194 Φοῐὸι,
810 2134 974 2202 παλαιγενέων
986 2134 1046 2184 ullu
1055 2137 1140 2200 puros

497 2227 640 2297 Msslocpct.

413 2349 450 2401 V.
465 2365 506 2402 sa.
533 2354 635 2399 Versum
648 2346 730 2413 ptules
742 2357 785 2394 tuo
798 2345 895 2410 pandet
910 2347 1023 2394 Idrsmea.
1032 2373 1068 2383 -
1079 2340 1152 2395 Nihil
1163 2341 1238 2394 dubii
1250 2352 1289 2395 est
1300 2342 1380 2416 ,quin
1391 2343 1446 2398 hoc

378 2435 438 2486 loco
447 2443 525 2505 poeta
535 2427 637 2484 adulari
646 2426 756 2480 soluerit
765 2423 918 2479 Domitiano
925 2465 934 2493 ,
941 2427 1097 2499 Vespasiani
1105 2439 1169 2480 nutu
1180 2426 1276 2480 minori
1285 2427 1340 2480 filio
1349 2468 1357 2494 ,
1365 2447 1446 2500 quem

379 2515 518 2571 Suetonius
527 2522 653 2575 testatur,
663 2508 726 2563 dum
735 2521 808 2578 pater
817 2509 950 2583 fraterque
961 2510 1095 2576 viverent,
1106 2510 1222 2583 poetices
1233 2510 1349 2566 studium
1361 2513 1444 2566 simu·

379 2601 463 2664 lasse,
477 2598 608 2650 insuetum
620 2605 715 2656 antea,
731 2603 821 2665 postea
839 2604 958 2664 spretum
973 2605 999 2646 et
1011 2595 1159 2667 abjectum
1175 2594 1333 2666 publiceque
1346 2595 1444 2665 etiam,

380 2684 467 2736 alieno
478 2684 566 2737 iorsrn
576 2679 688 2732 formata
702 2677 807 2749 ingenio
818 2679 952 2732 recitasse.
964 2680 1076 2744 Quantis
1085 2697 1147 2732 curn
1159 2677 1282 2731 laudibus
1288 2717 1296 2745 ,
1306 2691 1444 2752 postquam

378 2766 520 2840 imperium
532 2759 661 2825 obtinuit,
681 2760 756 2813 velut
768 2761 894 2814 eximium
913 2773 1020 2834 poetam
1039 2764 1120 2817 coesi
1132 2762 1270 2834 scriptores
1285 2762 1443 2830 extulerint,

380 2869 459 2905 nemo
468 2858 507 2901 est
515 2846 561 2919 qui
569 2841 746 2916 ignoretvid.
756 2844 930 2909 Quint.XV1,
944 2863 955 2896 1
968 2863 975 2908 ς
985 2846 1050 2900 Stat.
1058 2847 1145 2899 Achil.
1156 2847 1185 2910 1,
1200 2847 1229 2900 15
1239 2865 1247 2911 ;
1256 2845 1303 2899 Sil.
1314 2847 1373 2899 ltu.
1383 2847 1444 2913 111,

381 2937 449 3000 618;
463 2925 577 2984 Martini.
589 2927 701 3012 passim:
716 2927 755 2980 Ex
768 2928 810 2981 his
825 2927 906 2981 infert
919 2929 1029 2982 Vossius
1039 2930 1125 3001 reipsa
1142 2927 1320 2984 abomitiano
1336 2949 1444 2986 carmen

381 3016 527 3070 institutum
540 3011 620 3064 luisse
635 3015 678 3074 τῆς
691 3007 821 3074 Isudcituic
833 3011 1061 3074 didosueVerusu
1072 3012 1118 3084 qui
1132 3013 1257 3068 credibile
1271 3015 1304 3068 sit
1313 3015 1444 3069 Demitu-

380 3118 445 3154 uum
457 3095 530 3150 omni
548 3095 639 3147 alienas
656 3093 746 3146 virtuti
766 3113 796 3146 se
817 3094 906 3166 glorie
924 3094 1101 3160 invidentem,
1115 3098 1245 3152 fraternus
1265 3097 1357 3152 laudes
1374 3100 1443 3152 cele·

381 3179 496 3236 brandus
510 3175 673 3249 suscepisse?
682 3175 754 3229 Vero
765 3178 878 3230 similius
887 3191 925 3231 est
933 3191 1040 3252 poetam
1053 3193 1172 3235 nostrum
1185 3184 1266 3236 talem
1278 3184 1348 3236 hanc
1360 3195 1444 3237 mate·

381 3268 448 3320 riam
469 3261 584 3336 principi
601 3259 692 3333 juveni
704 3261 890 3332 proposuisse,
910 3275 939 3314 ut
955 3263 1010 3336 ipse
1028 3265 1111 3318 abiret
1128 3279 1277 3331 excusatus,
1292 3267 1365 3339 quod
1385 3287 1444 3322 eam

382 3369 436 3403 nou
452 3358 589 3408 tractaret3
605 3344 660 3396 imo
674 3355 703 3396 ut
718 3344 880 3412 Vespasiano
901 3360 1092 3411 assentaretur,
1111 3368 1193 3422 quum
1207 3370 1285 3404 unam
1305 3371 1336 3404 ex
1348 3351 1443 3416 rebus,

382 3435 440 3507 ipso
452 3433 613 3504 imperante,
624 3429 821 3501 praeclarissime
837 3430 913 3502 gestis
931 3432 1117 3498 memoraud03
1130 3444 1185 3486 turn
1197 3433 1329 3488 laudando
1340 3435 1445 3488 felicem

382 3515 527 3570 Domitiani
546 3531 654 3578 venam
668 3525 725 3564 tum
740 3513 819 3566 etiam
838 3513 901 3568 huie
918 3516 1044 3570 carminis
1056 3530 1240 3588 argumentum
1255 3519 1444 3592 proponendo,

382 3600 455 3674 quod
471 3611 543 3653 tauto
555 3599 637 3670 magis
648 3596 699 3669 ipsi
712 3598 866 3670 imperatori
878 3611 946 3652 esset
960 3601 1175 3672 approbandum,
1190 3615 1288 3674 quanto
1303 3603 1387 3675 magis
1398 3601 1446 3656 de·

382 3686 492 3738 lectatus
507 3681 611 3748 fuisset,
623 3681 646 3734 si
659 3682 742 3746 iilius,
756 3681 876 3747 invidus,
886 3695 914 3734 ut
929 3696 995 3748 erat,
1012 3703 1043 3737 ac
1055 3686 1204 3760 zelotypus,
1217 3699 1337 3757 paternas
1350 3686 1446 3740 irater·

382 3785 482 3838 nasque
493 3763 584 3818 laudes
601 3783 694 3817 canere
711 3785 763 3818 non
778 3765 936 3838 dedignatus
948 3767 1050 3822 ferisset.

418 3887 521 3936 Pendet.
531 3882 657 3937 -Vatio
668 3885 805 3948 etBouon.
816 3883 895 3938 codd.
911 3889 1009 3939 Pandit.
1020 3887 1113 3940 Nescio
1126 3905 1178 3960 qua
1193 3887 1344 3940 auctoritate
1362 3888 1446 3942 fretus

382 3968 504 4021 Heinsius
528 3967 642 4020 dixerit:
664 3993 675 4015 ι
693 3973 788 4021 Pendet
800 3982 839 4023 est
852 3970 880 4022 in
894 3970 995 4042 scriptis
1005 4008 1013 4034 ,
1030 3990 1084 4024 non
1102 3976 1226 4024 Poecilen.
1249 3971 1359 4044 subjicit
1377 3973 1446 4026 Rur-

384 4072 495 4106 mannus
511 4051 567 4115 Pii,
582 4051 698 4115 Masurii,
713 4053 816 4118 Juntso,
830 4052 943 4125 Gryplrii
961 4053 1022 4106 edd.
1042 4055 1112 4108 idem
1126 4055 1177 4110 hoc
1190 4059 1287 4125 pandet
1302 4055 1445 4128 praeierrc;

384 4135 429 4190 sed
441 4137 520 4199 salso;
535 4155 627 4192 omnes
633 4141 723 4204 pandis
738 4135 849 4191 habeut·
861 4138 990 4192 Caeterum
1001 4156 1085 4209 quum
1098 4139 1126 4191 in
1137 4141 1267 4194 veteribus
1281 4137 1360 4192 codd.
1376 4144 1446 4192 ceti
1492 4168 1495 4174 ·
