3198 5106
371 545 511 593 cnxxxts
781 521 1037 592 PRAEFATIO
1088 533 1092 544 “
1158 567 1165 583 .

371 655 442 718 viro
455 651 583 717 cuidam
600 651 699 716 docto
716 651 805 740 prius
825 651 1057 740 adscripseram
1073 649 1292 732 conjecturas,
1320 671 1437 742 paucas

372 759 523 850 quidem,
538 775 571 823 at
586 779 729 848 sagaces,
744 758 851 822 Alardi
860 759 1025 846 exemplo,
1038 755 1128 845 quod
1139 777 1268 820 mecum
1282 757 1437 845 laegerus,

372 865 487 932 doctor
513 865 679 929 literarum
702 863 863 927 bonarum
890 879 924 928 et
938 863 1077 928 historia
1098 863 1132 926 in
1149 861 1363 928 Universitate
1381 863 1437 928 Al·

372 1099 424 1140 tur.
437 1083 519 1152 Quod
531 1083 570 1137 illi
583 1099 662 1136 neruo
675 1083 740 1136 sitio
756 1092 840 1136 restet
851 1122 859 1149 ,
875 1081 923 1154 qui
940 1099 1030 1136 secum
1043 1080 1265 1146 consideraverit,
1278 1083 1383 1154 quantis
1396 1093 1436 1136 te·

371 1173 460 1230 nebris
473 1174 627 1235 immarus,
643 1182 741 1243 quanta
752 1189 874 1224 urorum
887 1171 963 1242 eopia
977 1171 1090 1224 obrutus
1105 1171 1185 1224 inerit
1197 1170 1240 1223 rir
1251 1168 1435 1236 doctissimus,

370 1264 399 1317 in
410 1263 509 1336 quibus
515 1259 639 1314 omuibus
648 1267 750 1312 tentare
763 1257 923 1312 medicinam
936 1257 1047 1319 maluit,
1061 1257 1141 1310 etiam
1151 1275 1273 1312 successu
1283 1271 1436 1322 carentem,

370 1370 451 1427 quam
464 1349 531 1404 nibil
545 1349 625 1422 plane
638 1348 745 1402 afferre.
767 1348 819 1402 Alii
834 1360 906 1402 certe
919 1349 956 1402 its
969 1348 1051 1402 veluti
1064 1365 1146 1402 manu
1162 1347 1297 1402 ducuntur
1315 1348 1350 1404 ad
1368 1350 1436 1403 bene

369 1438 526 1494 merendum
534 1436 568 1490 de
576 1435 685 1500 Flacco,
696 1453 781 1507 quutn
792 1435 823 1490 iis
837 1435 950 1490 maxims
961 1435 1025 1489 locis
1038 1436 1157 1489 animum
1169 1435 1307 1490 intendere
1315 1436 1434 1510 possint,

370 1545 428 1602 quse
450 1539 573 1598 corrupta
591 1537 636 1578 snt
651 1523 776 1596 impedita
791 1543 847 1580 esse
863 1524 990 1579 indicarit
1007 1523 1042 1578 el.
1061 1525 1238 1580 Burmannus.
1251 1525 1367 1579 Gennini
1382 1525 1435 1579 hoc

369 1628 449 1690 atque
461 1618 495 1669 ab
507 1615 580 1668 omni
594 1613 769 1667 ostentatione
781 1614 877 1667 remoti
891 1613 1040 1686 interpretis
1061 1626 1138 1678 erst;
1155 1633 1213 1668 non
1225 1615 1313 1668 minus
1325 1626 1433 1680 tamen,

369 1706 443 1779 quod
453 1723 540 1778 neqsm
547 1703 686 1768 Gronorii,
695 1702 809 1772 fleinsii,
821 1703 931 1772 Graevii,
942 1723 1030 1778 neque
1040 1703 1189 1760 amicissimi
1203 1703 1376 1759 Brouokhnsii
1387 1725 1435 1759 au·

368 1796 489 1850 ctoritate
501 1803 635 1866 permotus
650 1804 704 1856 est,
718 1803 748 1844 ut
760 1793 897 1846 veritatem
910 1793 1057 1860 desereret,
1073 1793 1229 1866 magnisque
1242 1793 1304 1848 viris
1321 1793 1436 1848 adbaere-

368 1897 467 1951 sceret;
481 1885 547 1956 quin
561 1882 666 1954 potius,
680 1882 840 1955 ubicumque
852 1901 894 1936 res
906 1883 1064 1955 postularit,
1076 1883 1160 1938 iibere
1171 1884 1319 1938 dissensum
1331 1883 1436 1958 prolite-

370 1987 427 2043 tnr,
439 1986 474 2042 et,
486 1974 514 2026 in
528 1973 579 2027 alia
591 1972 681 2026 omnia
693 1973 740 2040 ire,
753 1990 859 2045 equium
872 1975 1012 2028 nimiast.
1024 1975 1096 2028 Inter
1106 1987 1145 2028 tot
1155 1975 1264 2028 virtutes
1276 1974 1363 2046 pairno
1375 1971 1436 2028 loco

369 2061 571 2120 memorandum
586 2072 662 2125 erat,
681 2061 754 2132 quod
775 2080 829 2115 uon
849 2061 931 2116 ruodo
950 2057 1062 2116 ineditas
1081 2063 1146 2116 Ger.
1163 2057 1251 2118 Voseii
1265 2057 1292 2115 iu
1308 2061 1435 2116 Flaccum

367 2151 553 2207 annotationes
564 2148 727 2222 adjunxerit,
740 2161 766 2202 et
779 2148 908 2220 quasdam
918 2169 990 2203 nunc
999 2151 1116 2222 primum
1126 2149 1244 2213 Heinsii,
1259 2167 1326 2224 quas
1340 2169 1436 2222 nempe

368 2240 455 2294 codici
468 2257 516 2292 suo
528 2225 702 2311 appinxeril,
716 2238 890 2309 evulgaverit,
905 2237 949 2290 sed
963 2239 1060 2304 etism,
1074 2251 1105 2290 ut
1118 2237 1199 2290 index
1211 2237 1305 2303 babet,
1324 2241 1435 2306 integros

367 2329 508 2382 doctorum
522 2325 640 2379 suorum
653 2336 730 2378 notas
748 2325 897 2397 subjecerit.
914 2326 984 2378 Vere
1003 2326 1125 2398 integras.
1143 2326 1204 2378 Non
1226 2325 1297 2378 enim
1315 2323 1435 2396 sequitur

368 2418 403 2471 cl.
413 2417 580 2469 Burmannus
591 2431 683 2466 eorurn
698 2431 798 2475 mores,
809 2413 856 2485 qni
866 2414 980 2486 integras
989 2415 1164 2487 promittunt,
1178 2413 1256 2467 tacite
1267 2426 1357 2466 tamen
1365 2413 1436 2465 inter

367 2509 478 2574 itrtegras
495 2517 522 2557 et
533 2505 658 2556 raniversus
673 2501 816 2556 discrimen
830 2501 964 2576 quoddam
976 2515 1141 2576 agnoscunt:
1153 2501 1200 2556 sed
1219 2521 1253 2555 ne
1268 2501 1306 2555 sic
1325 2499 1433 2573 quidem

369 2593 475 2648 lectoris
499 2590 688 2664 exspectationi
708 2590 881 2644 satisfaciunt.
901 2589 1017 2646 Eroltas
1036 2593 1105 2646 enim
1124 2591 1267 2657 Tacitum,
1285 2591 1433 2654 Caesarem,

367 2682 519 2744 lustinum,
535 2679 652 2752 aliosque
660 2679 747 2751 'bajus
765 2678 837 2732 modi
850 2680 1007 2751 scriptores,
1020 2679 1116 2752 quibus
1127 2681 1154 2732 in
1168 2680 1254 2733 fronte
1266 2677 1432 2752 splendidum

368 2772 474 2826 titulum
489 2769 650 2832 allersrunt3
663 2767 709 2821 sed
725 2787 785 2840 spes
801 2780 845 2821 tua
864 2769 930 2822 iales
945 2769 1003 2822 erit.
1012 2769 1129 2822 Tantum
1146 2769 1216 2823 enim
1231 2769 1319 2832 abest,
1329 2779 1359 2820 ut
1374 2761 1432 2819 uni·

368 2878 455 2914 rasas
475 2857 616 2924 Pisitana,
631 2855 743 2920 Ursini,
763 2857 920 2929 Bongarsii,
946 2858 1091 2912 aliorumve
1110 2870 1201 2922 notas,
1223 2857 1272 2910 etsi
1291 2855 1370 2910 index
1389 2873 1433 2909 eas

368 2946 475 3003 mentiri
487 2944 604 3010 ridetur,
618 2945 684 2998 inibi
696 2945 827 3017 reperias,
844 2958 874 2999 ut
884 2946 982 3012 etiam,
1001 2967 1067 3020 quas
1082 2947 1206 3002 exhibent
1224 2945 1357 3018 magnifici
1372 2963 1432 3017 pro·

368 3039 509 3100 missores,
528 3034 678 3089 decurtatus
694 3046 720 3088 et
739 3035 833 3088 misere
848 3047 982 3090 mancatas
999 3035 1129 3098 dederint,
1144 3035 1210 3091 adeo
1223 3048 1252 3088 ut
1264 3035 1358 3090 multas
1369 3035 1433 3088 alias

368 3126 448 3180 etiam
461 3123 589 3178 editiones
603 3123 737 3196 requirere
748 3122 862 3187 debeas,
880 3125 903 3177 si
916 3123 1004 3178 auimo
1015 3136 1063 3178 too
1073 3125 1222 3178 satisfacere
1233 3123 1307 3179 reiis.
1321 3123 1383 3177 Nou
1395 3123 1431 3176 ita

366 3214 463 3268 delusit
481 3212 595 3284 optimus
608 3209 774 3278 Burmannus
787 3210 899 3264 lectores
913 3229 992 3264 snos:
1009 3221 1068 3266 tuto
1088 3211 1236 3279 Carrionis,
1254 3209 1346 3275 Bulbi,
1367 3209 1432 3264 alio-

368 3319 499 3374 rumque,
520 3317 635 3374 quorum
645 3299 760 3370 integras
770 3310 845 3352 notas
854 3299 999 3371 promittit,
1009 3299 1185 3372 singularibus
1193 3299 1353 3354 editionibus
1362 3317 1432 3353 care·

367 3391 423 3456 bis3
433 3407 517 3464 quum
536 3387 625 3440 omnia
642 3387 765 3451 illorum,
784 3387 834 3441 nisi
850 3407 899 3442 nos
915 3389 1080 3462 comparatio
1091 3402 1182 3443 nostra
1197 3387 1278 3453 fallis,
1297 3387 1433 3442 bonafide

367 3478 499 3531 exhibeat.
521 3476 613 3547 Neque
635 3475 802 3548 praelationes
824 3487 850 3529 et
871 3475 1051 3531 dedicationes
1070 3476 1277 3544 desiderabis,a
1297 3478 1359 3530 siris
1381 3475 1431 3529 illis

367 3565 539 3621 concinnatas
555 3581 562 3615 ε
588 3581 670 3634 quas,
690 3563 830 3617 utilissimo
847 3563 975 3638 consilio,
993 3585 1084 3640 omnes
1110 3565 1206 3619 flacco
1228 3583 1277 3620 suo
1298 3565 1431 3642 pransisit.

274 3677 285 3690 ·
366 3653 445 3706 Nulla
456 3663 543 3705 tamen
553 3669 647 3704 aarum
660 3649 739 3723 plura
750 3649 783 3705 de
798 3665 875 3726 poeta
888 3651 1007 3718 docebit,
1019 3653 1098 3727 quum
1110 3653 1192 3726 ipsius
1202 3651 1361 3720 Burmanni,
1372 3673 1430 3726 quas

365 3742 452 3796 omnia
473 3741 506 3795 ad
524 3741 610 3794 varias
633 3739 761 3795 editiones
785 3745 947 3814 spectantia,
961 3742 1037 3798 docte
1059 3743 1208 3798 enarravit:
1231 3741 1308 3795 simul
1329 3761 1431 3795 errores

365 3830 495 3903 quosdam
508 3829 663 3894 Maittairii,
677 3829 792 3884 Fabricii
808 3843 834 3883 et
850 3829 1021 3886 defensorum
1034 3832 1179 3903 importuni
1195 3831 1263 3884 iliius
1276 3831 1365 3887 Alardi
1384 3852 1430 3904 op-

365 3933 479 3994 portune
495 3921 636 3994 castigavit.
659 3921 767 3974 Accedit
784 3921 918 3994 catalogus
932 3925 1145 3994 Argonautarum
1161 3942 1192 3977 ex
1208 3922 1390 3994 Argonauticis
1404 3935 1429 3975 et

365 4007 423 4064 aliis
434 4009 604 4082 scriptoribus
614 4009 757 4073 collectum
775 4029 830 4062 non
844 4010 901 4065 talis
914 4011 1038 4083 quidem,
1049 4013 1141 4085 quales
1152 4009 1310 4065 editionibus
1324 4012 1429 4064 Carrio·

366 4101 408 4154 nis
425 4110 451 4152 et
465 4097 553 4150 Alardi
569 4095 709 4163 adjunctos
724 4099 920 4172 conspicimus,
940 4112 986 4154 aut
996 4100 1100 4156 Simson
1115 4100 1143 4154 in
1150 4099 1285 4180 §hinrico
1296 4099 1428 4153 et'l'hom.

365 4187 464 4244 Galeus
481 4187 508 4239 in
522 4187 592 4241 notis
605 4187 638 4240 ad
655 4188 808 4260 Apollodori
822 4187 1012 4244 bibliothecam
1025 4189 1172 4257 dederunt,
1185 4190 1270 4244 minus
1291 4201 1428 4246 accuratos

367 4290 392 4330 et
409 4275 555 4347 legentibus
574 4293 670 4350 parum
691 4277 923 4332 accommodatos:
939 4277 985 4332 sed
1006 4278 1053 4352 qui
1070 4280 1183 4333 ubertim
1196 4299 1227 4332 ex
1240 4281 1315 4334 omni
1333 4299 1428 4351 genere

1272 4553 1287 4590 t
