3122 5126
282 553 355 628 au
385 517 679 630 LECTOREM
710 537 1049 630 aaunvonun.
1154 582 1193 631 n

119 689 293 767 volentia
315 689 547 786 tradiderit,
570 692 611 768 in
631 691 796 768 latinum
818 719 1053 788 sermonem,
1071 720 1194 798 quan·

121 831 206 891 tum
227 815 371 919 potui,
397 815 685 892 accuratissime
707 814 911 910 transtuli3
933 841 1050 921 quas,
1072 815 1195 893 lector

123 937 298 1043 optime,
338 954 433 1043 post
474 964 790 1044 unumquemque
823 935 969 1014 librum
1005 938 1195 1043 sepositas

124 1061 311 1138 invenies.
339 1059 543 1161 Quasdam
564 1088 723 1167 quoque
749 1077 862 1138 notas
890 1089 977 1138 mco
1000 1087 1105 1166 penu
1129 1060 1195 1139 de-

125 1201 334 1290 promptas
365 1182 511 1290 adjeci,
536 1181 696 1292 quando
727 1185 812 1289 ipsa
844 1213 923 1280 res,
955 1200 1023 1260 aut
1055 1185 1196 1290 saepius

126 1307 245 1414 hujus
267 1306 459 1384 editionis
483 1307 754 1384 convenientia
782 1324 821 1384 et
851 1306 995 1383 usitata
1024 1307 1125 1385 ratio
1153 1306 1195 1385 id

127 1429 329 1536 postulare
350 1428 611 1507 videbantur:
639 1428 742 1506 unde
769 1430 948 1535 profecto
977 1427 1195 1507 timendum

127 1554 226 1630 mihi
251 1572 329 1651 est,
356 1582 406 1630 ne
433 1554 483 1636 in
500 1581 619 1660 opere
640 1554 806 1658 eleganti
826 1571 866 1631 et
884 1553 1034 1631 affabre
1050 1583 1195 1661 perpo-

127 1677 200 1754 lito
227 1704 368 1754 manus
395 1704 480 1752 mea
508 1673 618 1753 rudis
646 1693 684 1753 et
712 1677 840 1753 minus
866 1675 1044 1781 leporum
1069 1677 1195 1782 perita

131 1799 359 1906 saepiuscule
382 1797 712 1904 deprehendatur.

187 1923 512 2028 ClWagnerum,
527 1923 639 2029 cujus
655 1924 853 2028 integrum
871 1926 1196 2002 commentarium

131 2047 341 2152 assumpsi,
363 2044 503 2123 ducem
522 2047 564 2122 in
584 2062 693 2123 textu
710 2044 865 2124 edendo
884 2065 1072 2154 sequutus
1089 2076 1193 2144 sum,

130 2170 304 2275 exceptis
330 2187 459 2246 tarncn
481 2169 633 2276 aliquot
650 2169 762 2264 locis,
784 2198 872 2277 quae
899 2197 946 2247 ex
971 2171 1197 2277 conjectura

129 2293 210 2397 jam
240 2293 392 2398 etipse
420 2309 653 2390 mutaverat;
674 2291 808 2400 ibique
838 2321 911 2398 ego
945 2311 1012 2371 aut
1043 2295 1196 2372 restitui
1305 2329 1309 2336 ·

132 2413 328 2519 vulgatam
356 2414 584 2512 lectionem,
617 2433 685 2492 aut
712 2417 861 2522 protuli
889 2444 1049 2513 novam,
1077 2435 1197 2523 prout

134 2537 361 2615 alterutram
382 2537 538 2616 codices
557 2539 697 2644 optimi
721 2523 1016 2617 firmabantht
1036 2539 1198 2647 quidem

136 2688 285 2766 summa
313 2661 502 2766 patientia
533 2662 709 2768 miraque
741 2663 950 2766 sagacitate
979 2662 1197 2742 Manuscri-

137 2800 245 2887 ptos,
268 2801 380 2861 antea
403 2813 483 2862 non
502 2785 595 2862 satis
616 2783 784 2862 fideliter
803 2785 1018 2890 inspectos,
1035 2803 1073 2862 at
1087 2786 1197 2892 prin-

135 2907 240 3012 cipes
269 2906 462 2985 editiones
491 2908 696 3014 ipsissimis
725 2908 848 2984 oculis
874 2908 936 2984 vir
960 2908 1006 2984 cl.
1033 2908 1196 2986 Crussm

138 3031 285 3124 revisit,
316 3030 580 3137 perlegitque;
613 3029 719 3108 unde
745 3031 953 3108 Variantes
987 3031 1194 3108 Lectiones

134 3150 328 3230 nullidum
377 3151 609 3232 memoratas
650 3156 762 3232 eruit.
809 3155 890 3231 Has
922 3181 1058 3231 omnes
1092 3153 1195 3232 infra

134 3277 259 3353 textui
292 3275 485 3383 subjectas
513 3277 625 3356 lineis
658 3279 822 3383 integris
850 3276 983 3356 videre
1015 3295 1085 3355 est.
1115 3279 1194 3379 Qui

133 3425 229 3476 vero
245 3397 343 3476 MSS
362 3417 400 3477 et
416 3427 503 3507 quaa
520 3398 610 3478 edd.
632 3399 682 3478 ad
702 3428 765 3478 eas
785 3400 971 3478 lectiones
992 3399 1198 3478 conficien-

134 3520 206 3600 das
220 3522 365 3600 fuerint
378 3522 586 3618 adhibitae,
606 3525 636 3601 si
652 3524 787 3628 paucis
803 3521 1052 3618 edisseratur,
1067 3551 1196 3630 operae

135 3645 304 3749 pretium
321 3645 404 3722 fore
420 3645 604 3723 arbitror.

186 3766 380 3845 Manuscri
386 3769 444 3874 pti
458 3767 538 3846 duo
553 3786 664 3865 sunt,
682 3769 776 3846 olim
796 3768 846 3846 ab
862 3770 974 3847 ltalia
989 3771 1030 3846 in
1044 3769 1192 3847 ultimis

131 3889 244 3968 bellis
265 3892 462 3969 Lutetiam
481 3891 654 3988 advecti3
677 3920 804 3999 nuper
825 3911 970 3990 autem,
992 3892 1196 3972 Ludovioo

131 4014 266 4092 XVIII
277 4043 433 4120 pacem,
443 4015 635 4120 justitiam
647 4032 686 4093 et
701 4015 818 4094 fidem
830 4045 959 4094 secum
970 4016 1196 4114 reducente,

131 4136 327 4216 veteribus
344 4136 518 4215 dominis
536 4139 719 4218 restituti.
734 4140 850 4216 Prior
860 4140 1086 4235 Vaticanus,
1111 4168 1195 4217 om·

126 4261 236 4338 nium
254 4260 573 4367 antiquissimus,
594 4289 640 4338 cx
656 4289 736 4368 quo
752 4291 888 4340 omnes
903 4259 1111 4358 defluxisse
1126 4291 1199 4369 pu-
