3198 5106
384 514 425 558 cc
554 490 842 559 WAGNERUS
872 493 940 558 DE
968 493 1076 559 VAL.
1104 492 1287 561 FLACCI

382 621 459 684 laria
475 633 600 698 amant,
617 633 649 680 et
666 617 699 678 in
714 617 764 680 his
780 618 929 706 profecto
944 619 1089 684 Valerius
1106 636 1171 700 est,
1187 620 1246 683 ista
1257 620 1447 711 singularia,-

349 721 351 736 '
381 726 457 790 vitia
470 722 571 804 adeo,
587 720 757 786 indicanda
770 722 919 809 quidem,
936 723 992 787 sed
1009 724 1047 787 iis
1063 723 1277 813 relinquenda
1293 744 1380 792 sunt.
1397 729 1449 794 Sic

382 832 481 920 igitur
496 828 574 908 feci,
598 829 745 915 incoque
763 827 893 892 discessi
911 851 930 892 a
945 828 1196 912 Friesemanno,
1219 833 1276 917 qui
1294 833 1327 896 in
1344 834 1448 898 Colle-

380 936 500 1002 ctaneis
516 933 652 1015 criticis,
666 936 767 998 Amst.
786 933 968 1022 1786‚in·4
978 983 987 1017 ,
999 935 1112 1016 editis,
1126 959 1158 1024 p.
1168 937 1239 1022 69-1
1250 937 1299 1020 18,
1308 939 1447 1004 multum

380 1063 486 1131 operae
510 1041 544 1102 in
563 1037 767 1104 emendando
783 1039 911 1103 Valerio
935 1040 1110 1129 impendit,
1128 1042 1322 1130 plerumque
1339 1060 1446 1110 tamen

381 1147 582 1228 conjecturas
599 1145 706 1211 attulit
723 1143 905 1234 ingeniosas
921 1144 989 1209 illas
1006 1143 1156 1234 quidem,
1170 1163 1202 1210 et
1218 1170 1348 1212 sensum
1367 1151 1446 1214 faci·

378 1254 442 1317 lem
458 1250 657 1340 prebentes,
673 1245 731 1312 sed
747 1270 818 1336 quae
834 1248 922 1312 haud
940 1271 1013 1314 mro
1029 1249 1094 1313 vim
1112 1251 1273 1339 poeticam
1286 1255 1446 1344 frangant,

381 1377 414 1423 et
430 1355 569 1447 pedestri
585 1353 685 1443 magis
700 1353 837 1416 orationi
849 1353 1098 1420 accommodate
1115 1357 1189 1422 sint.

423 1466 461 1529 In
479 1458 731 1551 ptdchritudinis
746 1481 845 1523 sensu
858 1457 1002 1524 eruendo
1021 1461 1267 1550 aestheticaque‚
1284 1485 1381 1552 quam
1391 1485 1446 1527 vo·

343 1629 346 1632 .
378 1586 472 1651 cant,
490 1567 636 1648 ratione,
652 1587 686 1627 ea
706 1565 856 1628 cautione
874 1566 924 1629 usi
940 1588 1071 1648 sumus,
1092 1582 1130 1630 ut
1153 1590 1213 1632 nec
1228 1569 1319 1647 justat
1343 1571 1444 1634 aetatis

379 1678 538 1741 lectorum
556 1671 663 1760 palato
681 1668 938 1758 praemandendis
956 1673 1047 1758 quasi
1064 1671 1208 1760 cupediis
1233 1672 1377 1737 diffidere
1394 1677 1444 1738 vi·

375 1782 542 1862 ‚deremun
561 1799 668 1866 neque
690 1798 766 1839 vero
795 1775 978 1842 deessemus
996 1777 1187 1861 juvenibus,
1210 1779 1345 1866 quibus,
1364 1780 1444 1868 quid

380 1890 422 1952 sit
439 1885 613 1975 pulchrum
632 1897 664 1946 et
686 1903 785 1969 quare
803 1883 863 1961 sit,
884 1881 991 1970 digitis
1004 1899 1279 1966 monstraremus,
1300 1883 1443 1972 quidque

378 1993 548 2072 vitiosum,
566 1986 656 2051 haud
673 1987 747 2050 satis
765 2002 897 2073 aptum,
915 1987 1122 2069 affectatum,
1149 1988 1315 2078 turgidum
1339 2007 1442 2078 poetae

377 2096 546 2176 exciderit,
565 2092 790 2156 indicaremus.
848 2141 850 2146 .

423 2207 461 2269 ln
486 2195 714 2266 constituendo
738 2211 889 2259 contexto
911 2196 954 2258 ita
980 2198 1093 2261 versati
1117 2220 1249 2281 sumus,
1270 2215 1308 2262 ut
1335 2222 1442 2287 neque

375 2303 588 2397 superstitiosi
602 2319 699 2388 atque
716 2299 837 2376 timidi,
852 2322 912 2362 nec
928 2299 1111 2387 cupidiores
1124 2304 1213 2382 justo
1228 2320 1325 2390 atque
1342 2319 1442 2366 teme·

376 2415 451 2479 rarii
476 2405 802 2498 deprehenderemur.
824 2405 920 2469 Haud
938 2430 1056 2493 pauca,
1075 2409 1188 2488 fateor,
1205 2409 1345 2472 novavi:
1371 2407 1440 2472 fieri

374 2539 481 2588 tamen
498 2516 588 2582 aliter
605 2535 665 2576 nec
681 2511 804 2599 potuit,
829 2533 889 2575 nec
904 2510 1018 2576 debuit
1034 2513 1070 2576 in
1086 2531 1234 2596 auctore,
1251 2535 1350 2601 quem
1365 2537 1439 2578 cor-

375 2624 598 2714 ruptissimum
617 2639 730 2680 onmes
747 2633 939 2705 queruntur.
957 2617 991 2682 Si
1007 2618 1079 2705 quis
1098 2618 1173 2681 velit
1189 2639 1264 2682 cum
1280 2621 1438 2683 Burman·

376 2725 637 2798 no·Harlesiana
659 2721 801 2786 editione
820 2721 966 2786 conferre
986 2745 1107 2804 meam,
1128 2723 1173 2806 is,
1203 2725 1260 2788 ubi
1279 2725 1438 2788 variarum

372 2838 550 2905 lectionum
566 2846 624 2894 aut
636 2829 895 2910 conjecturarum
914 2830 1007 2918 copia
1023 2847 1209 2894 onerassent
1227 2831 1335 2895 locum
1349 2833 1438 2920 prio·

374 2967 425 3012 res
440 2945 652 3029 interpretes,
674 2934 856 2998 tralatitiam
873 2951 994 2998 memet
1008 2934 1179 2999 lectionem
1197 2936 1437 3025 interpretando

374 3051 493 3116 tuitum
511 3067 599 3126 esse,
621 3041 671 3105 vel
688 3063 753 3102 una
775 3061 856 3129 saepe
871 3039 998 3105 literula
1014 3064 1071 3105 seu
1087 3041 1347 3130 interpunctione
1362 3066 1435 3107 mu·

372 3172 435 3222 tata
451 3151 608 3236 adjuvisse
630 3144 872 3209 animadvertet.
896 3145 960 3208 Ubi
978 3162 1044 3208 tam
1069 3145 1134 3211 leni
1157 3147 1281 3212 medela
1301 3148 1437 3237 defungi

373 3284 440 3326 non
460 3277 605 3348 possem,
632 3268 664 3315 et
687 3251 812 3340 integra
833 3248 930 3315 verba
946 3251 1131 3340 reponenda
1152 3275 1220 3316 esse
1237 3253 1434 3334 viderentur,

370 3367 421 3432 vel
441 3363 590 3429 codicum
613 3359 837 3422 aBurmanno
860 3357 1079 3440 laudatorum,
1098 3360 1147 3423 vel
1169 3361 1304 3425 aliorum
1326 3383 1435 3424 recen·

372 3471 462 3535 tioris
492 3466 609 3545 aetatis,
641 3478 806 3552 quotquot
836 3462 877 3526 ad
901 3485 1016 3528 manus
1043 3464 1161 3547 habui,
1195 3489 1344 3554 quosque
1373 3489 1434 3530 suo

371 3595 535 3665 quemque
550 3570 624 3633 loco
636 3566 766 3631 laudare
782 3567 869 3631 haud
883 3568 1007 3657 neglexi
1019 3616 1028 3650 ,
1039 3571 1263 3635 auctoritatem
1276 3587 1433 3659 sequutus

292 3751 293 3758 χ
371 3703 462 3760 sum,
484 3677 533 3742 vel
557 3697 631 3738 meo
654 3673 754 3761 ipsius
779 3672 943 3762 ingeniolo
970 3674 1015 3738 ita
1038 3675 1211 3764 aliquando
1234 3675 1370 3756 indulsi,
1396 3693 1434 3739 ut

369 3805 477 3852 tamen
508 3779 717 3846 immodestiae
750 3779 975 3844 temeritatisve
1003 3781 1119 3846 criticae
1148 3781 1260 3845 sedulo
1287 3804 1432 3846 caverem

371 3908 479 3956 notam
508 3889 693 3966 incurrere,
717 3885 884 3948 incorum
906 3908 982 3950 vero
1004 3887 1156 3976 gratiam,
1174 3887 1231 3974 qui
1256 3888 1431 3952 tenaciores

369 4020 437 4062 esse
455 3995 559 4059 solent
578 3994 611 4056 in
626 3990 745 4055 tuenda
761 3991 883 4082 vulgari
897 3992 1051 4072 lectione,
1066 3993 1098 4054 in
1115 3993 1347 4057 commentario
1361 4017 1430 4058 eam

367 4124 535 4168 servarem.

414 4211 458 4272 Ut
480 4230 572 4286 vero,
591 4203 734 4291 quidad
757 4205 929 4268 faciliorem
954 4205 1039 4269 lectu
1064 4206 1309 4296 suavioremque
1335 4209 1429 4272 Vale·
