3226 5114
419 512 811 578 ARGONAUTICON
844 514 930 579 LIB.
953 516 1013 578 lV.
1182 515 1243 579 255

223 647 376 737 Nympha
388 647 489 735 rapit,
506 669 594 711 saevae
613 645 743 710 monitu
758 645 916 732 Junonis3
933 649 1046 712 inanes

223 765 322 830 Nunc
336 760 423 826 lovis
440 781 603 840 accessus,
619 761 728 841 etjam
746 759 828 823 mihi
844 761 955 825 limina
973 762 1041 826 caeli

224 875 400 957 Conciliat,
416 874 589 963 jungitque
603 895 713 962 preces
729 888 763 936 et
780 872 879 938 fontis
895 874 1047 940 honores.
1100 959 1102 963 ,
1175 909 1177 914 v

225 992 255 1056 Ο
274 987 385 1054 dolor!
403 1011 424 1051 o
441 986 568 1069 dulces,
584 1008 663 1074 quas
680 986 837 1076 gessimus
854 1002 946 1070 ante,
963 988 1134 1077 pharetrae!
1218 1007 1242 1045 30
1295 993 1299 1004 '

225 1107 295 1170 lam
311 1103 390 1168 socii
405 1102 485 1168 laetis
500 1118 680 1190 rapuerunt
694 1101 823 1165 vincula
838 1101 960 1183 ventis,

224 1221 381 1286 Hortator
397 1233 570 1306 postquam
586 1215 679 1280 furiis
693 1233 727 1280 et
740 1237 819 1280 voce
835 1213 973 1279 nefanda

226 1333 360 1422 Impulit
376 1331 538 1396 OEnides:
556 1354 671 1396 verum
689 1347 874 1420 cumgente
890 1329 1056 1419 domoque

226 1450 291 1512 [sta
303 1447 390 1530 luet,
408 1467 562 1532 saevaeque
577 1442 717 1509 aderunt
733 1461 788 1509 tua
804 1445 940 1508 numina
955 1445 1062 1509 matri.

227 1560 346 1649 Surge,
358 1582 433 1650 age,
445 1574 478 1622 et
492 1559 528 1622 in
543 1557 633 1622 duris
649 1556 738 1622 haud
753 1579 908 1644 umquam
923 1556 1040 1640 defice3
1056 1559 1134 1624 caelo
1222 1576 1246 1614 ³⁵

227 1675 306 1741 Mox
321 1673 442 1755 aderis,
460 1688 559 1760 teque
575 1689 657 1736 astra
673 1672 793 1754 ferent3
809 1687 846 1736 tu
862 1693 989 1760 semper
1004 1674 1123 1738 amoris

227 1788 276 1853 sis
295 1810 437 1869 memor,
452 1802 485 1850 et
501 1785 567 1849 cari
583 1785 709 1850 comitis
725 1806 767 1848 ne
785 1784 936 1849 abscedat
955 1785 1097 1876 imago„

271 1902 403 1966 Talibus
420 1916 566 1966 orantem
582 1899 692 1980 dictis,
709 1899 847 1986 visuque
861 1899 1040 1980 fruentem,

229 2018 286 2081 Ille
299 2017 387 2080 ultro
403 2015 501 2104 petit,
520 2030 552 2078 et
567 2012 676 2078 vacuis
694 2011 892 2101 amplexibus
912 1992 1032 2094 instat,

217 2205 255 2250 η.
271 2191 301 2236 In
311 2204 397 2234 amm.
410 2186 485 2234 Codd.
498 2196 523 2233 et
533 2185 588 2234 edd.
603 2195 657 2232 aute
668 2185 733 2232 Carr.
751 2211 781 2222 ·-·
800 2187 838 2232 28.
850 2187 957 2232 amaa.
970 2186 1045 2234 Codd.
1056 2198 1080 2234 et
1094 2190 1148 2236 edd.
1164 2202 1249 2252 praeter

185 2273 276 2317 Boron.
285 2270 309 2314 11
321 2279 344 2316 et
354 2269 439 2315 Venet.
451 2284 502 2330 qua
518 2267 603 2314 limim
615 2267 696 2322 babet,
711 2263 783 2328 ¹quun
798 2267 921 2314 lectionem
935 2268 1037 2330 probent
1053 2271 1136 2316 Macer.
1154 2272 1249 2320 Zinzer-

185 2351 243 2412 liug.
253 2348 332 2396 Heius.
342 2350 468 2394 Burmann.
479 2347 588 2408 rejiciunt
600 2345 655 2393 Pius
668 2345 804 2392 etVostiua.
816 2372 848 2382 -
864 2361 902 2410 ²9·
918 2349 997 2394 Preces
1010 2348 1076 2394 abest
1085 2365 1099 2395 ι
1109 2350 1184 2397 Vatia.
1195 2353 1248 2401 cod.

184 2431 310 2492 longisque
319 2445 381 2474 saar.
395 2427 459 2474 Carr.
477 2426 530 2473 cod.
546 2452 577 2461 -
594 2427 632 2473 30.
648 2425 789 2473 Plaretram.
799 2425 874 2472 Vatia.
886 2426 939 2473 cod.
953 2426 1082 2474 Plaretras.
1095 2431 1184 2477 Boron.
1195 2431 1248 2480 cod.

185 2518 211 2558 et
228 2509 283 2556 edd.
303 2517 357 2555 anta
375 2505 651 2553 em.-31.1³taaue.
673 2508 763 2552 bonon.
779 2504 832 2552 cod.
848 2505 889 2568 qui
908 2508 987 2553 aaut&
1004 2523 1048 2568 pro
1066 2509 1128 2556 varia
1149 2511 1249 2559 lectione

185 2589 263 2636 tubae
280 2589 324 2634 Eu.

186 2747 272 2796 domus
283 2749 337 2806 est,
347 2737 372 2790 in
382 2755 464 2808 quam
472 2738 580 2804 improba
589 2735 694 2802 (iniqua,
738 2733 864 2805 Meleagri
875 2753 968 2806 paena,
979 2734 1041 2790 ride
1051 2737 1085 2791 ad
1093 2739 1192 2793 calcem
1200 2741 1250 2795 bu-

187 2841 215 2874 v.
232 2821 264 2873 23
274 2821 397 2889 )nsmpha
407 2819 482 2884 rapit,
493 2815 597 2866 lunone
603 2813 697 2886 juben-
738 2814 781 2884 jus
792 2813 854 2865 libri
865 2825 920 2880 not,
928 2814 971 2868 33.
981 2813 1033 2866 Eu.

187 2901 323 2960 ta;inarres
335 2898 400 2948 Iovis
410 2895 634 2960 arcessas,et1'am
640 2895 699 2944 miti
778 2893 821 2946 33.
839 2892 919 2946 Plana
933 2891 1040 2964 quidem
1057 2894 1157 2948 valerii
1166 2899 1248 2952 nostri

187 2980 273 3030 timim
284 2979 340 3028 aoeli
348 2977 481 3036 conciliat,
501 2971 588 3045 quod,
603 2973 698 3026 sicana
740 2971 810 3023 haec:
832 2990 887 3022 cum
905 2986 980 3042 geute
992 2976 1112 3041 domoque
1129 2977 1176 3026 ista
1183 2981 1248 3039 laen

186 3054 265 3109 lectio
273 3066 326 3116 est,
335 3055 371 3106 ita
380 3053 463 3126 possit
476 3053 576 3125 accipi:
587 3051 699 3124 promit·
742 3049 789 3104 sed
807 3070 866 3123 quae
879 3062 1025 3124 sequuntur
1036 3093 1044 3118 ,
1056 3073 1174 3121 saevaque
1187 3061 1249 3108 ade·

188 3136 221 3186 tit
241 3133 324 3197 mihi,
346 3130 419 3205 quod
446 3131 557 3184 iortame
575 3142 699 3203 prestare
742 3145 800 3182 nant
815 3145 857 3182 aaa
879 3135 981 3183 munina
998 3135 1083 3196 matri,
1104 3132 1125 3184 si
1141 3135 1251 3188 numina

188 3231 244 3266 nou
257 3224 357 3285 potest,
375 3229 510 3266 accessum
521 3210 555 3264 ad
567 3211 659 3263 Jovem
673 3221 699 3262 et
743 3209 932 3264 &Herculeio
941 3211 1004 3265 deos
1013 3211 1095 3264 relato
1108 3212 1249 3284 intelligas,

188 3292 349 3364 Olympum,
351 3293 484 3359 jungitque
491 3310 577 3358 preces
590 3304 616 3340 et
617 3290 699 3358 stratis
743 3289 815 3344 haud
836 3290 925 3364 inepte
945 3290 1054 3364 quidem
1079 3291 1181 3359 inciae,
1204 3292 1251 3347 sed

189 3366 700 3439 tonores,consolatureosa1tem,qnod
742 3366 887 3422 admodum
904 3370 1007 3442 placet,
1027 3387 1085 3443 quae
1099 3371 1250 3426 burmauno

189 3465 280 3505 tamen
292 3446 423 3501 fluviatilis
439 3449 489 3500 sim
507 3447 700 3501 deuaBrevius
742 3448 771 3500 in
795 3460 909 3501 mentem
930 3461 1059 3512 venerat,
1080 3449 1249 3518 emendatio,

189 3543 278 3582 tamen
305 3526 416 3596 defungi
431 3525 530 3598 possis,
549 3527 572 3578 si
589 3545 650 3580 cum
664 3527 698 3580 cl.
742 3541 842 3598 protua
853 3530 954 3579 namna
966 3527 1063 3599 legenti
1076 3531 1248 3590 amaracina,

191 3611 294 3669 Jacobs,
310 3606 330 3658 l.
344 3605 364 3658 l.
376 3624 403 3676 p.
415 3623 459 3676 77,
470 3623 519 3676 pro
531 3609 618 3656 inanes
628 3605 699 3676 legas
743 3603 761 3656 i.
781 3623 805 3657 e.
820 3606 905 3658 Furiae
921 3609 1056 3675 (-lmmo
1073 3613 1167 3660 Parca.
1178 3607 1250 3678 Eu).

191 3690 217 3738 in
234 3707 314 3738 araas.
325 3716 359 3726 —
373 3684 442 3737 Vide
454 3683 489 3737 ad
502 3683 602 3738 calcem
619 3684 700 3756 hujus
743 3683 906 3738 Facillimum
918 3698 1021 3750 tamen,
1036 3687 1058 3739 si
1071 3705 1133 3740 cum
1142 3686 1250 3741 Heinsio

191 3765 252 3818 libri
263 3776 321 3818 not.
334 3767 376 3817 26.
388 3764 442 3815 En.
743 3782 855 3835 reponas
863 3785 917 3816 sua.

230 3845 271 3897 30.
290 3844 334 3896 Me
353 3841 492 3895 miserum!
512 3860 592 3912 quam
605 3839 701 3894 vellem
780 3843 824 3895 38.
834 3843 941 3897 Talibus
954 3857 1073 3898 orantem
1083 3845 1159 3898 dictis
1168 3883 1176 3910 ,
1186 3851 1254 3898 visia-

193 3923 280 3993 potius
288 3923 469 3994 pharetratus,
479 3932 509 3972 ut
519 3932 701 3984 antea‚tecum
746 3941 793 3990 que
800 3924 926 3990 fluentem
939 3942 1023 3988 ,·cum
1043 3925 1177 3997 voluptate
1194 3944 1250 3997 epe·

193 4001 360 4054 virerellam
371 4003 627 4071 rapuemntvinaala,
640 4018 701 4070 por·
746 4011 875 4064 utentem,
898 4005 939 4054 ille
955 4007 1017 4054 ultra
1033 4007 1106 4071 petit,
1124 4019 1147 4056 et
1164 4009 1252 4056 vacaria

194 4091 253 4131 turn
262 4079 436 4151 reliquerunt,
443 4081 600 4150 Argonautae
608 4116 616 4142 ,
623 4082 705 4132 barta-
747 4083 897 4149 arrtplaxibas
907 4084 996 4143 instat,
1009 4081 1116 4135 brachia
1127 4082 1252 4144 extendit.

194 4174 245 4209 aare
252 4161 355 4216 OEm'de,
362 4157 507 4229 Meleagro,
519 4160 641 4228 nefanda,
655 4159 702 4230 qui
745 4158 792 4213 red
799 4178 860 4213 aera
870 4159 1036 4232 amplectitur
1042 4173 1068 4214 et
1075 4162 1192 4225 umbras,
1200 4166 1254 4212 Ian-

195 4249 282 4288 tamen
296 4255 346 4288 non
360 4237 467 4307 impunc
483 4238 556 4292 feret.
566 4239 701 4291 -Deilla
745 4243 891 4306 grteutisque
909 4255 986 4292 movet
996 4241 1095 4309 fnestra
1123 4243 1253 4292 cortamina
