3196 5120
381 466 773 534 ARGONAUTICON
800 465 885 536 LIB.
908 474 955 538 ΙΙ.
1143 477 1199 541 131

177 601 379 682 Devolvunt3
397 597 482 664 diras
502 599 569 662 aliae
587 598 629 664 ad
644 599 768 688 fastigia
787 603 882 668 taedas
1089 675 1091 680 ,
1167 629 1205 669 23⁵

178 716 352 795 Injiciunt,
364 713 561 802 obduntque
576 713 709 796 domos;
727 739 800 804 pars
815 719 943 807 ignibus
958 722 1020 784 acti

179 831 353 920 Effugiunt
365 851 522 919 propere,
542 828 600 896 sed
618 829 699 894 dura
712 832 745 894 in
763 831 875 896 limine
892 836 1011 914 conjux

179 946 332 1026 Obsidet,
347 961 380 1009 et
392 946 461 1010 viso
478 961 631 1033 repetunt
645 945 795 1010 incendia
812 947 909 1012 ferro.

179 1064 238 1127 Ast
252 1062 319 1125 aliae
330 1061 484 1125 Thressas
500 1061 607 1124 labem
626 1083 820 1149 causamque
838 1059 958 1126 fauoris

180 1177 365 1265 Diripiunt3
384 1175 476 1239 mixti
493 1176 649 1264 gemitus,
664 1176 850 1265 clamorque
866 1194 1056 1264 precantum
1168 1203 1206 1248 ss·

179 1292 352 1372 Barbarus,
371 1292 554 1380 ignotaeque
572 1291 751 1379 implebant
768 1292 887 1356 aethera
899 1280 1005 1390 uoces.

223 1406 288 1472 Sed
307 1407 366 1470 tihi
385 1427 475 1470 nunc
494 1428 565 1494 quae
578 1405 675 1494 digua
693 1407 757 1470 tuis
775 1408 962 1496 ingentibus
980 1410 1064 1472 ausis

181 1524 247 1586 Ora
260 1521 380 1602 feram,
397 1520 496 1585 decus
511 1537 543 1584 et
556 1523 665 1609 patriae
682 1522 751 1585 laus
766 1545 831 1586 una
847 1525 986 1604 ruentis,

181 1636 379 1725 Hypsipyle?
395 1658 463 1699 non
479 1637 544 1699 ulla
558 1659 633 1700 mco
651 1651 683 1700 te
700 1638 842 1700 carmine
858 1637 976 1702 dictam

180 1752 401 1833 Abstulerint,
419 1750 538 1815 durent
555 1751 638 1815 latiis
657 1749 757 1815 modo
776 1753 890 1817 saecula
907 1752 1016 1834 fastis,
1170 1779 1206 1822 aas

181 1865 333 1953 Iliacique
350 1865 450 1944 lares,
466 1865 613 1952 tantique
632 1865 746 1952 palatia
764 1866 865 1954 regni.
962 1923 963 1928 ,

181 1983 347 2046 lrruerant
361 1995 437 2044 actoe
455 1981 575 2068 pariter
592 1996 738 2068 nataeque
756 2003 941 2069 nurusque,

181 2097 329 2183 Totaque
342 2094 409 2174 jam
427 2095 544 2183 sparsis
561 2111 720 2160 exarserat
737 2097 841 2160 insula
858 2097 1030 2176 monstris;

179 2211 235 2276 Illa
254 2211 323 2300 pias
338 2226 460 2275 armata
473 2233 605 2292 manus,
621 2210 736 2299 «Fuge
753 2209 902 2299 protinus
921 2210 1035 2274 urbem

180 2329 318 2416 Meque,
335 2343 441 2414 pater3
459 2349 526 2390 non
542 2327 661 2407 hostis,
672 2329 730 2406 ait,
748 2350 815 2391 nun
833 2329 949 2392 moenia
968 2327 1034 2391 laesi
1170 2351 1207 2390 ss·

169 2543 219 2603 237.
230 2544 278 2590 Sed
287 2543 406 2591 dura.Vat.
415 2544 473 2588 Bon.
480 2541 550 2588 codd.
563 2551 586 2588 et
594 2550 639 2587 vet.
650 2541 703 2588 edd.
712 2540 794 2587 melius
801 2541 882 2588 forsan
892 2551 989 2605 propter
997 2543 1062 2589 dirae
1069 2543 1140 2606 paulo
1149 2553 1203 2590 ente

139 2639 160 2667 1.
169 2623 214 2670 135
221 2657 228 2676 ,
242 2633 266 2669 et
278 2622 313 2669 sic
325 2622 426 2669 restituit
441 2623 476 2668 vir
491 2621 567 2668 cleris.
577 2619 704 2668 llerlesius.
713 2621 805 2683 -139,
817 2625 935 2668 surorum.
947 2624 1037 2668 Bunou.
1046 2622 1099 2668 cod.
1111 2625 1200 2670 Boron.

142 2701 186 2748 let
198 2702 228 2746 11.
243 2703 310 2748 lunt.
326 2700 493 2748 tld.ese.1tn.

138 2907 197 2943 rum
210 2893 308 2959 ignibus
317 2893 368 2941 aeti
382 2891 518 2958 effigium,
534 2888 653 2959 effugere
697 2887 800 2942 utinam
814 2907 861 2941 ore
871 2908 969 2959 magna
978 2901 1105 2943 sonatum
1116 2889 1206 2943 laudes

139 2970 231 3024 volunt
244 2989 360 3038 prspere,
383 2975 429 3021 sed
441 2974 505 3020 dura
522 2971 547 3019 in
570 2970 651 3020 limine
696 2966 791 3018 efferre
800 2967 899 3038 possim
908 2969 1057 3021 tuaslSere
1069 2987 1113 3022 eas
1122 2979 1208 3039 posts-

140 3053 235 3119 conjux
248 3052 354 3110 obsidet,
375 3061 426 3102 etc.
443 3048 530 3101 Aliam
543 3047 596 3100 loci
610 3065 651 3099 sa·
695 3046 768 3100 nitati
790 3045 875 3118 gestio
896 3047 1084 3119 commendare
1093 3086 1101 3111 ‚
1120 3053 1208 3102 durent

139 3127 221 3182 nendi
238 3129 371 3182 rationem
383 3127 443 3180 iniit
457 3125 507 3180 cel.
520 3129 608 3178 Jacobs
621 3125 650 3177 in
698 3129 762 3178 latiis
782 3129 855 3178 ruodo
878 3130 970 3178 secula
985 3120 1078 3193 fastis,
1098 3127 1206 3185 annales

139 3208 216 3262 Misc.
227 3206 323 3280 philol.
335 3225 351 3260 a
361 3205 473 3260 Matthia
487 3205 531 3260 edi
543 3205 633 3276 coeptis
641 3243 649 3268 ,
694 3224 755 3258 suos
779 3205 917 3258 continuet
943 3204 1066 3268 Latium,
1085 3210 1206 3276 Iliacique

140 3305 165 3359 p.
178 3295 227 3358 74,
242 3286 349 3358 quipse
369 3291 454 3338 domus
472 3286 540 3358 poni
557 3284 650 3338 suadet
695 3289 773 3346 lares,
785 3287 894 3352 tantique
904 3288 1000 3353 palatia
1011 3289 1095 3354 regni,
1111 3303 1206 3355 quam·

140 3385 229 3434 rugos,
244 3365 341 3437 quibus
356 3365 503 3418 occisorum
519 3363 650 3418 cadavera
695 3362 741 3416 diu
749 3364 827 3416 stabit
833 3363 998 3428 Roma,tanti
1006 3363 1110 3435 imperii
1117 3378 1204 3436 caput.

141 3445 356 3500 absumerentur.
373 3445 529 3516 Ingeniosa,
544 3444 583 3495 uti
601 3442 652 3496 uiri
700 3465 706 3473 ·
733 3443 793 3505 248.
809 3444 842 3494 In
861 3441 984 3495 eumdem
1004 3443 1123 3495 furorem
1139 3456 1205 3496 acte

139 3523 287 3597 prestantis
305 3523 404 3577 omnia.
697 3533 781 3583 uate,
799 3521 912 3584 matres,
928 3523 1054 3592 conjuges
1066 3523 1205 3576 sevierunt

174 3604 237 3674 ²39·
259 3605 326 3656 Alie
349 3607 481 3662 strenas,
501 3613 556 3656 tam
575 3600 651 3670 impii
696 3600 724 3652 in
735 3601 821 3663 uiros,
834 3602 1007 3671 totaquejam
1016 3600 1103 3654 insula
1112 3605 1205 3669 sparsis

141 3683 237 3736 furoris
254 3701 368 3746 causas,
385 3680 517 3735 invadunt
524 3701 537 3746 ;,
547 3683 651 3748 gemitus
695 3683 808 3732 monstris
816 3677 851 3732 ad
859 3677 979 3733 eamdem
988 3679 1137 3734 inauditam
1145 3700 1205 3734 cru-

140 3764 450 3830 elanwsquepmantium‚
462 3763 652 3828 vocesqueban
696 3758 829 3812 delitatem
850 3771 999 3822 exarserat,
1017 3778 1099 3829 quum
1118 3766 1207 3828 Hspsi-

133 3841 206 3893 ‘hm
225 3844 317 3893 oetbem
337 3852 493 3912 personant.
691 3842 764 3906 grie,
780 3851 877 3888 amasa
891 3836 998 3908 quidem
1012 3841 1081 3893 κατὰ
1099 3860 1204 3900 marius,

178 3928 238 3985 141.
248 3918 302 3974 Sed
312 3919 448 3973 veniamus
456 3921 512 3992 jam
522 3915 556 3971 ad
567 3915 652 3970 latius
695 3916 742 3970 sed
753 3921 826 3986 pias,
840 3917 922 3989 patris
938 3929 1073 3982 amantes,
1086 3919 1120 3972 ad
1132 3920 1204 3971 hunc

142 4011 345 4069 argumentum,
365 3997 400 4052 ad
415 3998 494 4070 justis
518 3997 652 4050 celebran-
695 4009 819 4068 properat
839 4014 846 4048 :
866 4003 933 4066 Fuge
954 4001 1051 4058 urbem,
1065 3999 1133 4066 fuge
1156 4020 1203 4050 me,

141 4077 202 4132 dam
222 4077 366 4142 laudibus,
390 4097 450 4149 qua
471 4078 527 4130 sola
549 4089 651 4149 patrem
696 4077 786 4130 Placet
800 4077 1024 4150 breviloquentia.

141 4157 289 4212 Thoantem
308 4170 473 4221 servaverat,
493 4161 651 4226 Hypsipylen.
732 4161 794 4210 150.
810 4161 866 4208 Non
883 4161 974 4219 bostis,
989 4177 1039 4212 unu
1060 4162 1128 4218 loesi,
1148 4157 1207 4211 vin-

144 4242 201 4302 Quoe
210 4241 291 4305 digna
301 4240 347 4288 suis
359 4241 411 4305 ing.
422 4239 488 4288 ausis
500 4239 649 4306 omferam,
697 4235 794 4290 dictam
811 4239 940 4309 sumpturi
950 4277 957 4302 ,
974 4243 1078 4292 Thraces
1092 4255 1206 4307 occupa·

1055 4358 1090 4420 9.
