3226 5114
426 517 818 587 ARGONAUTICON
843 524 928 587 LlB.
952 525 1011 590 tv.

234 649 394 713 Thracius
410 664 444 712 at
459 671 586 717 summa
603 650 698 714 sociis
716 673 733 716 e
751 674 861 740 puppe
877 653 1040 736 sacerdos,
1224 677 1249 714 ss

233 762 310 826 Fata
327 761 443 842 deum,
458 777 490 825 et
506 763 629 828 miserae
647 763 753 828 solans
771 765 985 832 incommodae
1001 770 1091 851 vitea,

1186 527 1248 612 259

235 879 393 943 securum
411 879 553 942 numeris
570 879 636 968 agit
652 895 685 942 et
700 878 887 945 medicabile
903 905 1047 968 carmen3

236 993 313 1074 Quo
333 991 431 1054 simul
447 1009 609 1082 assumpta
627 994 740 1082 pulsus
757 993 820 1060 fide
836 995 961 1079 luctus,
978 1015 1011 1062 et
1025 1001 1097 1082 irae,

234 1108 275 1170 Et
291 1105 399 1186 labor,
417 1120 450 1168 et
467 1105 576 1171 dulces
592 1107 713 1172 cedunt
729 1131 746 1174 e
764 1125 895 1196 pectore
912 1113 988 1176 nati.

277 1223 422 1303 Interea,
439 1222 547 1312 magni
559 1222 689 1304 jamjam
703 1223 918 1290 subeuntibus
934 1227 1026 1290 astris
1225 1261 1250 1300 90

234 1336 353 1402 Oceani
370 1336 505 1424 genitale
522 1353 637 1424 caput,
653 1338 777 1402 Titania
792 1338 892 1402 frenis

234 1451 334 1513 Antra
351 1464 488 1530 sonant;
507 1450 561 1516 Sol
576 1451 780 1532 auricomus,
799 1452 1004 1540 cingentibus
1019 1456 1130 1538 Horis,

235 1561 434 1650 Multifidum
449 1563 561 1645 jubar,
580 1578 612 1626 et
625 1563 755 1628 bisseno
775 1563 878 1628 sidere
898 1581 1015 1630 textam

236 1677 382 1742 Loricam
401 1677 564 1760 induitur3
580 1679 658 1766 ligat
673 1678 774 1759 hanc,
792 1680 849 1766 qui
866 1679 977 1746 nubila
992 1698 1104 1746 contra

222 1887 261 1934 ⁸5.
279 1887 363 1932 Socios.
377 1884 437 1932 ttdd.
455 1896 510 1933 ante
524 1888 588 1933 cin.
606 1913 637 1923 -
652 1889 690 1948 87.
707 1891 814 1944 Securum
828 1890 920 1950 Minyas.
930 1891 994 1936 lunt.
1008 1890 1060 1936 ald.
1076 1892 1151 1940 Golia.
1168 1921 1197 1933 -
1215 1897 1254 1944 88.

196 1965 267 2027 Quod.
278 1982 298 2011 s.
310 1983 332 2010 a.
343 1964 443 2027 pulsum,
454 1967 507 2011 Vct.
522 1975 545 2012 et
556 1967 645 2012 Boron.
657 1966 727 2012 codd.
741 1965 793 2012 Pius
804 1975 828 2012 et
836 1966 889 2014 Ald.
899 1991 929 2003 -
941 1983 979 2029 92.
990 1971 1120 2016 Auriccmt's
1129 1975 1255 2034 ingentibus

192 2047 247 2090 cris.
258 2043 333 2090 Vstic.
345 2043 399 2092 cod.
413 2044 557 2106 Urgentibus.
567 2045 657 2090 Bonan.
670 2044 722 2110 cod.
734 2043 796 2090 Pius.
809 2044 860 2090 Col.
874 2046 1031 2108 Ver-gentibus.
1047 2047 1137 2095 bonon.
1153 2052 1165 2098 1
1183 2061 1206 2100 et
1221 2055 1251 2098 ll.

190 2126 253 2170 lunt.
266 2125 350 2170 Miser.
362 2123 465 2170 alcun.

193 2296 266 2350 varia
273 2295 307 2350 de
313 2295 427 2350 Hercule
438 2295 541 2350 deserto
551 2296 701 2367 cogitantes.

227 2377 270 2430 85.
282 2381 316 2427 Aa
327 2380 441 2428 Tbracius
452 2381 567 2428 sacerdos
572 2414 580 2436 ‚
590 2376 609 2429 i.
619 2394 643 2428 e.
649 2377 701 2430 Or·

191 2455 276 2527 pheut
287 2492 294 2518 ,
302 2457 365 2524 fata
384 2459 454 2506 deuna
472 2470 497 2505 et
510 2459 605 2506 miseric
617 2460 701 2508 solans

191 2537 346 2586 incommoda
356 2535 429 2594 victe,
447 2535 482 2584 ob
496 2533 671 2586 calamitatem
685 2552 701 2586 a

191 2611 242 2666 diis
261 2612 406 2664 immissam
432 2611 634 2672 consolaturus,
653 2631 700 2660 nu-

190 2694 264 2742 meris
283 2687 481 2758 (adstrictum)
504 2691 558 2755 ugit
579 2707 696 2747 carmen,

191 2789 317 2829 sccunun,
330 2785 405 2821 curas
425 2768 544 2840 pellens,
559 2780 582 2816 ct
591 2769 700 2815 medica-

191 2851 255 2910 bile,
276 2846 349 2919 quod
371 2845 470 2900 mederi
493 2843 578 2897 dolori
600 2843 698 2915 possit3

191 2925 373 2995 rid.1,783‚
392 2925 439 2978 ubi
456 2927 581 2977 exorabile
599 2941 698 2974 carmen

191 3025 278 3074 cgere.

221 3085 272 3137 88.
285 3089 337 3150 Quo
350 3088 422 3135 simul
429 3085 614 3154 assumptufide
624 3119 632 3144 ,
642 3080 699 3152 lyra

192 3162 281 3216 cantui
289 3166 381 3236 jttncta
390 3201 397 3225 ‚
407 3168 491 3230 pulsus
501 3167 578 3214 luctus
589 3175 612 3212 et
622 3161 699 3220 labor,

191 3256 215 3292 ct
227 3246 310 3293 dulces
320 3247 409 3294 cedatnt
418 3263 432 3292 e
437 3256 534 3310 pectore
545 3242 606 3292 reati.
621 3238 700 3292 Nati?

190 3319 263 3386 Quid
277 3321 318 3372 his
330 3339 389 3374 cum
401 3319 575 3390 Argonautis,
587 3337 699 3390 quorum

192 3399 281 3452 nullus
296 3399 392 3454 liberos
407 3399 548 3452 amiserat?
563 3399 607 3451 Nil
622 3398 700 3469 igitur

193 3476 264 3530 aliud
275 3477 390 3530 voluisse
399 3477 502 3530 ridetur
513 3489 607 3550 poeta,
620 3495 701 3547 quam

193 3567 292 3608 tantam
303 3556 382 3610 luisse
389 3567 480 3608 cantus
490 3556 601 3627 Orphici
611 3554 701 3607 dulce-

193 3633 282 3688 dinem
292 3647 354 3699 ,ut,
365 3635 410 3707 qui
419 3653 478 3686 eum
489 3635 590 3687 audiret
599 3673 607 3696 ,
615 3633 700 3704 eujus·

194 3731 308 3785 cumque
319 3712 435 3780 doloris,
448 3712 567 3784 adeoque
578 3711 700 3765 desiderii

193 3790 401 3845 dulcissimorum
424 3793 580 3853 liberorum,
604 3790 701 3842 oblitus

192 3870 292 3924 luisset.
301 3871 441 3942 Exemplar
448 3869 700 3923 Bononiensehabet

193 3949 313 4020 quidem:
323 3954 412 4002 cedunt
420 3972 433 4002 c
437 3965 536 4019 pectore
543 3969 615 4010 curce,
628 3945 701 4019 quod

193 4038 281 4082 tamen
300 4029 335 4080 ob
352 4029 524 4101 precedentia
543 4030 701 4100 ταυτολογίας

195 4105 260 4160 vitio
268 4106 407 4162 laboraret.

230 4203 274 4252 9⁰·
285 4185 329 4237 Sol
342 4185 425 4238 oritur
433 4223 442 4247 ,
451 4184 522 4258 quod
534 4197 616 4257 poetae
626 4185 702 4238 luxu·

196 4263 274 4316 riarui
284 4262 368 4335 placet
383 4265 460 4317 variis
471 4264 556 4317 modis
567 4282 701 4318 exornare.

746 2325 781 2336 -
797 2299 887 2364 Magni
897 2299 1004 2368 jamjam
1018 2297 1168 2354 subeuntibus
1182 2305 1254 2355 astris

747 2379 842 2428 Oceani
855 2379 965 2444 genitale
980 2393 1067 2446 caput,
1083 2379 1170 2434 sidera
1188 2381 1251 2434 inii-

745 2471 816 2506 mam
840 2453 1007 2520 horizontis,
1036 2477 1114 2528 quern
1140 2458 1250 2527 dicunt,

744 2544 844 2602 partem
852 2534 1074 2606 tenentia,quum
1083 2536 1249 2600 occiderent,

744 2623 924 2680 mergerentur
932 2613 959 2663 in
966 2613 1088 2675 Oceairo,
1097 2633 1176 2685 quem
1185 2656 1193 2682 ‚
1203 2618 1250 2690 qui

743 2687 859 2740 'Ibaletis
876 2689 972 2760 placita
992 2705 1180 2760 sequerentur,
1204 2713 1247 2747 re·

742 2783 802 2816 rum
812 2768 931 2818 omnium
942 2768 1087 2837 genitorem
1097 2787 1152 2823 esse
1161 2771 1252 2826 crede-

743 2843 823 2906 bant,
841 2847 938 2895 Titania
949 2848 1032 2912 fiunis
1051 2862 1124 2898 antra
1138 2865 1246 2910 sonant,

743 2917 850 2974 abditur
860 2925 916 2992 jam
927 2923 1025 2976 sonitus
1039 2924 1171 2979 frenorum
1181 2928 1250 2982 Solis

744 3001 1034 3072 equisinjiciendorum.

779 3100 822 3150 92.
831 3085 873 3132 Sol
883 3085 1018 3132 auricomus
1029 3120 1036 3144 ,
1046 3085 1196 3150 cingentibus
1204 3091 1252 3137 110·

744 3163 792 3220 ris,
811 3179 869 3232 quae
882 3160 990 3212 omniuo
1003 3161 1093 3213 Phoebi
1109 3181 1192 3233 equos
1205 3165 1251 3216 ab·

744 3251 835 3292 euntes
841 3251 865 3291 et
872 3239 1020 3303 redeuntes,
1030 3239 1165 3312 ipsiusque
1174 3261 1251 3306 orua-

743 3330 799 3370 tum
807 3320 935 3370 curabant
941 3317 1004 3386 (vid.
1012 3317 1203 3373 Ovidbletam.
1213 3323 1251 3380 11.

746 3401 795 3450 116
809 3415 865 3468 sqq.
877 3397 942 3451 Stat.
952 3397 1038 3450 Theb.
1049 3398 1105 3461 111,
1120 3405 1250 3463 tro-mm

744 3475 791 3528 cel.
809 3481 897 3526 Mansa
915 3479 1048 3536 Vcrsucbc,
1063 3481 1088 3528 S.
1100 3477 1149 3545 373
1158 3514 1166 3539 ,
1173 3479 1211 3546 ff.
1223 3481 1251 3548 ),

745 3559 884 3628 multfidum
897 3557 986 3622 jubar,
1009 3573 1133 3609 coronam
1155 3556 1252 3609 multos

743 3632 832 3686 radios
845 3634 1022 3698 emittentem,
1035 3648 1059 3684 et
1065 3637 1159 3685 bisseno
1173 3638 1252 3688 sidere

744 3727 850 3774 textam,
873 3709 953 3782 signis
970 3711 1069 3765 zodiaci
1084 3711 1248 3778 decoratam,

744 3794 844 3841 loricam
856 3793 970 3842 induitur.

780 3876 824 3941 94,
843 3872 916 3936 bigat
936 3872 1017 3929 banc,
1035 3869 1134 3940 cinguli
1154 3869 1251 3936 instar,

745 3951 850 4008 balteus,
866 3950 908 4014 qui
919 3962 1004 3998 conus
1019 3950 1101 3998 nubila
1117 3953 1250 4002 rtndantein

745 4029 755 4092 (
760 4028 903 4094 imbn'ferum
910 4064 918 4087 ,
926 4025 1024 4080 tibull.
1031 4027 1059 4089 I,
1069 4034 1098 4090 b,
1109 4031 1156 4094 44)
1168 4034 1254 4080 vnn'at

745 4107 883 4156 mortalibus
895 4125 994 4164 arcum,
1006 4105 1034 4158 in
1044 4104 1156 4157 nubibus
1166 4126 1249 4178 oppo-

746 4185 802 4236 sitis
828 4183 1011 4236 versicolorem
1035 4203 1125 4237 arcum
1149 4187 1251 4258 conspi-

747 4262 869 4316 ciendum
882 4263 988 4334 praebet.
1028 4278 1029 4281 ’

1064 4385 1117 4448 17.
