3122 5126
271 459 458 530 AEGIDII
483 459 696 531 MASERII
720 462 773 533 IN
798 465 984 536 ARGON.
1092 490 1163 537 xxv

74 587 203 672 antris3
215 587 302 654 Non
318 603 447 653 metuat
464 587 519 655 cui
535 610 634 678 regna
651 590 748 673 ratis,
761 593 815 656 cui
830 592 957 660 madere
971 595 1084 661 celum
1101 600 1165 663 As·

75 693 176 758 sidem
193 695 339 784 Tiphys,
351 696 482 760 vultum
505 695 638 760 lassatus
659 695 700 760 ab
713 699 811 761 Arcto
824 727 847 762 a.
860 698 989 783 Adfuit,
1010 701 1164 790 inquam,

77 814 320 888 rostrumque,
330 821 476 888 puppem
485 847 495 880 ‚
504 815 538 863 et
549 801 632 863 latus
643 815 835 889 utrumque,
846 819 971 885 contos,
983 805 1090 889 funes,
1104 831 1168 872 car·

79 907 176 988 basa,
193 905 385 970 anchoram
399 921 433 970 et
446 921 559 970 eaetera
573 904 608 969 id
624 927 726 996 genus
742 908 831 972 navis
847 910 1079 996 instrumenta,
1094 937 1166 1001 quae

81 1013 257 1101 peramice
287 1029 371 1077 tunc
397 1012 636 1102 explicueram,
660 1012 774 1078 sedulo
800 1031 1040 1102 perscrutatus,
1060 1020 1166 1085 verbis

82 1119 190 1182 calcar
207 1117 350 1199 adjecit,
363 1135 397 1184 et
412 1118 558 1205 quamvis
575 1119 765 1207 saepiuscule
780 1121 992 1205 renitentem,
1006 1124 1065 1211 qui
1080 1126 1167 1190 lente
1182 1200 1190 1206 ,

83 1221 180 1312 gradi
203 1245 313 1311 super
337 1239 456 1287 terram
480 1221 619 1310 pedibus
647 1223 842 1306 assolebem‚
864 1247 932 1290 non
957 1227 1064 1293 solum
1091 1251 1166 1296 mam

3 1389 4 1396 ,
85 1329 219 1417 Iphiclo
233 1331 327 1418 Argo
345 1350 494 1412 currere,
514 1327 573 1392 sed
593 1328 698 1392 etiam
710 1329 927 1395 conscendere
942 1333 1120 1423 Pegasum,
1135 1354 1167 1402 et

86 1457 168 1498 cum
187 1433 457 1523 Bellerophonte
479 1432 676 1521 Daedaloque
701 1433 867 1499 insuetum
892 1458 952 1523 per
978 1438 1041 1504 iter
1058 1441 1167 1506 volare

4 1534 8 1567 ¹
87 1540 272 1628 compulit3
298 1541 460 1604 Acessaeos
486 1537 636 1604 dictitans
653 1539 749 1602 nimis
776 1562 874 1628 quam
894 1561 964 1605 sera
982 1554 1165 1632 exspectare

89 1647 234 1712 Phoehes
259 1667 403 1711 cornua:
421 1645 500 1710 «Sat
524 1644 651 1710 firmam
671 1646 737 1726 jam
762 1662 846 1711 stare
870 1653 1166 1741 ratem‚remisque

91 1752 269 1843 mperbam
281 1753 424 1817 Poscere
435 1773 518 1839 quos
528 1751 676 1833 veheret,
686 1751 850 1839 rebusque
861 1752 895 1816 in
909 1754 1023 1819 secula
1032 1755 1131 1822 ferret
1140 1789 1165 1824 ν.

96 1861 160 1923 His
178 1860 286 1946 itaque
307 1857 513 1938 stimulatus,
529 1873 562 1922 et
576 1856 719 1922 habenas
737 1857 861 1938 laxare,
875 1857 952 1923 dare
964 1860 1033 1925 vela
1044 1863 1165 1946 ventis,

93 1965 159 2028 alta
168 1985 281 2029 secare
295 1963 417 2044 maria,
429 1963 619 2050 inviumque
631 1962 721 2051 prius
737 1961 902 2027 undarunt
916 1965 1076 2030 tramitem
1092 1989 1167 2056 ape-

93 2071 158 2134 rire
172 2070 347 2150 monitus,
364 2090 448 2157 quos
464 2069 549 2158 agis,
565 2067 683 2132 ductor
701 2068 838 2156 optime,
856 2067 978 2156 oppido
994 2092 1093 2158 quam
1110 2095 1166 2136 ex-

91 2175 201 2263 pedita
215 2175 306 2239 volui
325 2175 438 2256 juvare
458 2176 584 2256 celoce,
599 2174 767 2238 fortiorem
785 2173 862 2238 inde
875 2189 907 2238 et
923 2175 1164 2243 instructiorem

93 2281 139 2368 (si
153 2279 308 2368 dabitur)
322 2280 532 2346 deducturus.
552 2280 687 2344 Interim
708 2279 843 2345 leviores
865 2281 1008 2345 tousulas
1028 2279 1162 2372 agitabi-

93 2409 174 2452 mus.
199 2388 234 2452 Si
250 2386 458 2477 naufragium
473 2383 584 2476 (quod
601 2387 690 2450 Deus
708 2384 848 2473 avertat)
868 2385 1041 2470 faciamus,
1062 2388 1090 2452 is
1110 2411 1162 2472 es,

93 2494 147 2578 qm·
158 2493 271 2581 probe
284 2493 387 2576 nosti,
402 2515 469 2580 quo
486 2493 528 2556 sit
549 2489 756 2579 excipiendus
778 2489 936 2579 hospitio,
960 2493 1017 2580 qui
1037 2493 1162 2581 primus

91 2598 252 2664 intacmm
264 2620 355 2663 mare
368 2615 467 2663 conto
480 2599 655 2687 experitur,
669 2611 701 2661 et
714 2597 810 2662 remis
824 2598 988 2680 sollicitat,
1008 2600 1162 2686 primam·

91 2727 153 2792 que
174 2707 323 2770 carinam
339 2704 541 2793 producens,
552 2728 571 2768 a
584 2705 688 2770 Malea
702 2703 844 2768 tabulam
860 2725 936 2768 cum
948 2705 1092 2769 vestibus
1107 2729 1160 2771 re·

91 2810 151 2875 fert
162 2813 216 2876 rel
229 2811 460 2877 semilaceram.
473 2811 561 2893 Scio,
576 2825 609 2876 et
622 2809 768 2901 plerique
782 2832 912 2901 omnes,
927 2827 1071 2875 mentem
1085 2835 1160 2878 cum

91 2917 223 2981 for-mna
238 2933 272 2980 te
287 2939 356 2980 non
369 2932 492 2981 vertere
505 2917 653 2981 solitum:
667 2937 765 3004 quem
778 2915 892 2979 vellem
905 2913 972 2978 'hac
991 2915 1026 2978 in
1045 2938 1080 2980 re
1100 2916 1162 2980 du·

91 3045 161 3086 cem
180 3021 313 3086 cunctis
327 3022 474 3111 proferri.
491 3023 568 3086 Non
588 3037 688 3104 esset,
710 3019 812 3085 dubio
830 3021 960 3112 procul,
977 3037 1043 3084 tarn
1060 3020 1160 3088 densa

92 3128 269 3193 bominum
294 3129 388 3209 silva,
415 3127 504 3193 unde
532 3127 663 3192 arbores
689 3129 822 3216 ingratae
847 3127 1032 3216 legerentur
1062 3149 1159 3217 supra

90 3237 254 3302 Chaonias
280 3235 476 3322 loquamrlae,
506 3233 654 3322 illudque
679 3249 767 3298 extra
796 3234 952 3298 cortinam
976 3255 1045 3298 non
1069 3235 1154 3300 effu·-

90 3343 209 3426 tirent3
233 3343 282 3406 sic
304 3357 424 3405 mutuo
447 3356 651 3405 susurrantes
672 3339 856 3427 colloquio:
872 3339 945 3422 Qua
963 3339 1082 3429 dignus
1099 3365 1155 3407 ve·

90 3449 276 3531 nia,etiam
300 3448 327 3512 si
352 3448 451 3512 semel
475 3461 572 3534 atque
596 3447 714 3513 iterum
738 3445 901 3512 lubricum
927 3461 1056 3528 nactus,
1076 3469 1155 3512 con·

90 3571 211 3620 cretam
230 3555 332 3643 longo
348 3569 496 3641 tempore
508 3551 641 3642 glaciem
657 3549 881 3641 proscindere,
895 3565 927 3614 et
943 3553 1152 3642 permeabiles

92 3675 212 3725 nactus
225 3659 332 3724 facere
345 3657 506 3739 moliaris3
520 3673 679 3745 tuncque,
691 3653 909 3744 lapsabundus
918 3702 927 3736 ,
937 3655 1006 3719 risu
1019 3654 1155 3745 dignum

90 3765 128 3830 de
153 3781 188 3830 te
221 3765 370 3855 praebeas
401 3763 647 3852 spectaculum?
669 3783 819 3851 sperasne
842 3761 954 3843 aliam,
984 3783 1082 3848 quam
1114 3765 1156 3829 ab

6 3949 7 3957 ἵ
89 3873 212 3962 ingrato
236 3873 349 3936 Xerxe
368 3867 522 3959 gratiam?
536 3855 795 3934 ‘succlamabunt
815 3883 966 3955 praeterea
988 3866 1029 3931 ad
1053 3871 1154 3936 ravim

7 3963 10 4037 l
88 3999 124 4042 ex
148 3977 280 4043 ludicro
308 3991 476 4063 sumptum
497 3975 693 4064 Virgiliano,
716 3997 781 4038 non
802 3974 877 4038 bene
899 3975 977 4062 npoe
995 3975 1135 4040 creditam
1140 4001 1155 4057 ,·

87 4101 116 4150 et
134 4085 295 4150 indefessi
318 4082 540 4148 advocabunt:
553 4083 671 4172 Ecquis
682 4093 759 4145 nam
771 4079 863 4144 luders
882 4084 916 4146 in
936 4079 1060 4144 undis?
1083 4082 1153 4145 Ob-

10 4283 11 4288 ,
83 4193 188 4272 finient
220 4191 280 4256 alii
306 4191 496 4279 pamiutem
524 4192 690 4268 velorum,
724 4205 757 4256 et
786 4188 927 4254 trabium
953 4184 1153 4292 tenuitatem.

10 4300 13 4402 l
185 4301 217 4363 1·
980 4293 999 4354 b
