3198 5106
295 487 565 558 THEOPHIL.
592 487 787 558 CHRIST.
814 489 1023 558 HARLES.
1073 513 1229 560 ctxxxrtr

159 617 276 684 torlina
288 617 534 697 edebenimus,
557 632 592 682 ct
609 616 741 705 ingenio
757 618 915 706 copiaque
928 617 1094 683 literarum
1110 617 1229 684 lloren·

159 725 314 806 tissimus,
326 747 387 812 pro
399 745 460 789 sna
468 723 588 812 insigni
600 723 802 788 humanitate
813 746 942 790 mecum
955 725 1126 790 liberaliter
1138 749 1228 792 conr·

99 845 103 853 '
159 831 395 913 municaserat,
406 852 506 918 quam
517 829 567 894 vir
577 828 892 912 hicerudiu'esimus,
906 831 980 896 licet
997 831 1095 918 paulo
1108 833 1229 912 serim,

160 959 194 1000 se
211 937 320 1024 ipsum
339 937 465 1000 illarum
484 952 650 1000 auctorem
665 958 774 1000 coram
791 936 953 1026 professus
970 953 1062 1002 esset

201 1041 260 1112 ffls
272 1041 394 1129 opibus
409 1041 588 1126 instructus
604 1041 639 1106 in
655 1040 843 1116 adornanda
858 1041 919 1106 bac
934 1041 1078 1108 editione
1096 1043 1140 1108 ita
1154 1065 1227 1108 ver·

120 1205 124 1212 .
160 1163 247 1214 sattrs
268 1169 362 1229 sum,
379 1162 418 1212 ut
441 1147 641 1229 menonem,
657 1169 795 1236 eamque
816 1148 1020 1236 frequentius
1042 1148 1174 1236 quidem
1193 1149 1226 1214 in

161 1253 396 1342 posterioribus
409 1253 514 1330 libris,
526 1275 624 1342 quam
638 1253 673 1318 in
687 1253 818 1320 duobus
830 1254 993 1342 prioribus
1002 1277 1063 1336 ,ex
1073 1270 1229 1344 apparatu

162 1359 324 1430 editorum
345 1361 466 1450 pariter
488 1377 586 1450 atque
611 1361 808 1450 scriptorum
830 1359 1001 1444 codicum,
1020 1361 1129 1449 qnoud
1144 1361 1228 1426 milri

160 1586 316 1658 scriptu-un
333 1599 362 1642 st
374 1585 482 1660 stirpem
498 1599 525 1642 et
537 1599 659 1652 mar,
674 1599 805 1660 quantum
822 1585 881 1641 fieri
897 1587 998 1660 potuit,
1017 1589 1228 1659 Argonautatum

158 1675 278 1732 omniun
290 1674 379 1730 tradit·
391 1677 566 1750 subiungitur
578 1675 660 1730 etiam
668 1676 887 1749 supplementum
896 1675 996 1730 Valerii
1005 1675 1093 1733 Flacci
1105 1696 1138 1733 ex
1148 1677 1229 1748 Apol-

161 1763 231 1818 lonio
240 1765 356 1820 manime
366 1765 401 1820 ab
414 1766 431 1820 J
432 1784 458 1820 o.
473 1765 591 1840 Baptista
607 1764 654 1820 Pio
665 1764 873 1830 concinnatum,
891 1764 966 1838 quod
978 1765 1033 1818 alin
1051 1783 1158 1840 quoque
1171 1764 1229 1820 edi·

161 1851 244 1905 tiones
264 1852 420 1908 vetustiores
436 1856 493 1925 jam
507 1865 705 1926 expresserunt3
719 1853 783 1906 item
801 1853 887 1907 versio
905 1853 988 1906 latina
1006 1853 1114 1906 metrica
1127 1851 1229 1924 Orphei

162 1941 356 2012 Argonauticon
369 1979 378 2009 ,
397 1945 472 2014 cujus
494 1953 630 1996 auctorem
650 1939 817 1994 Leodrisium
840 1939 983 1993 Cribellum
1002 1939 1228 1993 Mediolanensem

161 2045 217 2081 esse
225 2047 257 2082 ex
269 2029 356 2094 aldo,
369 2029 494 2094 barthio,
505 2029 625 2083 Reiuesio
637 2028 748 2101 aliisque
758 2027 849 2082 docuit
857 2029 1043 2093 Burmannus,
1054 2047 1138 2101 quum
1147 2028 1229 2100 vulgo

162 2133 221 2170 sum
233 2115 358 2190 ignorare
374 2117 525 2172 videantur.
545 2120 648 2190 Agmen
661 2117 791 2172 chudunt
800 2117 906 2172 ludices
919 2117 1075 2183 necessarii,
1086 2135 1156 2190 quos
1171 2135 1228 2170 ma·

159 2207 215 2278 joae
226 2225 292 2262 cura
305 2218 332 2262 et
344 2205 497 2280 diligenda,
516 2226 597 2280 qu„tu
614 2207 673 2262 lieri
687 2208 770 2280 solet,
784 2207 926 2265 'conlectos
943 2225 1001 2260 esse
1018 2219 1116 2278 sperat.
1137 2205 1229 2260 Alardi

161 2306 231 2348 certe
243 2294 322 2348 index
334 2295 528 2350 enormioribns
539 2294 642 2350 mendis
654 2307 752 2360 scatet,
772 2313 886 2367 quarum
901 2293 1003 2367 aliquot
1013 2294 1061 2346 cel.
1073 2283 1160 2348 editor
1169 2304 1229 2366 post

162 2383 312 2454 catalogum
322 2386 534 2456 Argonautarum
546 2385 717 2438 enumerarit.
727 2383 860 2437 Indicavit
869 2384 905 2435 ita
916 2381 1000 2435 muita
1011 2381 1124 2436 aliorum
1137 2395 1228 2435 aucto·

162 2489 219 2522 rum
231 2471 306 2534 loca,
317 2491 376 2544 quc
390 2473 418 2524 in
435 2471 505 2524 notis
520 2471 687 2525 illustrantur
704 2485 750 2525 aut
765 2471 957 2525 emendantur:
977 2470 1114 2544 inquibus
1132 2471 1227 2523 eximia

163 2567 199 2609 est
211 2556 364 2611 emendatio
376 2556 495 2622 Manilii,
511 2557 556 2610 lib.
567 2557 603 2624 V,
618 2557 684 2622 ⁵023
702 2575 781 2630 quam
794 2556 856 2610 vide
873 2558 900 2612 iu
914 2557 985 2611 notis
997 2554 1033 2610 ad
1046 2557 1094 2610 lib.
1109 2559 1153 2621 11,
1166 2561 1228 2624 466.

162 2644 306 2718 Sqiaaime
319 2646 397 2700 etiam
411 2645 497 2701 varies
515 2644 641 2698 lectiones
655 2657 711 2698 tum
726 2644 839 2698 aliorum
853 2657 910 2698 tum
927 2645 1042 2699 maxime
1052 2647 1158 2699 Lucani
1170 2649 1229 2700 lau·

163 2732 221 2801 dat,
241 2753 328 2808 quas,
352 2745 382 2790 ut
402 2745 542 2807 putamus,
564 2732 689 2786 ileinsius
709 2733 834 2804 collegit,
853 2745 878 2786 et
898 2733 948 2786 cel.
966 2735 1152 2800 Burmannus,
1170 2753 1229 2807 quse

163 2835 252 2878 nostra
265 2843 325 2896 spes
338 2836 376 2876 est
387 2863 395 2890 ,
405 2822 438 2879 cl.
450 2821 541 2876 Cortio
552 2821 615 2894 ,qni
629 2819 701 2894 apud
715 2839 763 2874 nos
776 2839 874 2878 noram
888 2822 987 2876 Lucani
1000 2821 1144 2876 editionem
1155 2824 1230 2877 moli-

163 2922 215 2979 tur,
232 2911 307 2964 baud
321 2911 459 2966 inridebit.
474 2901 611 2982 Deuiipue,
625 2928 674 2963 nec
693 2907 759 2962 illud
775 2908 987 2984 pretereundum
1006 2909 1230 2978 existimavimus,

163 2998 233 3068 qtsod
245 3000 274 3052 in
294 2999 364 3052 uotis
377 3018 432 3051 non
450 2997 531 3051 modo
549 2995 583 3049 de
595 2996 782 3069 interpretibus
792 2995 891 3049 Valerii
917 2995 971 3066 (ad
991 3015 1069 3068 quesn
1087 3015 1228 3052 numerum

163 3087 274 3156 pertinet
286 3086 354 3140 illud
371 3085 407 3140 de
425 3086 472 3140 Pio
489 3085 523 3140 ad
538 3085 584 3138 lib.
594 3084 652 3148 111,
672 3085 757 3155 404),
774 3085 820 3138 sed
839 3085 917 3140 etiam
936 3084 970 3138 de
989 3085 1048 3156 aliis
1060 3085 1124 3138 viris
1143 3085 1229 3142 doctis

162 3171 261 3244 judicia
274 3192 324 3230 sua
337 3173 521 3238 admiscuerit,
539 3185 586 3227 sut
604 3191 650 3226 eos
669 3185 760 3226 samm
778 3173 867 3246 elogio
886 3171 1004 3245 qmdam
1021 3175 1165 3230 muueris.
1186 3177 1228 3233 Ita
1300 3162 1306 3180 ⁹

164 3259 235 3316 baud
247 3262 350 3318 inutilia
363 3281 451 3335 neque
461 3262 563 3334 ingrata
577 3273 654 3326 sunt,
663 3279 722 3334 quat
733 3261 816 3316 babet
830 3261 954 3316 deducto
966 3262 1013 3316 illo
1026 3262 1133 3333 Virgilii
1151 3264 1230 3318 iuter-

164 3362 237 3422 prete
250 3357 286 3402 la
297 3355 376 3404 Cerdo
388 3350 422 3404 ud
435 3349 483 3403 lib.
495 3350 557 3414 111,
575 3351 644 3420 3173
663 3349 697 3404 de
707 3351 808 3403 Jacobo
820 3348 954 3403 Gmuovio
964 3349 998 3404 ad
1009 3371 1037 3405 v.
1049 3351 1099 3420 39²
1109 3367 1118 3413 ;
1130 3349 1164 3404 de
1175 3351 1230 3406 cle-

164 3437 234 3504 rico,
245 3457 326 3510 quem
337 3439 431 3492 festivo
441 3436 542 3509 elogio,
555 3436 621 3490 illud
633 3437 786 3512 cymbalum
796 3438 878 3512 hujus
891 3439 977 3492 saeculi
989 3438 1104 3511 appellat
1117 3437 1151 3492 ad
1162 3458 1229 3494 vers.

165 3534 234 3592 ⁴⁰03
253 3529 286 3581 de
301 3527 393 3581 multis
404 3539 538 3602 praterea.
554 3528 624 3593 Nos,
644 3525 691 3598 qui
702 3527 821 3581 videmus
836 3527 863 3580 in
881 3529 1016 3601 plerisque
1030 3547 1121 3582 euram
1130 3527 1231 3581 Valerii

165 3613 250 3671 Flacci
266 3616 329 3674 satis
342 3615 452 3670 feliciter
463 3616 496 3669 cl.
506 3616 659 3670 Bnrmauno
672 3615 795 3683 cessisse,
809 3627 978 3689 optaremus,
996 3625 1026 3669 ut
1035 3618 1076 3670 vir
1088 3615 1229 3671 eruditissi-

166 3721 222 3760 mus
234 3717 296 3777 post
308 3703 451 3768 Ovidium,
461 3704 540 3758 etiam
549 3703 700 3768 Catullum,
709 3703 847 3758 Manilium
864 3717 910 3758 sut
922 3701 1004 3758 alium
1016 3723 1097 3778 qnam
1109 3717 1230 3760 veterum

164 3805 300 3862 pomerum
320 3791 511 3864 castigatiorem
530 3810 591 3846 cum
610 3793 706 3850 burum
723 3811 814 3849 rerum
827 3791 931 3866 cupidis
943 3796 1168 3850 communicaret:
1183 3793 1231 3851 red

166 3893 241 3948 etas,
251 3881 412 3954 merissime
427 3899 514 3946 curu,
531 3883 667 3936 cumulata
680 3883 786 3956 negotia
803 3883 925 3951 (etenim,
939 3895 998 3956 post
1008 3884 1111 3938 obitum
1121 3886 1154 3936 cl.
1167 3885 1230 3940 sen-

164 3971 271 4041 gwdi,
290 3971 370 4025 etiarn
385 3971 520 4025 Leideusis
533 3971 703 4025 Bibliotheca
716 3990 810 4025 curam
823 3972 976 4024 Burrnanuo
992 3973 1160 4026 commissam
1175 3991 1230 4026 esse

165 4057 344 4131 cognorimus)
353 4078 403 4132 ,lea
416 4058 575 4132 persuadere
591 4059 731 4122 ridentur,
745 4060 820 4126 lore,
836 4070 864 4111 ut
879 4071 939 4112 rota
954 4073 1043 4114 nostra
1057 4061 1151 4115 frustra
1166 4061 1229 4114 sint.

98 4187 115 4230 ἱ
165 4147 234 4201 Nihil
246 4160 336 4201 tamen
354 4167 515 4221 magnopere
529 4147 675 4223 querimur,
697 4147 762 4202 dnm
778 4167 870 4202 verum
893 4149 1047 4222 bonumque
1063 4149 1230 4223 judicamus,

165 4246 200 4288 tot
214 4236 351 4291 exantlatis
361 4237 497 4292 laboribus
507 4241 564 4312 ejus
573 4238 714 4292 honestum
724 4238 808 4294 otium
819 4237 979 4293 condonare.
