3116 5102
369 551 756 620 ussonsnrmort
784 553 871 618 uin.
896 553 937 618 v.
1125 553 1189 641 ³79

168 687 215 752 Te
233 703 341 752 temen
350 685 441 770 boc,
459 683 595 767 conjux,
609 697 643 748 et
654 699 704 767 te,
718 703 790 748 mea
803 697 894 766 nata,
909 681 1072 749 monebo:

167 803 215 873 Sit
226 801 347 867 Persen
360 801 521 892 pepulisse
533 799 624 881 satis,
639 817 701 866 uec
710 819 792 863 vana
804 813 941 864 retentet

167 918 247 1007 Spes
260 916 407 1006 Minyas,
421 915 560 983 finemve
570 911 671 982 velint
682 914 852 1002 imponere
863 913 965 981 bello.
1153 936 1193 975 ss.

168 1031 265 1096 Illum
279 1031 399 1096 etenim
415 1029 486 1095 talis
503 1051 612 1094 rerum
628 1042 738 1092 manet
755 1024 930 1116 (aecipite)
947 1027 1049 1092 ordo:

167 1145 259 1210 Victa
270 1159 357 1210 retro
372 1167 462 1210 nuno
474 1160 575 1210 eastra
588 1143 693 1227 dabit,
709 1140 896 1230 bellumque
912 1145 1072 1226 remittet,

168 1259 315 1325 Territum
331 1257 473 1324 adventu
486 1257 578 1325 ducis
593 1273 626 1322 et
638 1257 758 1323 virtute
771 1255 913 1346 Pelasgi3

165 1374 247 1440 Illos
262 1373 320 1438 ubi
333 1373 523 1440 Thessalicis
537 1373 678 1437 reserent
689 1371 751 1436 hos
766 1371 895 1438 flamina
907 1372 1016 1456 terris,

165 1487 264 1554 'fune
279 1487 401 1572 aderit,
414 1488 584 1576 victorque
599 1485 715 1554 domos
734 1503 766 1552 et
780 1503 907 1576 sceptra
922 1485 1064 1567 tenebit,
1155 1498 1193 1538 ⁶⁸⁵

166 1603 284 1666 Doneo
297 1615 333 1666 et
345 1601 462 1668 AEeten
476 1602 583 1692 inopis
598 1617 674 1692 post
685 1601 781 1692 longa
793 1615 931 1666 senectae

166 1715 287 1781 Exsilia
300 1715 389 1804 (heu
401 1716 526 1806 magnis
538 1731 697 1805 quantum
707 1716 783 1782 lieet
794 1716 829 1780 in
841 1714 895 1802 pia
905 1715 978 1780 latis
988 1716 995 1778 !
1007 1714 1020 1803 )
1055 1715 1059 1723 '

166 1829 254 1895 Nata
268 1831 376 1914 juvet,
390 1830 572 1920 Graiusque
584 1851 686 1918 nepos
699 1830 735 1894 in
746 1851 844 1920 regna
855 1845 1001 1918 reponat.

169 1947 233 2011 Hie
244 1946 352 2032 labor,
364 1947 604 2037 amborumque
614 1947 684 2014 haee
694 1961 773 2016 sunt
783 1945 969 2012 discrimina
981 1945 1128 2011 fratrum.

169 2051 303 2144 Vadite,
323 2078 356 2127 et
370 2061 510 2130 adversis
521 2109 530 2146 ,
543 2079 581 2127 ut
593 2062 666 2151 quis
677 2061 781 2144 volet,
793 2061 896 2125 irruat
906 2061 1035 2128 armis».
1156 2073 1195 2125 ⁶9⁰

213 2175 362 2259 Diuemt3
373 2176 531 2242 instaurat
543 2199 669 2242 mensas
678 2225 687 2262 ,
697 2198 875 2265 pacemque
889 2174 1034 2256 reducit,

170 2290 212 2355 Et
222 2288 288 2370 jam
301 2289 458 2356 sideream
469 2306 601 2378 noctem
614 2289 756 2357 demittit
770 2291 923 2380 Olympo.

171 2403 266 2474 Tunc
276 2420 422 2469 assuetus
433 2401 524 2468 adest
533 2405 713 2494 Phlegraeas
726 2403 861 2470 reddere
873 2425 1000 2494 pugnas

158 2579 213 2628 etr.
224 2581 334 2642 Accipere
342 2595 402 2643 erge.
412 2580 489 2627 Vatis.
498 2581 553 2627 eod.
572 2583 672 2644 Accipite
686 2597 750 2642 ergo.
761 2583 852 2628 Bonon-
864 2580 918 2632 eod·
929 2583 1019 2630 bonon.
1032 2585 1051 2630 l.
1063 2584 1127 2636 lunt,
1140 2583 1195 2630 ild.

127 2661 229 2720 lingent.
238 2659 324 2705 &itus
335 2667 399 2720 ergo.
410 2661 502 2712 Boron.
517 2659 550 2707 11.
567 2656 654 2707 Miser.
668 2685 700 2696 -
713 2659 768 2720 687.
784 2662 866 2723 Inopia
869 2661 942 2722 fetes.
953 2661 1030 2709 true.
1042 2661 1096 2710 ood.
1111 2665 1203 2724 Impia„

127 2741 220 2786 Bonon.
238 2738 292 2785 eod.
303 2747 327 2785 et
342 2738 398 2786 edd.
418 2737 589 2800 Quantumlibet
604 2741 683 2802 ineptit.
700 2739 780 2800 Aliqui
801 2755 831 2786 ex
850 2740 915 2800 conj.
933 2739 997 2802 apud
1013 2740 1088 2788 Pium.
1103 2744 1133 2788 In
1148 2743 1197 2802 piu.

128 2819 235 2864 Gronov.
246 2811 315 2865 Obss.
326 2818 368 2874 tv,
378 2831 416 2867 at.
427 2843 458 2854 -
471 2817 527 2866 688.
539 2820 601 2866 Nata
610 2819 686 2880 jubet.
695 2819 770 2866 Vatis.
781 2827 805 2866 et
819 2819 911 2866 Bonum
926 2819 996 2865 oodd.
1007 2821 1117 2866 bonomi
1131 2829 1155 2866 et
1165 2821 1197 2870 11.

127 2899 194 2945 tunt.
204 2895 257 2944 Ald.
272 2921 304 2932 —
321 2897 376 2960 689.
394 2897 521 2944 Ambnrum
531 2896 580 2942 itae
587 2907 647 2943 sust.
656 2895 798 2946 Vatie'ood.
810 2899 902 2946 Bonon.
914 2899 926 2946 1
945 2907 969 2945 et
984 2899 1017 2948 11.
1032 2901 1095 2945 lunt.
1111 2900 1197 2945 Maser.

132 2976 263 3025 Amissum
271 2987 325 3024 sent
332 2976 386 3024 lae.
395 2977 449 3024 bid.
462 2977 562 3040 lingent.
574 2992 628 3024 oum
638 2976 687 3024 Pio.
698 3003 729 3020 -η
740 2977 796 3040 693.
805 2977 920 3040 Phlegyas
928 2981 970 3040 qui
979 2976 1080 3026 reddere.
1091 2977 1165 3025 Vstie.
1173 2987 1199 3025 et

129 3057 221 3104 liouon¹
233 3055 304 3104 oodd.
317 3057 408 3102 Bonum
419 3055 440 3100 1.
448 3057 513 3102 Juut.
527 3055 658 3117 Phlegraeas
666 3057 732 3119 quir.
742 3055 796 3102 atd.
808 3055 919 3119 Phrygias
925 3073 970 3119 pro
980 3072 1028 3104 rar.
1041 3057 1094 3104 lert.
1105 3059 1197 3108 Bonou.

129 3136 185 3186 eod.
196 3137 240 3184 En.

165 3281 218 3351 678
222 3320 228 3335 .
237 3281 308 3334 Tum
317 3279 447 3336 convertit
455 3280 526 3334 seed
532 3299 643 3334 uxorem
722 3282 782 3352 687.
793 3287 846 3335 Heu
858 3285 957 3350 magns
972 3296 1089 3350 quartum
1106 3285 1160 3335 lieet
1172 3285 1198 3336 irs

128 3360 264 3424 etlilium,
277 3358 325 3412 sed
339 3358 486 3432 placidiust
504 3379 559 3414 non
572 3360 644 3414 inre·
681 3363 807 3431 pinsatis.
819 3361 978 3414 HseoVossii
988 3361 1140 3432 conjectura
1149 3373 1204 3416 esta

127 3436 278 3505 bitur,ted
286 3453 380 3492 mouet.-
388 3439 516 3492 SitPersers
521 3443 644 3508 pepulisse
687 3443 741 3495 Nos
751 3439 861 3511 legimus
870 3457 933 3493 cum
942 3441 1008 3493 Bon.
1017 3438 1201 3512 ood.vett.que

128 3523 204 3581 satis,
222 3536 303 3591 quem
312 3533 414 3572 maneret
421 3517 477 3572 bec
486 3518 539 3572 iata
548 3535 556 3572 t
566 3519 644 3572 Nunc
688 3517 760 3573 editt.
772 3523 818 3570 ltere
831 3521 930 3586 maguis
942 3521 1145 3586 quantumlibet
1156 3523 1201 3572 im-

128 3596 409 3671 quidemvictasdabit
419 3615 530 3664 manus,
539 3598 645 3652 iasonis
685 3597 832 3666 pia)fatis,
846 3609 895 3652 ete.
910 3599 1009 3666 magnis
1023 3612 1201 3670 qrsarrtumpro

128 3678 159 3736 in
178 3675 272 3750 primis
288 3676 386 3731 virtute
404 3687 527 3742 coaetus;
544 3688 574 3729 ut
592 3677 644 3748 pri-
689 3680 802 3746 quanin
822 3695 967 3748 sensusque
981 3687 1037 3728 est:
1047 3675 1141 3731 Medea
1155 3696 1202 3749 pa-

128 3773 206 3810 mum
217 3766 304 3815 tamen
314 3755 386 3826 Argo
401 3754 428 3806 in
438 3755 553 3826 patriam
561 3753 645 3814 redie-
688 3767 756 3810 trem
776 3756 803 3808 in
823 3755 920 3812 solium
936 3767 1060 3828 reponet,
1080 3757 1203 3830 quamvis

128 3837 180 3895 rit,
199 3834 266 3887 solio
281 3835 376 3887 AEeten
394 3831 561 3897 deturbabit,
573 3853 645 3888 eum·
688 3847 778 3900 tunto,
794 3847 849 3890 tam
863 3835 1076 3904 precinente,
1097 3837 1133 3890 ob
1153 3836 1203 3892 ima.

129 3912 193 3966 dem
202 3931 264 3968 vero
269 3927 326 3982 post
336 3917 415 3982 longa
422 3927 527 3965 senectia
536 3915 644 3974 exsilia,-
687 3914 812 3987 pietatem
821 3951 829 3978 ,
839 3913 959 3986 indigua.
973 3915 1024 3969 En.

128 4002 191 4064 post
200 3991 307 4064 longam
318 4010 429 4064 eamque
435 3991 543 4064 inopem
552 3992 580 4045 in
590 3993 643 4046 vita
724 3996 786 4060 691.
797 3992 843 4045 His
857 3991 933 4046 dictis
943 3997 1067 4044 instaurat
1075 4013 1198 4055 mensam,

129 4069 233 4141 privata
249 4082 407 4124 transactam
421 4081 599 4136 senectutem,
611 4071 645 4126 ii·
690 4071 724 4126 ad
739 4083 869 4125 necteret
888 4073 1046 4126 ambrosiam
1060 4072 1148 4126 denuo
1160 4093 1205 4130 re-.

128 4148 169 4204 lla
179 4147 207 4202 in
216 4166 327 4219 reguum
336 4149 465 4204 restituet.
475 4175 529 4198 -ι
539 4155 649 4204 detentet
691 4151 731 4204 dit
739 4152 856 4224 Jupiter,
871 4155 965 4220 litjam
978 4155 1098 4206 sideream
1109 4167 1205 4206 nortem

129 4237 218 4300 potest
227 4245 284 4280 esse
294 4247 343 4300 pro
353 4228 532 4292 moretur5sed
543 4241 648 4302 prestet
693 4233 797 4284 dernittit
811 4235 923 4300 Olympo.
1184 4226 1187 4231 ⁴

129 4311 216 4367 itentm
225 4326 279 4380 spes
290 4321 373 4366 untes.
388 4335 399 4359 ι
416 4309 458 4370 Sic
467 4309 559 4365 urum.
573 4310 624 4372 En.
729 4311 789 4378 693.
807 4315 875 4366 Tuus
889 4315 960 4364 adest
974 4316 1100 4367 Musarum
1118 4313 1205 4363 risonis
