3226 5114
385 512 514 578 NOVI
545 513 793 581 EDITORIS
824 515 983 582 NOTAE.
1149 519 1211 606 317

188 631 222 679 V.
237 627 297 696 571.
306 631 338 677 Et
346 641 419 694 pater
428 628 479 696 ipse
494 630 569 676 maris
580 629 687 695 pavidas
699 632 826 698 detorquet
840 629 958 683 habam.
969 661 1003 672 -
1012 635 1084 684 Pater
1095 634 1171 683 mat-is
1186 645 1213 685 et

154 709 248 765 Ovidis
262 709 360 764 dicitur
369 710 506 783 Neptunus
518 750 526 777 ‚
538 709 647 764 Metam.
662 711 718 778 XI,
729 730 778 766 sos
790 729 798 764 :

290 827 397 889 Cumque
407 827 561 890 tridentigero
572 828 655 875 tumidi
663 830 878 893 genitoreprofisndi

290 903 414 950 noralem
424 902 530 952 induitur
539 902 646 951 formam.

190 1022 223 1076 V.
238 1023 299 1093 ⁵75.
307 1029 413 1092 Jamque
424 1027 474 1075 atio
485 1028 592 1076 clamore
601 1037 682 1077 munt.
693 1054 727 1064 -
739 1027 872 1076 Clasnorem
885 1045 953 1098 sape
964 1028 1114 1093 montibus,
1124 1047 1217 1102 scopu·

155 1105 185 1158 lis
193 1117 219 1158 et
227 1105 298 1158 silvis
310 1106 431 1159 tribuunt
441 1116 539 1178 poete:
551 1106 643 1190 virgil.
656 1109 718 1160 AEn.
729 1106 785 1174 111,
797 1108 864 1161 566:

290 1227 336 1272 Ter
346 1225 438 1288 scopuli
449 1226 575 1272 clamorem
586 1226 647 1273 inter
655 1241 711 1274 oavs
721 1241 776 1274 sexa
786 1226 909 1276 emme

189 1357 220 1404 V.
236 1354 298 1423 587.
312 1359 400 1404 Venun
409 1355 471 1404 inter
479 1355 573 1404 medias
585 1354 680 1403 dabinr
694 1355 729 1403 sic
742 1372 838 1404 currere
851 1367 932 1404 cantes

109 1465 114 1476 ·
202 1495 206 1502 1
308 1439 374 1488 Certe
387 1439 579 1505 dignaremus,
594 1453 749 1503 vacuumque
764 1438 841 1488 enibs's
854 1439 879 1488 in
894 1455 987 1504 oequor.

155 1559 265 1616 Codices
281 1559 380 1615 hubent
394 1566 416 1613 εἰ
425 1583 535 1622 cumn,
547 1581 597 1634 pro
607 1581 663 1633 quo
673 1561 726 1632 legi
739 1565 774 1614 sic
790 1583 900 1626 currere,
916 1563 938 1616 ai
955 1575 1165 1636 possumusne,
1179 1567 1216 1619 nil

154 1657 221 1700 vetat
231 1649 241 1716 (
250 1645 306 1700 vid.
320 1665 399 1718 snpra
407 1656 465 1699 not.
475 1648 548 1715 111)t
559 1643 605 1698 sed
617 1645 708 1698 melius
717 1649 794 1700 estsi.

187 1790 220 1840 V.
231 1787 294 1856 594.
304 1790 359 1838 Illic
366 1787 497 1856 pestiferas
505 1788 585 1838 subter
592 1788 659 1854 juga
674 1803 782 1837 concava
793 1799 887 1853 torqsret
920 1855 923 1858 Ι

300 1875 371 1923 Alter
382 1889 462 1938 aquas
475 1873 598 1921 Acheron.

155 1985 303 2049 Maserius,
315 1984 483 2038 Burmannus
493 1985 700 2055 Wagnernsque
712 1995 805 2055 putant
818 1987 918 2036 auemm
934 1983 978 2036 hic
986 1983 1136 2039 Acheronta
1149 1985 1217 2054 diei,

154 2068 214 2122 nati
230 2068 389 2122 Acherontis
405 2081 533 2141 respectu
562 2068 653 2133 Quum
672 2086 736 2120 vero
756 2079 826 2120 extra
848 2067 904 2120 veri
924 2069 1036 2139 speciem
1052 2069 1103 2136 sit,
1121 2071 1218 2124 Italum

155 2151 224 2204 hunc
236 2150 350 2204 fluvium
360 2152 520 2224 Argonautis
532 2163 625 2205 notum
641 2151 736 2215 tuisse,
750 2150 875 2205 libentius
886 2150 1042 2205 crediderim
1056 2154 1218 2226 Epiroticum

155 2234 306 2290 Acheronta
315 2237 416 2307 respici.

189 2378 222 2424 V.
237 2372 298 2441 596.
313 2377 346 2424 tte
354 2393 421 2425 suna
432 2376 541 2441 aequiust
555 2375 663 2442 caligine
675 2393 783 2442 campus.
791 2403 827 2413 -
837 2373 909 2438 Quin
922 2371 1019 2444 legitur
1029 2395 1127 2445 conpos
1134 2414 1141 2437 ,
1152 2395 1219 2448 quos

154 2455 200 2509 dat
211 2456 354 2511 Vaticanus
365 2457 465 2524 codex,
476 2457 622 2528 probatque
636 2455 777 2509 Heinsius?
786 2457 854 2508 Nam
864 2456 884 2508 si
897 2475 996 2525 campus
1010 2455 1073 2528 legis
1083 2477 1144 2511 oum
1154 2459 1220 2511 Bur·

155 2558 272 2602 manno,
283 2557 373 2592 senem
389 2550 443 2606 est,
462 2540 654 2594 tenebricosum
667 2556 791 2612 campum
809 2539 886 2592 situm
906 2558 960 2593 ease
975 2552 1036 2612 post
1044 2541 1220 2596 Acherusium

157 2624 274 2690 sontem,
294 2623 367 2695 quod
388 2623 477 2676 minus
490 2622 601 2695 pianum
617 2621 721 2675 videtur
734 2640 814 2695 mam
826 2622 897 2696 quod
916 2624 1029 2676 exeritur
1041 2643 1070 2676 ex
1084 2625 1166 2679 altera
1181 2627 1220 2680 le-

155 2707 258 2760 ctione:
269 2707 393 2761 Acheron
402 2725 497 2778 nempe
507 2708 627 2774 seqnitur,
639 2706 754 2758 volvitur
768 2725 832 2777 per,
843 2727 940 2775 campos
950 2725 1016 2760 aava
1025 2710 1137 2776 anteginis.
1148 2713 1219 2760 Can

151 2812 200 2859 pus
214 2811 280 2844 soeva
289 2793 396 2860 caligine
404 2790 503 2844 locutio
512 2801 566 2856 est,
575 2788 661 2862 qualis
671 2787 744 2854 hac,
753 2786 824 2861 apud
833 2789 1085 2854 Ovidium,h1etam.
1094 2791 1152 2854 111,
1168 2789 1219 2858 53,

156 2877 295 2944 splendenti
306 2879 395 2927 lancea
396 2876 477 2943 ferm.

191 3019 226 3070 V.
239 3021 300 3073 600.
315 3021 382 3087 Quid
394 3035 535 3079 mutem,
549 3037 612 3085 quas
623 3020 670 3069 In's
678 3037 771 3085 aquas,
786 3037 849 3084 quas
861 3022 1080 3085 torqueatAncon
1090 3048 1125 3058 -
1134 3018 1221 3072 Inter·

157 3105 328 3177 pretationem
339 3102 471 3176 Wagneri
491 3115 640 3174 sequuntur
659 3102 724 3155 hec.
745 3127 758 3147 u
770 3108 857 3152 Ancon
878 3101 985 3172 proprie
1007 3113 1045 3154 est
1066 3101 1221 3155 Latinorum

157 3187 276 3254 cubitus,
290 3184 387 3240 deinde
398 3186 542 3258 geographi
553 3186 715 3238 transierunt
725 3183 758 3236 ed
769 3186 827 3237 loca
838 3221 846 3247 ,
857 3201 915 3256 qun
925 3184 1009 3238 cubiti
1017 3185 1102 3238 instar
1110 3185 1139 3236 in
1148 3203 1222 3239 mare

157 3282 326 3344 prousrrunt.
341 3271 380 3323 Ita
393 3270 495 3324 ethi.
513 3281 553 3323 est
568 3280 660 3341 portus
675 3267 710 3322 ad
725 3269 822 3322 ostium
837 3269 886 3322 lris
902 3267 994 3331 fluvii,
1010 3269 1056 3321 uhi
1071 3269 1133 3322 litus
1148 3271 1223 3323 tenui

157 3367 235 3407 terras
245 3363 331 3406 tractu
348 3353 376 3403 in
393 3371 467 3406 mare
482 3369 641 3425 procurrens
653 3353 818 3406 incurvatur.
830 3350 900 3404 Vide
914 3357 1053 3405 Mannert's
1065 3351 1163 3424 Geogr.
1177 3357 1221 3407 tn.

158 3433 216 3498 VI,
231 3433 303 3500 Hest,
325 3451 357 3494 r,
374 3437 400 3484 S.
417 3436 478 3498 446.
494 3431 617 3503 Apollou.
636 3432 680 3498 Π,
697 3430 766 3499 369ε
783 3436 857 3486 »siin
872 3428 901 3484 tt
922 3435 1058 3505 rporipoos
1073 3437 1167 3506 μέγας,
1180 3439 1222 3490 καὶ

157 3515 284 3585 ὑπείροχος
292 3513 372 3584 ἀγκὼν
384 3499 499 3582 hirsizon
510 3514 591 3584 γαίης.
602 3511 757 3564 Ammianus
765 3509 883 3564 Marcell.
896 3509 976 3562 XXII
986 3547 995 3574 ,
1008 3512 1040 3574 8,
1052 3511 1133 3564 habet
1144 3512 1223 3564 etiam

154 3612 251 3667 pomam
262 3603 372 3648 Aeonem
383 3596 472 3668 (culpa
481 3595 647 3649 librariorum
658 3614 708 3666 pro
719 3595 865 3661 Anconem).
877 3592 956 3646 Hand
970 3605 1041 3647 reete
1050 3594 1132 3666 igitur
1144 3593 1224 3647 vale·

158 3681 214 3734 rius
227 3699 279 3753 pro
296 3677 376 3733 fluvio
391 3679 500 3746 hahuit,
520 3698 569 3732 nec
586 3679 648 3732 satis
666 3677 806 3749 diiigenter
820 3677 934 3749 inspexit
944 3679 1130 3750 Apollonium,
1147 3680 1223 3751 cnjus

160 3764 229 3818 male
243 3763 369 3819 intellecti
379 3762 528 3835 exemplum
544 3762 686 3815 habuimus
698 3779 779 3834 supru
793 3761 823 3813 in
836 3765 998 3838 Eurymenis,
1015 3761 1060 3828 ΙΙ,
1077 3768 1119 3827 14.
1131 3761 1222 3826 Infra,

159 3853 195 3912 V,
207 3867 253 3902 ιιι
264 3885 273 3916 ,
283 3847 328 3902 uhi
341 3847 485 3919 exspectari
494 3857 612 3919 poterat,
623 3856 694 3898 totns
704 3851 792 3897 Ancon
804 3845 917 3898 omissus
931 3855 977 3897 est.
989 3871 1001 3891 n

195 4007 226 4052 V,
238 4005 297 4064 604.
315 4006 365 4054 Sed
375 4003 467 4070 qualis,
489 4005 535 4052 sed
553 4013 648 4068 quanta
668 4003 729 4052 viris
747 4003 850 4052 insultat
866 4005 946 4065 Enyo.
957 4030 992 4042 -
1001 3999 1044 4054 Sic
1054 4000 1144 4070 Virg'ti.
1163 4001 1222 4050 AEn.

161 4084 203 4151 ΙΙ,
214 4084 280 4153 591:

302 4186 367 4232 Alma
376 4202 474 4248 parens,
487 4185 685 4242 confusaneam,
701 4186 824 4250 qualisque
835 4185 908 4234 videri

301 4259 412 4308 Calicolis
424 4271 447 4310 et
457 4271 545 4324 quanta
554 4262 621 4308 solat.
