3200 5132
591 507 856 601 rnurlrro.
1151 527 1247 584 xcvn

179 637 252 726 plus
270 654 367 723 equo
381 634 579 700 membranis
598 635 762 702 interdum
780 636 870 703 hisce
891 633 1034 700 conlisus
1052 635 1247 723 scripturam.

179 742 307 832 vulgata
318 740 512 806 deterior-m
523 757 572 806 est
581 742 781 831 amplexatus
800 740 812 830 (
823 742 1029 830 nequeenim
1042 742 1196 810 volumen
1208 764 1248 806 ex

179 845 323 936 antiquis
345 847 451 912 ullum
477 863 548 912 tam
566 846 670 913 fidum
693 863 826 936 tamque
852 847 944 912 omni
969 845 1179 913 emendatum
1208 869 1248 914 ex

177 969 269 1042 parte
284 951 378 1019 facile
392 954 558 1035 invenias,
581 956 636 1019 oui
650 977 764 1020 secure
778 953 995 1022 concredamr
1006 951 1246 1042 ubicumque),

177 1061 228 1125 rel
243 1061 290 1125 ob
303 1060 340 1126 id
354 1080 461 1126 uuum
476 1076 585 1126 tumen
601 1083 652 1126 res
670 1062 717 1126 illi
733 1061 872 1128 literaria
888 1059 977 1126 haud
992 1081 1113 1148 parum
1129 1058 1248 1124 referet

178 1182 346 1255 acceptum
365 1182 511 1256 oportet,
528 1167 621 1255 quod
637 1166 784 1232 codicem
804 1183 870 1232 um
894 1165 1018 1233 eximie
1042 1165 1208 1230 vetustatis
1226 1188 1245 1230 a

178 1271 285 1338 blattis
305 1274 466 1362 tineisque
492 1273 616 1339 libernli
632 1295 733 1339 mauu
753 1273 945 1356 vindicavit,
965 1295 1027 1338 nee
1040 1271 1172 1338 delitere
1188 1288 1246 1338 sut

176 1379 315 1443 omnino
326 1379 460 1444 interire
473 1401 586 1469 pessus
605 1397 665 1446 est.
680 1384 840 1446 Ceterum
859 1396 897 1444 nt
913 1379 955 1445 de
974 1401 1028 1444 me
1044 1401 1178 1467 quoque
1197 1379 1247 1442 ni*

176 1484 221 1547 ltil
238 1484 468 1573 supemddsnr,
488 1483 649 1576 descripto
659 1486 725 1567 jem
738 1487 824 1575 typis
837 1485 954 1550 Valerii
966 1484 1069 1550 nostri
1084 1483 1149 1548 hoc
1165 1505 1245 1550 eon·

177 1605 285 1672 term,
305 1591 385 1655 locis
409 1612 428 1656 a
450 1613 504 1656 me
523 1613 681 1680 perquam
704 1593 815 1658 multis
837 1592 998 1659 recensito
1018 1610 1055 1653 ae
1075 1605 1244 1670 correcte,

176 1715 279 1782 quum
299 1697 523 1788 castigationes
544 1719 631 1762 meas
651 1697 827 1786 bibliopolr
841 1697 972 1777 jamjam
989 1696 1080 1784 prelo
1096 1711 1243 1783 typogra-

176 1801 272 1888 phico
294 1818 379 1868 esset
397 1804 650 1882 commissurus,
677 1817 937 1892 supervenerunt
961 1803 1109 1874 luctuose
1131 1801 1243 1888 reipu-

176 1905 264 1971 blice
279 1927 321 1972 ¹uo
335 1907 415 1978 milri
431 1909 582 1998 privatim
597 1927 762 1998 tempora,
785 1925 901 1997 praeter
923 1907 1116 1997 typographi
1141 1907 1243 1994 ipsius

174 2011 287 2077 eviris
299 2033 488 2096 excessrun,
505 2034 578 2102 quae
593 2015 738 2080 libellum
761 2013 896 2078 editioni
911 2027 1060 2102 perattun
1075 2027 1113 2076 ut
1129 2010 1242 2076 difler-

174 2137 240 2182 rem
259 2119 413 2182 nonnihil
430 2141 468 2184 ac
483 2120 720 2209 supprimerent
735 2119 955 2208 pervicerunt,
976 2117 1056 2191 dum
1076 2114 1241 2207 profligata

174 2223 315 2288 sofidum
330 2223 464 2290 tandem
483 2227 518 2289 iu
536 2225 674 2292 modum
695 2227 786 2291 nube
802 2225 932 2308 bellica,
948 2225 1059 2296 annuo
1072 2223 1168 2300 nobis
1181 2221 1240 2288 de-

173 2329 350 2412 mucre,
368 2347 401 2395 et
415 2330 621 2417 valetudine,
643 2355 741 2421 quem
764 2333 839 2398 setis
858 2333 1009 2398 infestum
1032 2347 1072 2417 er
1088 2330 1144 2406 illo
1166 2351 1240 2398 sum

173 2449 341 2523 expertus,
353 2437 454 2526 magis
467 2435 673 2521 confirmatu,
691 2437 732 2502 sd
749 2439 819 2502 huc
832 2437 939 2504 studia
954 2435 1166 2504 commodum
1182 2434 1239 2502 da·
1269 2465 1276 2484 s

172 2555 262 2604 retur
275 2543 402 2606 reverti.
418 2544 521 2608 Porro
542 2545 652 2610 mirari
664 2545 765 2610 subiit
782 2544 1003 2633 quaudoque,
1017 2563 1086 2632 quo
1103 2542 1238 2608 demum

171 2647 308 2710 consilio
332 2649 465 2714 Flaccus
489 2650 544 2714 hie
566 2651 712 2716 Valerius
733 2651 950 2741 Argonautica
978 2648 1039 2718 sibl
1067 2646 1239 2714 scribenda

171 2755 377 2841 proposuerit
397 2775 472 2844 post
494 2759 669 2822 Asarinum
687 2761 886 2833 Varronem,
902 2781 1002 2845 quem
1022 2756 1235 2836 dexterrime,

170 2859 402 2938 mehercules,
418 2864 538 2950 parlin
555 2879 751 2953 argtrmeuto
772 2864 871 2928 fuisse
883 2863 951 2942 jam
966 2875 1042 2926 ante
1054 2879 1236 2942 versutum,
1363 2949 1365 2954 Α

169 2964 375 3051 conspirante
397 2969 598 3056 antiquitatis
621 2969 779 3032 universe
801 2968 979 3058 εηῆὶνςίο,
1002 2967 1162 3032 hebemus
1183 2985 1237 3031 ex·

169 3064 341 3152 ploratum.
360 3072 400 3135 At
414 3095 492 3136 vero
508 3069 670 3162 quidquid
681 3089 731 3138 est
741 3073 838 3155 hujus
852 3072 966 3140 Gordii
984 3071 1085 3148 nodi,
1107 3071 1143 3135 id
1154 3071 1236 3136 Pro·

169 3169 230 3235 bus
244 3173 310 3252 jem
318 3175 464 3242 Valerius
480 3173 674 3244 dissolutum
697 3202 795 3244 omne
815 3180 920 3245 voluit
941 3179 1007 3243 suis
1032 3178 1067 3242 in
1089 3175 1233 3242 Maronis

169 3275 350 3368 Georgicon
363 3281 481 3365 libros,
494 3285 521 3347 si
535 3300 643 3349 tamen
658 3285 711 3349 illa
722 3267 822 3350 Prolri
838 3285 939 3373 ipsius
956 3299 1052 3366 sunt,
1069 3305 1236 3346 commen·

168 3383 276 3466 tamis,
294 3407 312 3449 e
333 3387 453 3474 quibus
471 3389 646 3472 doeemur,
659 3393 840 3457 Varronem
863 3391 899 3455 id
918 3414 1000 3480 opus
1024 3412 1122 3455 omne
1143 3388 1234 3452 libris

166 3491 330 3574 quaternis
345 3493 536 3579 absolvisse,
560 3497 602 3562 ad
617 3500 803 3586 exemplum
819 3499 1003 3587 Apollonii,
1023 3519 1122 3584 quem
1140 3494 1232 3559 Rho·

166 3591 257 3658 diurn
267 3615 404 3681 vocent,
420 3599 580 3668 videlieet.
600 3605 706 3668 Locus
720 3619 824 3668 exstat
835 3601 877 3667 ad
891 3604 1013 3668 librum
1027 3602 1060 3666 Il
1070 3649 1080 3683 ,
1092 3625 1138 3667 vs.
1153 3599 1232 3664 125:

165 3697 246 3764 Pars
256 3701 449 3770 Parthorum
461 3707 574 3772 Media
593 3708 756 3797 appellata
768 3724 814 3772 est
827 3733 850 3772 a
865 3710 962 3773 Medo
967 3706 1048 3799 filio
1064 3707 1186 3772 Medeae
1197 3716 1235 3770 'et

164 3806 289 3892 AEgcci,
307 3813 514 3876 uteoeistimat
523 3814 556 3878 V
554 3835 645 3893 arro,
661 3817 718 3902 qui
729 3826 867 3902 quatuor
879 3813 972 3878 libros
986 3815 1025 3877 de
1036 3815 1232 3902 Argonautis

24 3907 26 3988 ξ
163 3909 270 3977 odius
295 3915 437 3981 Breviter
461 3919 488 3982 is
512 3941 590 4008 ergo
613 3920 703 3984 libris
728 3937 869 4008 quatuor
889 3920 976 3986 idem
998 3935 1228 4010 argumentum

24 4057 26 4086 i
164 4032 231 4081 erat
247 4040 483 4110 persequutus,
506 4026 597 4114 quod
612 4027 743 4108 Noster,
762 4043 922 4116 quantum
942 4050 981 4092 ex
1001 4028 1057 4107 iis,
1081 4049 1152 4114 quae
1170 4025 1228 4089 ad·

163 4121 229 4187 huc
248 4147 444 4213 supersunt,
465 4129 572 4222 colligi
591 4129 701 4215 datur,
725 4132 904 4214 duodenis,
925 4149 982 4197 aut
999 4151 1037 4198 ut
1053 4132 1227 4196 minimum

163 4226 277 4299 decem
284 4233 506 4304 voluminibus
517 4240 800 4328 complectendum
810 4241 872 4306 sibi
881 4255 1103 4330 proposuerat.
1114 4238 1229 4324 Neque
