3198 5106
350 518 388 592 ¹4
652 517 687 578 C.
712 513 907 579 VALERII
938 513 1110 577 FLACCI

386 647 460 710 Heu
473 645 555 733 quid
570 646 662 735 agat?
675 647 877 734 populumne
890 647 994 709 levem
1008 646 1174 733 veterique
1189 661 1328 734 tyrunno

385 760 571 841 lulensum,
583 776 679 849 atque
695 761 772 824 olim
787 761 975 823 miserantes
987 759 1111 824 AEsona
1124 773 1232 848 patres

388 875 553 940 Advocet?
567 898 607 938 an
622 875 707 938 socia
722 876 850 938 Iunone
866 889 899 938 et
914 873 1042 938 Pallade
1055 875 1157 938 fretus

386 991 559 1056 Armisona
572 1005 702 1077 superet
716 991 832 1078 magis,
847 1005 880 1052 et
893 989 974 1052 freta
985 989 1073 1068 jussa
1088 993 1252 1079 capessat?

386 1108 418 1171 Si
434 1130 497 1194 qua
513 1106 620 1193 operis
635 1105 715 1167 tanti
730 1104 856 1168 domito
870 1127 1067 1194 consurgere
1081 1121 1185 1193 ponto
1389 1135 1414 1183 ,s

386 1223 482 1286 Fama
497 1235 608 1308 queat,
620 1235 657 1282 tu
672 1220 739 1283 sola
751 1219 878 1282 animos
893 1234 1103 1306 mentemque
1117 1221 1261 1308 peruris,

385 1337 510 1402 Gloria!
526 1351 558 1397 te
570 1333 706 1398 viridem
720 1332 808 1397 videt
820 1335 1069 1424 immunemque
1082 1351 1218 1400 senectae

386 1450 533 1514 Phasidis
550 1449 584 1512 in
599 1450 669 1537 ripa
683 1463 837 1529 stantem,
847 1449 1047 1537 juvenesque
1060 1465 1240 1516 vocantem.

385 1565 530 1630 Tandem
545 1566 644 1629 animi
658 1565 818 1627 incertum
834 1565 1036 1652 confusaque
1049 1581 1182 1653 pectora
1195 1565 1301 1632 firmat

385 1681 537 1770 Relligio,
552 1677 756 1766 tendensque
769 1678 838 1766 pias
853 1677 1013 1743 adsidere
1026 1680 1164 1768 palmas:
1390 1711 1414 1746 s·

371 1893 407 1946 74.
418 1886 554 1949 Femjussa.
566 1889 655 1932 Bonon.
667 1885 720 1931 cod.
731 1886 820 1930 bonon.
832 1885 843 1928 Ι
855 1893 878 1930 et
888 1884 919 1930 ΙΙ.
935 1885 978 1930 lin,

338 2065 460 2117 Valerius
473 2064 635 2135 exquisitiori
648 2081 714 2115 voce
726 2063 853 2112 mavit
895 2040 997 2131 parem.
1018 2068 1107 2115 Gloria
1120 2067 1209 2131 enim,
1227 2085 1286 2138 quaa
1299 2074 1353 2120 sola
1365 2068 1413 2124 do-

338 2159 415 2206 nent,
431 2161 481 2198 nec
494 2140 717 2196 infeliciter.Vide
731 2145 852 2191 &mnata
896 2140 1001 2193 minans
1014 2161 1070 2196 ease
1081 2143 1109 2196 iu
1117 2146 1259 2218 juvenibus
1271 2148 1354 2211 solet,
1369 2169 1413 2202 eo-

332 2228 428 2288 protes,
439 2225 481 2284 11,
494 2219 852 2292 153.Eflecitigitanripto·
895 2226 1266 2293 rumqueanimosmentsmqae
1278 2226 1412 2296 (Homeri-

335 2302 435 2366 lemus,
445 2315 475 2355 ut
484 2301 620 2364 homines,
632 2300 729 2370 quibus
738 2297 850 2352 antebac
895 2317 956 2351 cum
969 2305 1043 2375 φρένα
1056 2306 1098 2359 καὶ
1111 2299 1196 2378 θυμὸν)
1203 2308 1411 2374 μηιήι(εἰιιι’ἰῑίι

336 2381 405 2434 vesci
427 2380 497 2434 soliti
518 2379 647 2441 luissent,
666 2377 775 2450 glandes
795 2395 850 2449 pree
894 2378 967 2432 locus
980 2379 1051 2451 apud
1062 2382 1109 2436 sil.
1120 2385 1266 2449 transvl,
1281 2387 1330 2439 3⁵2
1341 2425 1348 2450 ,
1355 2390 1410 2455 sax

336 2457 851 2530 trumentisrepudiarent,-Persea'l'ri·
894 2459 989 2512 mentis
997 2459 1314 2535 honesttearripuit.Vide
1322 2477 1349 2516 et
1358 2467 1411 2518 No·

335 2541 452 2610 ptolemo
465 2539 552 2613 jungit
566 2539 645 2591 etiam
661 2537 742 2590 ovid.
757 2540 848 2591 Amor.
894 2549 994 2603 annm,
1004 2541 1036 2603 1,
1051 2543 1129 2610 476),
1142 2560 1196 2594 non
1206 2543 1295 2596 animo
1305 2556 1411 2598 tantuna

335 2621 393 2683 111,
402 2624 430 2682 6,
447 2637 492 2682 ra,
502 2637 582 2690 quem
592 2618 664 2670 tide.
894 2617 951 2689 ejus
963 2619 1134 2683 obversatur,
1150 2619 1197 2674 sed
1209 2621 1329 2674 eamdem
1341 2621 1409 2677 adeo

370 2715 415 2768 71.
433 2699 526 2763 Quum
549 2686 630 2768 igitur
651 2695 739 2748 Persei
758 2697 851 2749 talaria
895 2699 1046 2769 conspicere
1063 2699 1112 2751 sibi
1126 2699 1231 2754 videtur
1242 2705 1349 2754 viridem
1363 2707 1409 2756 im-

336 2795 500 2848 carrumque
515 2776 669 2848 Triptolemi
683 2787 777 2846 optare
791 2777 852 2846 qui-
896 2797 1040 2845 muneraque
1054 2796 1168 2842 smeesae,
1183 2799 1321 2852 nunquam
1337 2801 1409 2836 sene-

335 2856 396 2910 dem
406 2895 414 2921 ,
429 2875 534 2927 sperare
547 2869 636 2909 tamen
647 2874 699 2908 non
710 2865 798 2926 posset
807 2856 850 2907 Ja·
894 2867 1024 2920 scenteru,
1037 2871 1162 2931 perpetua
1172 2859 1310 2913 florentem
1319 2865 1408 2935 juven·

333 2955 398 2999 sou,
412 2935 512 2988 dubius
528 2936 609 2988 animi
625 2936 689 2998 fuit,
699 2939 851 3003 populumne
894 2947 968 3000 tute,
994 2953 1098 2989 stantem
1128 2943 1153 2990 s'ts
1184 2943 1298 2992 Phasidis
1330 2945 1405 3009 sapa,

334 3022 423 3077 lesem,
436 3015 646 3079 inconstantem,
659 3021 800 3082 Famaque,
812 3033 850 3068 se·
891 3019 1054 3088 juvenesque
1069 3017 1222 3072 inritantem
1241 3018 1275 3072 ad
1288 3039 1330 3074 res
1344 3039 1408 3093 prte-

333 3107 427 3148 natum
448 3100 459 3164 (
469 3095 529 3148 vide
547 3095 656 3148 omnino
675 3094 747 3146 inira
768 3098 848 3164 761),
893 3096 963 3149 clare
975 3097 1113 3166 gerendas.

331 3179 387 3248 jam
411 3175 460 3229 din
481 3179 578 3226 AEsonis
601 3176 636 3227 ab
661 3173 764 3243 imperii
786 3191 849 3225 con·
929 3175 972 3230 to.
980 3175 1278 3231 Tandemfluctuantem
1286 3180 1406 3234 animum

333 3255 414 3308 sortio
423 3254 521 3308 exclusi
532 3267 627 3306 sortem
637 3253 806 3316 miserantes,
821 3253 849 3304 in
885 3259 977 3326 firmat
1001 3256 1135 3328 vincitque
1161 3261 1267 3326 religio,-
1295 3257 1405 3312 dearum

332 3345 419 3406 prutes
429 3333 545 3386 traheret
556 3351 630 3397 suas,
643 3345 672 3385 ut
686 3345 848 3405 tyrannum,
893 3353 1003 3407 nempe,
1018 3335 1131 3388 lunonis
1146 3346 1172 3387 et
1187 3335 1327 3400 diluerem
1344 3339 1405 3392 fidei

334 3414 387 3466 nisi
401 3413 468 3466 solio
480 3411 640 3484 dejicerent,
653 3413 687 3464 ab
700 3413 800 3483 injusto
812 3423 850 3463 ta·
893 3433 921 3466 se
928 3414 1129 3477 commissurus,
1141 3418 1262 3466 tenditad
1266 3419 1347 3468 sidera
1351 3423 1406 3485 pat·

333 3511 395 3546 meu
401 3495 477 3564 jussu
488 3493 661 3544 absterrerent
672 3509 680 3554 3
695 3509 729 3544 an
739 3489 850 3544 dearum
893 3513 961 3556 mas,
973 3506 997 3545 et
1009 3495 1140 3546 Junonem
1150 3495 1293 3565 propitiam
1303 3495 1406 3550 habitu·

332 3591 382 3644 ope
394 3575 473 3640 magis
486 3572 554 3643 (pro
563 3575 646 3638 potius
661 3571 795 3642 positum,
810 3573 850 3624 uti
891 3591 952 3625 rum
967 3584 1053 3644 sperat
1066 3572 1258 3636 confidentius,
1277 3593 1357 3646 qnam
1373 3595 1405 3630 ex

332 3655 362 3716 Ι,
378 3655 442 3720 1763
457 3653 517 3715 111,
531 3654 598 3721 ²70)
610 3649 733 3704 eumdem
743 3669 849 3724 supera·
894 3653 969 3724 aquis
978 3651 1041 3705 olim
1052 3653 1193 3705 liberasset.
1210 3655 1402 3709 Meministine!

332 3743 388 3793 ret,
409 3741 435 3782 et
445 3733 507 3798 sera
525 3730 579 3798 (sic
596 3731 686 3785 malim
703 3749 751 3802 pro
762 3733 847 3800 fieta,
893 3732 993 3803 inquit,
1008 3750 1091 3802 quum
1110 3732 1298 3806 conjurationis
1316 3734 1343 3786 in
1360 3735 1404 3787 Jo-

332 3809 507 3880 preeuntibus
519 3814 634 3872 Heinsio,
654 3815 737 3862 Crasio
748 3812 775 3862 in
789 3811 850 3864 Pro·
892 3831 952 3865 vent
965 3811 1035 3864 socia
1049 3810 1149 3864 Palladi
1161 3823 1187 3863 et
1197 3813 1320 3883 Neptuno
1334 3815 1404 3867 facta

330 3890 411 3942 babb.
430 3889 488 3941 crit.
507 3907 569 3960 pag.
588 3892 639 3958 98,
658 3904 686 3942 et
705 3895 798 3958 Heynio
812 3890 846 3943 ad
892 3892 1000 3955 fuisses,
1015 3894 1170 3959 turbidusque
1183 3896 1289 3958 Jupiter,
1307 3911 1404 3965 magna

330 3969 627 4039 Tibull.p.189)jussa
640 3987 788 4038 capesseret,
805 3989 848 4042 ag·
890 3983 1044 4042 tempestate
1065 3985 1120 4021 ano
1143 3977 1270 4024 caeruleum
1293 3988 1406 4039 quateret

332 4046 496 4120 grederetur.
890 4055 978 4111 imbre,
999 4061 1094 4103 memet
1114 4051 1200 4121 ipsum
1222 4071 1269 4123 per
1287 4053 1402 4123 Enipea,

367 4128 411 4196 75.
422 4127 491 4179 Fieri
497 4141 585 4180 tamen
593 4140 695 4200 potest,
708 4129 744 4181 sic
754 4147 846 4183 secum
890 4129 1016 4202 precipiti
1025 4129 1116 4182 nimbo
1124 4132 1404 4195 tumentem,humeris

331 4209 440 4278 cogitat,
450 4218 480 4259 ut
487 4211 575 4259 domiti
574 4214 654 4275 ponti,
664 4221 846 4280 superatorum
890 4222 917 4263 te
930 4209 1059 4262 sublatam
1074 4209 1102 4260 in
1112 4228 1219 4281 campos
1230 4211 1350 4264 extulisse
1361 4229 1403 4264 so·

337 4287 417 4339 maris
439 4287 633 4359 periculorum,
652 4289 760 4343 laudem
782 4291 848 4343 mibi
892 4289 1000 4362 spitem?
1011 4289 1093 4361 (atii,
1103 4309 1130 4342 v.
1139 4309 1165 4362 g.
1175 4291 1298 4363 Apollon.
1311 4293 1338 4354 1,
1355 4305 1401 4354 145
