3198 5106
357 571 516 618 cnxxvru
761 549 1013 616 Pnffiratlo

356 681 535 766 meptesm
544 697 607 766 per
623 675 823 742 emesam
835 676 1019 741 Hectorem
1030 673 1244 766 submotam
1259 677 1316 742 suh
1333 699 1420 739 anno

355 786 410 848 dei
430 783 531 870 1498,
553 785 605 850 die
626 785 681 848 XI
702 783 838 872 Aprilis,
864 782 937 848 Iole.
961 783 1127 849 Bentivole
1155 785 1264 850 urbm
1275 781 1422 872 seuerior

356 889 546 956 illustrante.
582 889 710 954 Ernesti
741 890 780 956 V.
803 889 839 953 C.
867 888 909 954 de
932 889 1027 953 variis
1056 889 1250 956 lectionibus
1281 890 1420 980 margini

357 995 488 1076 adjectis
498 997 568 1062 haec
583 996 707 1062 nonsit
717 995 752 1059 in
766 995 875 1060 fronte
888 995 1025 1083 exempli
1041 995 1092 1059 sui
1105 1017 1114 1058 ε
1126 997 1289 1062 «Collatus
1304 1011 1355 1061 est
1365 997 1420 1060 lric

356 1101 439 1166 liber
454 1123 530 1168 cum
544 1103 632 1168 Mtte
645 1117 752 1168 vetere
765 1102 865 1167 avire
878 1101 976 1168 docto
994 1123 1065 1167 stec.
1077 1101 1138 1166 XV
1149 1117 1206 1167 aut
1217 1103 1295 1168 xvi
1305 1133 1328 1168 n.
1351 1101 1418 1186 Qui

356 1209 495 1274 contulit
520 1209 584 1274 hcc
606 1210 785 1297 exemplar,
801 1210 830 1274 is
846 1231 865 1274 e
883 1208 956 1274 cod.
974 1229 1036 1274 suo
1058 1211 1164 1274 varias
1183 1211 1338 1276 lectiones
1361 1210 1419 1275 ad·

355 1312 435 1378 ditas
452 1315 577 1404 virgula
592 1314 750 1404 signarit3
781 1314 929 1404 quaedam
947 1331 1057 1380 tamen
1073 1315 1230 1381 vocabula
1246 1316 1280 1380 in
1299 1315 1418 1404 priori·

354 1417 416 1483 bus
432 1419 609 1507 presertim
632 1420 743 1501 libris,
761 1418 927 1485 interdum
944 1421 1085 1486 corruit
1105 1420 1139 1484 in
1159 1421 1232 1509 ipso
1246 1436 1417 1486 centnm:

354 1523 388 1588 id
404 1547 484 1590 num
500 1548 540 1590 ex
556 1526 829 1615 eliceremplari,
845 1548 886 1590 an
905 1547 943 1591 ex
964 1525 1114 1616 ingenio,
1130 1549 1171 1590 an
1188 1547 1228 1592 ex
1243 1527 1355 1592 codice
1369 1527 1418 1592 fe·

354 1630 435 1696 cerit
449 1652 528 1714 suo,
546 1653 615 1696 non
638 1631 721 1696 clare
737 1653 865 1721 semper
881 1630 1052 1697 declaravit
1064 1655 1074 1714 ς
1088 1652 1163 1698 suas
1178 1648 1286 1698 tamen
1306 1633 1417 1712 conje-

353 1749 461 1800 cturas
485 1736 650 1801 interdum
677 1737 840 1802 insanisse
861 1736 1002 1816 n'detun
1021 1760 1102 1825 quas
1121 1759 1188 1804 non
1210 1739 1333 1829 virgula
1355 1759 1417 1802 no·

354 1855 452 1904 tasset
471 1858 529 1907 aut
552 1843 711 1932 signasset
728 1844 854 1910 literula
868 1841 907 1923 l’,
927 1843 1018 1932 quod
1041 1842 1213 1934 significari
1235 1857 1343 1933 petest
1364 1844 1421 1908 vel

353 1947 419 2012 sive
440 1947 516 2037 Iege.
546 1951 632 2016 Hinc
658 1952 833 2042 intelliges,
850 1950 982 2039 quando
1009 1952 1141 2040 scripsi,
1155 1953 1208 2017 rel
1232 1951 1338 2017 codex
1362 1965 1420 2015 aut

352 2054 457 2119 codex
479 2055 634 2137 collatus,
656 2059 707 2122 vel
731 2071 920 2138 correctam,
940 2058 991 2121 vel
1003 2058 1187 2148 conjectura
1200 2079 1263 2122 esse
1280 2057 1417 2138 nullm,

353 2158 403 2224 vel
420 2160 479 2224 alia
503 2161 664 2242 ejusmodi
690 2162 826 2251 generis.
851 2161 1025 2225 Enimvero
1051 2160 1092 2226 de
1119 2161 1171 2225 his
1192 2161 1350 2241 judicium
1376 2163 1418 2226 sit

354 2285 454 2351 penes
470 2265 608 2330 arbitros
626 2267 827 2355 lectoresque
847 2266 1071 2356 intelligentes.
1093 2269 1137 2331 At
1160 2266 1322 2354 exemplar
1338 2265 1417 2331 illud

353 2391 419 2432 una
432 2391 508 2434 cum
520 2369 677 2460 adscripta
687 2369 835 2436 lectionis
845 2371 1016 2455 varietate,
1036 2385 1195 2460 quanm
1208 2371 1367 2460 profuerit
1377 2369 1418 2435 ad

352 2490 480 2564 poetam
499 2474 758 2558 emendandum,
774 2497 814 2540 ex
826 2476 936 2565 paucis
952 2476 1192 2565 speciminibus,
1204 2499 1345 2564 quorum
1361 2475 1417 2540 ad-

354 2579 421 2645 huc
447 2581 602 2664 majorem
630 2584 779 2672 copiam,
799 2583 825 2648 si
855 2583 914 2648 tibi
942 2583 1114 2666 videbitur,
1141 2583 1232 2650 facile
1259 2573 1416 2671 reperies,

353 2687 473 2775 poterit
485 2689 647 2780 cognosci.
663 2689 722 2753 Ex.
731 2692 859 2755 Boncn.
868 2689 979 2772 habet,
988 2692 1034 2771 11,
1042 2689 1233 2770 205,veram
1246 2689 1417 2754 lectionem

354 2791 505 2882 Itirtoeque
519 2817 580 2882 pro
597 2795 727 2885 vulgata
741 2809 880 2885 atraeque
884 2821 898 2875 ,·
909 2797 976 2878 111,
989 2796 1044 2882 98,
1058 2793 1149 2860 dedit
1163 2796 1228 2875 jam
1241 2795 1414 2875 stellantia,

353 2889 444 2984 quo'tl
459 2899 615 2964 Maserius
632 2901 828 2990 excogitasse
845 2899 906 2965 sibi
924 2900 1109 2982 ridebatur3
1126 2901 1194 2981 111,
1209 2899 1289 2982 314,
1308 2901 1418 2990 singu·

353 3005 452 3070 larem
463 3004 562 3071 habet
571 3005 744 3073 lectionem
753 3031 775 3070 a
780 3009 890 3096 pateris
900 3031 960 3098 pro
967 3009 1104 3099 vulgata,
1116 3031 1139 3072 a
1144 3011 1265 3098 ρνύηας
1275 3009 1331 3090 IV,
1344 3011 1418 3090 104,

355 3135 393 3175 ar
402 3135 431 3194 1,
445 3115 620 3194 1141111111»
631 3113 697 3194 jam
709 3113 839 3180 exhibet
854 3113 1008 3206 lectiones
1021 3134 1096 3204 quo.
1107 3115 1417 3181 ..visat...remeet...

353 3231 464 3282 caestus
470 3243 484 3298 ;
500 3219 556 3300 IV,
571 3217 648 3306 273,
668 3219 881 3308 singularem,
899 3234 949 3300 et,
967 3236 1006 3283 ut
1020 3220 1170 3301 arbitror,
1189 3241 1297 3284 veram
1321 3221 1418 3284 offert

358 3323 532 3390 lectionem
556 3323 693 3413 fftgt‘t,
714 3325 773 3388 ubi
794 3325 892 3413 vulgo
916 3324 1035 3412 legitur
1053 3322 1196 3412 effitdiu
1216 3325 1313 3407 Vlll,
1336 3325 1416 3408 558,

353 3427 460 3494 firmat
481 3428 606 3493 Heinsii
627 3429 844 3510 conjecturam
862 3431 905 3494 ab
925 3432 1014 3518 agris
1028 3453 1088 3519 pro
1103 3433 1235 3521 vulgato
1255 3435 1288 3496 tn
1308 3437 1416 3520 agr-1¹53

354 3531 448 3615 VIII,
463 3532 539 3617 332,
552 3534 630 3624 legit
647 3549 743 3600 vorat
756 3555 816 3626 pro
829 3535 960 3626 vulgato
978 3535 1076 3601 trahit
1081 3585 1092 3618 ,
1112 3551 1151 3602 ut
1167 3537 1242 3602 alias
1256 3560 1417 3626 supraque

348 3638 414 3722 jam
430 3657 622 3704 memoratas
637 3639 737 3706 varias
750 3641 902 3706 lectiones
918 3641 1169 3730 pretermittam.
1361 3632 1366 3648 ’

396 3744 552 3825 Maiorem
566 3746 674 3812 adhuc
680 3747 746 3813 rim
760 3747 972 3838 singularium
982 3763 1039 3814 aut
1049 3748 1224 3838 probarum
1237 3748 1415 3812 lectionum

354 3850 571 3938 suppeditavit
586 3851 688 3918 codex
703 3853 855 3936 collatus,
870 3854 928 3942 qui
947 3853 1080 3942 optimu
1092 3870 1178 3919 note
1192 3875 1261 3918 esse
1277 3851 1416 3936 videtur,

354 3977 383 4019 e.
398 3975 445 4044 gr.
457 3958 493 4040 1,
519 3952 604 4039 418,
620 3957 746 4024 clavum
763 3979 826 4047 pro
840 3958 976 4039 ecelum,·
991 3959 1071 4023 ibid.
1091 3982 1123 4023 r.
1144 3963 1219 4045 491,
1241 3955 1418 4048 relr'nquwu

354 4083 414 4150 pro
429 4077 616 4151 sequentum·
632 4065 664 4148 1,
680 4063 763 4148 536,
776 4080 892 4130 secreta
909 4087 971 4154 pro
986 4065 1109 4128 decreta
1116 4089 1131 4144 ,·
1146 4065 1180 4148 1,
1198 4063 1277 4152 780,
1294 4068 1418 4130 umeros

354 4191 415 4259 pro
427 4187 526 4248 serem
538 4169 565 4250 I,
577 4167 640 4234 808
648 4218 657 4253 ,
666 4171 843 4260 irwogru‘ta:
852 4169 957 4236 firmat
970 4191 1103 4258 quoque
1116 4169 1316 4250 conjecturas
1325 4172 1364 4238 V.
1376 4173 1416 4236 D.

354 4289 392 4337 ut
405 4275 470 4358 Pii,
483 4275 515 4356 1,
529 4273 749 4362 (injecere,-
760 4278 953 4359 Burmanni,
966 4279 991 4358 l,
1010 4274 1084 4359 150,
1096 4291 1271 4365 matresque
1287 4302 1347 4367 pro
1359 4303 1419 4344 na·
1507 4296 1512 4304 “
