3192 5128
4 545 7 634 p
370 529 629 597 nantario
662 529 911 598 secunus.
1067 515 1175 602 c'xrm

103 661 219 724 locum
232 659 368 740 Valerii,
395 659 449 722 lib.
467 660 500 740 l,
524 659 610 744 398,
627 659 819 750 explicatum
839 679 1011 736 memorat,
1031 679 1062 725 et
1080 665 1177 728 simul

3 801 4 806 κ
107 767 258 854 integros
280 766 314 827 in
332 764 402 828 Val.
422 761 571 831 Flaccum
597 766 846 829 commentarios
871 767 962 831 illum
988 791 1178 833 conservare
1254 771 1261 786 ¹

108 871 215 936 addit.
232 869 385 951 Ejusdem
406 871 502 934 etiarn
518 871 815 959 interpretationem
832 872 866 934 in
877 872 994 936 Valerii
1007 876 1175 962 Argonau-

108 977 190 1057 tica,
208 975 270 1040 sihi
287 997 355 1039 non
367 977 484 1058 visam,
498 975 728 1040 'commendari
746 999 764 1039 a
784 977 801 1039 J
804 1025 811 1040 .
831 976 937 1040 Pierio
946 977 1116 1044 Valeriano
1133 981 1177 1044 ait

112 1079 397 1167 adlib.1,331<
420 1079 442 1166 ).

153 1179 281 1245 Eodem
297 1201 385 1243 anno
405 1177 505 1265 1519,
517 1181 591 1244 licet
606 1181 765 1270 quosdam
781 1181 823 1244 ad
843 1199 1032 1270 sequentem
1052 1208 1174 1249 annum

111 1288 234 1350 referre
251 1285 393 1367 videam,
409 1285 529 1375 prodiit
540 1287 685 1350 Valerius
699 1289 832 1352 Flaccus
848 1311 924 1352 eum
942 1293 1177 1354 commentario

113 1391 247 1456 loannis
265 1391 414 1479 Bnptistae
431 1391 480 1453 Pii
497 1392 722 1456 Bononiensis.
740 1393 846 1474 Quam
866 1392 1041 1458 editionem
1056 1394 1176 1459 rarissi-

115 1520 201 1561 mam
219 1519 306 1577 esse,
324 1513 357 1560 et
374 1495 432 1560 din
448 1521 467 1560 a
479 1518 513 1562 se
528 1497 694 1584 quaesitam
708 1497 876 1574 Heinsius,
893 1521 929 1562 ea
944 1499 1073 1564 inventa
1085 1501 1175 1564 laetus

117 1603 313 1668 monetllac
327 1602 384 1667 diu
398 1603 494 1666 etiam
506 1625 613 1666 carere
625 1623 677 1666 me
691 1601 799 1682 dolui,
817 1625 934 1689 neque,
942 1626 1044 1690 quum
1060 1608 1176 1670 frustra

115 1733 171 1796 per
188 1733 305 1774 omnes
330 1712 467 1797 Europae
489 1725 595 1796 partes
617 1709 801 1797 investigari
822 1693 1004 1793 jussissem,
1022 1713 1082 1776 nisi
1105 1715 1177 1801 ipso

116 1816 271 1903 temporie
278 1816 429 1894 articulo,
443 1837 509 1902 quo
515 1817 581 1894 jam
590 1817 688 1903 praelo
697 1816 928 1880 commisstuus
939 1839 1025 1880 eram
1035 1835 1175 1906 poetam,

117 1920 256 1984 nancisci
271 1921 362 1984 licuit
373 1945 383 2002 3
395 1941 498 2008 quum
518 1921 716 1986 extinctione
732 1921 860 2008 publica
873 1922 988 1985 insano
1007 1939 1039 1986 et
1061 1924 1176 2011 iniquo

116 2027 238 2113 pretio,
267 2025 357 2114 quod
378 2025 551 2090 incendere
573 2028 679 2090 solent
705 2028 880 2113 locupletes
906 2027 1174 2092 bibliothecarum

117 2147 351 2212 erstmctores,
369 2132 426 2220 qui
444 2155 542 2197 omne
563 2155 665 2222 genus
683 2132 865 2215 librorum,
895 2156 977 2220 quos
996 2156 1172 2222 numquam

118 2237 307 2324 inspiciant,
334 2239 567 2302 animosissime
582 2255 788 2321 coacervant,
806 2241 997 2328 comparavi.
1016 2241 1120 2322 Quam
1141 2257 1176 2304 ut

117 2344 193 2430 coepi
210 2343 420 2441 perlustrare,
438 2344 491 2406 vix
508 2343 572 2407 dici
594 2359 720 2432 potest,
745 2362 869 2430 quanto
897 2343 1016 2433 gaudio
1040 2345 1183 2408 allectus*

117 2447 252 2530 l'uerim3
270 2469 394 2535 quum,
413 2449 440 2510 si
457 2449 510 2510 illa
526 2449 558 2511 in
576 2471 690 2512 manus
707 2465 830 2514 nostras
847 2473 914 2512 non
925 2448 1105 2532 incidisset,
1123 2452 1175 2513 vix

123 2553 215 2643 plagii
232 2554 449 2642 suspicionem
466 2552 600 2620 evadere
618 2556 804 2644 potuissem.
827 2555 969 2618 Plurima
987 2556 1089 2637 enim,
1108 2556 1173 2635 jain

117 2683 135 2722 a
149 2679 201 2722 me
217 2659 341 2746 scripto
357 2661 562 2747 consignata,
579 2660 612 2722 in
630 2660 715 2722 notis
727 2659 774 2722 Pii
789 2659 1085 2749 deprehendebam,
1104 2685 1175 2748 qnae

118 2789 135 2828 a
151 2789 202 2830 me
217 2767 361 2855 proiecta
377 2783 451 2830 ante
470 2765 659 2846 credebam,
673 2764 730 2828 sed
750 2788 821 2852 qnae
834 2789 852 2828 a
867 2767 926 2829 Pio
937 2769 1002 2846 jam
1020 2783 1174 2855 occupata

119 2893 185 2934 esse
203 2871 460 2960 comperiebam3
478 2892 577 2957 quare
595 2869 734 2933 libenter
756 2887 788 2932 et
803 2886 911 2956 aperte
926 2870 978 2932 illa
995 2872 1122 2951 onmia,
1139 2889 1175 2934 ut

119 2977 297 3067 ingenuum
313 2993 345 3042 et
368 2976 542 3042 candidum
566 2977 671 3040 virum
690 2974 801 3057 decet,
820 2977 943 3040 auctori
970 2979 1176 3065 transcripsi,

120 3104 159 3144 ne
175 3083 344 3145 calumniae
357 3081 479 3146 aditum
491 3081 657 3168 aperirem.
674 3079 785 3160 Quum
804 3102 882 3143 vero
892 3081 1054 3144 neminem
1075 3104 1114 3144 er
1127 3105 1177 3145 re-

120 3187 315 3252 centioribus
326 3186 478 3269 viderim,
492 3185 550 3275 qui
563 3184 604 3250 de
618 3185 668 3249 Pii
681 3185 802 3250 meritis
815 3185 848 3247 in
858 3185 1007 3251 Flaccum
1018 3185 1176 3266 judicium

153 3384 191 3449 (1)
209 3379 315 3433 Addere
328 3380 417 3442 lubet,
428 3397 485 3449 quar
499 3378 526 3431 iu
544 3378 666 3432 Bibliotb.
683 3379 741 3430 Lat.
749 3377 1026 3430 Fabricio-Errrcrtina
1039 3415 1046 3441 ‚
1066 3398 1091 3450 p.
1111 3382 1159 3433 255
1168 3419 1175 3444 ‚

120 3469 152 3520 ab
166 3468 286 3530 Ernesti,
301 3487 327 3520 v.
345 3467 380 3520 cl.
398 3467 466 3520 forte
481 3467 577 3538 scripta
595 3467 737 3537 leguntur:
758 3491 769 3512 ι
784 3466 876 3518 Habeo
890 3467 1039 3536 exemplum
1054 3467 1179 3520 editionis

118 3555 288 3609 Bononiensis
300 3557 383 3622 1498,
399 3574 459 3608 cum
469 3555 548 3607 variis
562 3553 718 3606 lectionibus
728 3573 809 3606 manu
823 3553 963 3606 veterrima
977 3553 1132 3626 adscriptis,
1149 3555 1178 3608 in

119 3643 159 3696 hir
173 3645 253 3697 etiam
267 3645 386 3696 versibus
401 3645 518 3716 aliquot,
534 3643 580 3714 qui
601 3643 629 3695 in
651 3641 713 3695 edd.
735 3661 777 3715 pr.
798 3661 852 3694 uon
867 3655 942 3709 sunt,
962 3641 1007 3695 sed
1026 3655 1051 3695 et
1071 3644 1105 3696 ab
1122 3643 1178 3697 aliia

121 3731 219 3785 muri·
233 3749 248 3783 e
262 3731 447 3804 manuscriptis
466 3731 549 3784 libris,
564 3729 658 3783 Putavi
673 3749 728 3784 esse
749 3750 763 3783 e
784 3729 876 3784 codice
893 3730 1061 3794 Farnesiano,
1078 3729 1123 3783 sed
1145 3732 1179 3782 le·

120 3819 217 3874 mones
230 3837 292 3873 cnm
305 3819 380 3872 nnlla
394 3818 507 3872 editione
523 3831 611 3872 vetere
625 3837 716 3871 ornnes
734 3818 914 3883 consentiunt,
928 3829 957 3870 ut
970 3839 985 3872 e
998 3819 1068 3872 libro'
1080 3818 1179 3890 scripto

120 3907 202 3964 ductae
216 3927 274 3964 esse
285 3907 438 3962 videantur.
454 3906 507 3962 Sed
522 3907 586 3962 dnm
606 3927 650 3960 eas
665 3926 789 3975 comparo
807 3925 868 3959 cnm
884 3905 999 3960 editione
1017 3908 1177 3975 Bur-manni,

119 3997 201 4068 reperi
216 3997 280 4050 edit.
292 3997 486 4052 Bononiensem
496 4015 551 4049 uon
565 3994 628 4049 satis
641 3994 778 4066 diligenter
792 3995 938 4047 consultam
955 4015 1010 4048 este
1024 3996 1059 4047 ab
1071 3995 1179 4049 Heinsio

22 4119 27 4126 .
120 4097 144 4137 et
159 4087 334 4139 Bnrmanno:
354 4103 414 4137 nam
429 4085 561 4138 interdum
577 4086 633 4156 ejus
647 4084 801 4136 auctoritate
815 4094 934 4154 poterant
953 4084 990 4135 uti
1008 4082 1041 4136 ad
1057 4084 1180 4138 lectiones

120 4172 276 4239 firmandas,
293 4191 352 4244 quat
375 4174 436 4243 ipsis
458 4173 596 4244 placebant
609 4197 629 4223 ι.
650 4175 690 4224 De
710 4170 761 4223 hac
781 4171 938 4225 Bononiensi
963 4173 1072 4243 ejusque
1096 4173 1180 4242 pretio

120 4261 194 4332 plura
208 4261 388 4332 disputannns
403 4279 461 4314 sum
475 4261 501 4313 in
514 4261 675 4334 prelatione.
695 4257 810 4313 lituras.
