3122 5126
296 505 546 575 HISTORIA
571 507 602 574 A
627 507 771 578 LAUR.
793 509 968 578 BALBO:
1085 529 1167 580 turn

72 631 259 716 nedem,
275 657 383 722 quum
403 636 502 716 juxta.
512 637 660 700 Lemnon
681 640 877 726 Argonautae
896 663 914 704 a
939 639 1094 706 Colchide
1116 663 1169 707 re·

75 739 227 804 deuntm
243 741 453 831 navigarem,
467 763 534 830 pras
549 743 708 832 zelotypia
727 765 890 810 venenum
908 746 942 808 in
962 747 1108 822 Lemnon
1122 747 1170 826 je»

79 849 191 928 cisse,
212 869 288 935 quo
302 848 446 914 lemniis
462 847 591 912 seminis
611 849 818 936 gravissimus
830 866 933 938 atque
946 851 1170 918 intolerandus

81 971 135 1018 est
158 954 308 1034 injectus
334 954 430 1019 odor.
450 955 645 1044 Argonautae
669 955 769 1044 igitur
793 955 999 1022 ad‘insulanr
1026 955 1170 1048 appulsi,

83 1063 208 1150 passim
233 1083 313 1135 cnm
339 1061 469 1126 feminis
491 1062 655 1143 coierunt,
673 1063 816 1153 lenigne
833 1063 875 1128 ab
894 1064 955 1128 illis
972 1066 1112 1154 accepti,
1133 1083 1172 1130 ut

86 1168 303 1250 Herodorus,
319 1169 526 1256 Apollonius,
552 1169 705 1257 Orpheus
719 1160 819 1258 atque
834 1167 992 1235 Valerius·
1010 1172 1169 1238 scribunt.

90 1275 270 1364 AEschylus
290 1293 400 1340 tuanen
418 1277 452 1339 in
466 1277 727 1365 Hypsipyle,·eas
741 1278 777 1341 in
795 1277 892 1342 armis
909 1297 1050 1368 egressas
1066 1282 1172 1370 Argo·

92 1397 207 1446 naums
233 1397 369 1446 accessu
391 1383 598 1470 prohibuisse
619 1383 749 1465 scribit,
767 1383 877 1472 quoad
896 1384 942 1448 illi
954 1461 955 1466 γ
961 1385 1171 1464 jurejurando

6 1493 7 1510 ³
92 1487 190 1552 fidem
211 1489 382 1568 lecerunt,
406 1509 441 1552 se
458 1511 534 1560 cum
557 1489 602 1553 eis
628 1487 782 1554 coituros.
810 1489 987 1578 ¹Sophocles
1012 1483 1108 1555 etiam
1136 1494 1168 1556 in

6 1651 7 1678 ,
93 1594 256 1676 lemniis,
273 1595 420 1684 prelium
437 1616 531 1684 grave
545 1596 630 1658 inter
647 1611 804 1683 utrosque
817 1591 1028 1660 commissum
1040 1587 1171 1676 sorihit3

94 1723 175 1788 quos
199 1717 362 1789 sequutus
392 1700 520 1763 videtur
530 1699 697 1787 ‘Papinius
720 1701 755 1763 in
772 1700 962 1770 ,Thebaide
990 1702 1040 1766 Ibi
1066 1715 1169 1790 quum
1235 1782 1238 1794 k

6 1787 7 1830 ³
95 1808 292 1894 Argonwtae
309 1805 431 1871 deliciis
447 1820 480 1868 et
491 1805 648 1894 voluptati
665 1821 833 1881 vacantes,
849 1827 948 1870 morae
966 1807 1168 1895 aliquantum

6 1967 7 2004 3
96 1913 285 1992 traxissent,
304 1913 345 1976 ab
370 1911 510 1976 Hercule
531 1909 679 2000 increpiti
696 1910 736 1974 ad
758 1909 1012 1977 Samothraciam
1040 1914 1170 2003 naviga·

95 2037 184 2102 runt,
201 2019 261 2084 uhi
277 2018 420 2100 Cabiris,
443 2035 479 2082 ut
500 2018 659 2099 diximus,
677 2035 756 2104 sum
771 2019 896 2084 initiati,
916 2019 997 2084 lude
1010 2021 1170 2108 profecti,

94 2147 195 2214 quum
212 2125 254 2190 ad
270 2125 403 2204 Trojam
415 2125 634 2213 appulissent,
648 2123 805 2190 Hercules
823 2123 1055 2204 Laomedontis
1072 2124 1169 2193 filiam

93 2232 276 2312 Hesionen,
294 2248 441 2296 monstro
463 2231 647 2318 objectam,
663 2231 823 2316 liberavit,
843 2248 880 2296 ut
903 2249 940 2296 etv
953 2232 1118 2314 Valerius,
1137 2249 1170 2301 et

94 2337 257 2402 Diodorus
276 2336 451 2403 affirmant.
469 2339 682 2426 Apollonius,
699 2355 732 2404 et
758 2338 927 2426 Orpheus,
954 2339 1076 2403 nullam
1101 2341 1170 2420 ejus

94 2445 137 2508 rei
153 2446 358 2510 mentionem
375 2446 508 2512 faciunt
522 2445 605 2510 Inde
619 2447 807 2534 navigantes
821 2445 863 2508 ad
880 2446 1033 2532 Cyzicum
1055 2467 1169 2533 perve-

96 2568 225 2616 nerunt
735 2573 736 2576 ’

411 2690 459 2752 Da
474 2689 589 2772 Cyzico
607 2703 639 2753 et
656 2691 721 2778 ejus
738 2704 846 2753 morte.

136 2880 213 2944 Erat
236 2895 348 2944 autem
370 2879 507 2966 Cyzicus
528 2877 723 2942 aThessalis
739 2876 910 2942 oriundus.
929 2879 1005 2944 Fuit
1020 2880 1107 2944 enim
1129 2903 1168 2946 ex

98 2986 216 3068 AEneo,
226 2985 386 3074 Apollinis
399 3001 433 3049 et
445 2985 563 3050 Stilhes
578 2983 662 3065 filio,
672 2999 784 3066 natus,
795 2985 867 3071 qui,
877 2984 989 3050 relicta
1003 2985 1168 3050 Thessalia

98 3092 151 3155 arbi
176 3091 286 3157 fuerat
308 3107 420 3173 ortus,
436 3090 471 3155 in
498 3091 747 3179 Hellespontum
767 3111 803 3156 se
825 3089 983 3173 contulit,
1007 3106 1105 3178 atque
1122 3092 1167 3156 ibi

100 3199 262 3286 regnavit,
282 3211 315 3260 et
330 3196 485 3262 AEnetem
503 3196 618 3260 Eusori
637 3195 782 3260 Thraciae
802 3196 886 3285 regis
909 3195 1007 3260 filiam
1032 3217 1167 3262 uxorem

98 3301 204 3385 duxit,
220 3326 259 3367 ex
277 3325 341 3391 qua
355 3303 508 3392 Cyzicum
523 3301 654 3392 genuit,
673 3302 731 3390 qui
744 3303 924 3368 Doliouum
941 3302 1046 3367 tenuit
1065 3304 1168 3393 impe·

99 3410 178 3472 n'um
201 3409 236 3472 in
259 3408 387 3473 Isthmo
413 3424 447 3472 et
466 3408 688 3490 Chersoneso,
712 3432 786 3497 quae
813 3426 862 3473 est
886 3409 919 3471 in
950 3409 1168 3498 Propontide,

96 3514 179 3592 juxta
201 3537 302 3602 quam
326 3535 421 3578 mons
444 3530 493 3578 est
521 3516 635 3578 Aretm
660 3514 812 3598 nomine,
839 3537 938 3603 quem
969 3513 1109 3578 semiferi
1135 3532 1167 3579 et

98 3617 248 3682 horrendi
269 3621 414 3709 gigantes
438 3637 579 3684 exterra
603 3621 704 3708 geniti
734 3620 936 3696 incolebant,
960 3641 1045 3707 quos
1069 3621 1166 3685 etiam

97 3723 263 3789 ‘lhessalos
284 3724 365 3790 dicit
388 3724 488 3789 sitisse
510 3725 699 3790 Deilochus.
720 3725 914 3813 Apollonius
929 3745 1008 3788 vero
1025 3725 1060 3788 in
1084 3725 1167 3789 Her·

96 3829 169 3894 culis
180 3830 362 3918 perniciem
378 3851 397 3894 a
415 3832 547 3896 lunone
562 3830 710 3896 fabulose
726 3830 840 3894 scribit
855 3845 980 3895 creatos
992 3854 1000 3894 z
1013 3831 1131 3895 fabule
1146 3857 1164 3895 a

96 3934 185 4000 leone
203 3937 359 4002 Nemees
382 3937 509 4026 genitos
525 3937 652 4002 rolant.
675 3936 739 4002 Sed
759 3936 980 4025 Polygnostus
996 3935 1165 4024 praedones

95 4061 144 4106 eos
162 4043 266 4107 luisse
287 4043 411 4108 scribit.
436 4043 479 4107 Hi
499 4044 629 4108 assidue
647 4065 724 4108 cum
743 4042 909 4132 Cyzicenis
928 4041 1051 4107 bellum
1072 4063 1165 4132 gere·

94 4150 175 4216 hant
188 4153 329 4242 Cyzicus
344 4153 455 4243 igitur,
468 4175 571 4241 quum
586 4154 790 4242 Argonautas
802 4150 863 4216 sibi
875 4150 1070 4240 cognatione
1085 4171 1164 4213 con-

91 4258 217 4336 junctos
226 4257 476 4341 didicisset,eos
486 4260 717 4350 benignissime
729 4260 870 4346 suscepit
881 4257 1166 4345 hospiti03quum·
