3192 5128
369 549 1445 580 nmmumfflfflmmm

618 787 872 860 LUDOVICI
903 789 1185 862 CARRIONIS

698 1001 1108 1108 PRAEFATIO.

696 1253 879 1322 clnorno
902 1267 1079 1320 Lucrum
1102 1265 1129 1318 S.

809 1499 998 1526 *a

368 1683 614 1788 Dadastanam
627 1772 637 1806 ,
651 1721 788 1787 candide
803 1722 916 1804 lector,
930 1721 1059 1788 Valerio
1078 1725 1237 1788 sexcentis
1252 1741 1285 1789 et
1302 1727 1444 1814 amplius

368 1829 448 1894 locis
472 1829 627 1920 castigato
649 1829 731 1893 nihil
747 1827 948 1894 scholiorum
966 1827 1104 1912 addere,
1123 1851 1192 1894 non
1217 1829 1307 1918 quod
1326 1853 1445 1896 eorum

368 1937 561 2019 consilium,
579 1936 636 2025 qui
659 1937 694 2000 in
715 1935 811 2000 simili
828 1951 1022 2024 argumento
1045 1936 1273 2020 elaborarunt,
1296 1955 1447 2003 contem·

370 2042 517 2107 nendum
541 2044 777 2123 existimarem,
798 2064 903 2131 quum
924 2041 1007 2106 nihil
1024 2065 1174 2131 unquam
1190 2044 1292 2132 magis
1311 2045 1447 2110 laudare

370 2148 509 2230 soleam3
529 2147 587 2212 sed
610 2147 699 2236 quod
726 2148 901 2236 plerosque
919 2148 963 2211 ita
985 2147 1085 2212 hodie
1106 2147 1266 2213 fastidiosi
1283 2151 1448 2215 stomachi

370 2275 441 2317 esse
456 2255 689 2342 intelligerem,
706 2270 744 2318 ut
756 2275 811 2336 es,
834 2275 907 2342 quae
921 2253 1074 2343 subjungi
1090 2271 1347 2338 consueverunt,
1366 2255 1447 2320 fessi
1555 2331 1559 2340 Ι

371 2356 411 2422 de
434 2375 606 2447 poetarum
624 2360 783 2442 lectione,
802 2360 963 2442 rejiciant,
978 2381 1016 2423 ae
1030 2359 1121 2423 velut
1144 2360 1370 2425 nauseabundi
1390 2385 1448 2426 re-

370 2481 501 2554 spuant.
523 2465 597 2530 Huc
622 2465 763 2549 accedit,
781 2465 872 2554 quod
887 2467 923 2530 iu
941 2465 1137 2553 scriptorum
1160 2467 1447 2554 interpretatione,

369 2572 526 2636 molestiae
542 2573 737 2661 plurimum,
755 2571 930 2638 minimum
948 2593 1026 2635 vero
1047 2570 1152 2635 laudis
1168 2572 1268 2635 situm
1286 2594 1356 2636 esse
1374 2595 1446 2636 non

370 2678 571 2768 ignorarem3
590 2696 689 2768 atque
708 2680 790 2744 adeo
812 2679 866 2744 vix
881 2677 951 2743 lieri
965 2678 1085 2766 possit,
1102 2679 1183 2765 quin
1199 2678 1319 2742 alieubi
1334 2697 1392 2744 aut
1409 2679 1446 2743 in

370 2781 527 2864 audacie,
541 2799 598 2848 ant
614 2785 649 2847 in
663 2784 869 2866 temeritatis,
884 2799 943 2848 aut
956 2783 993 2846 in
1009 2783 1103 2846 aliam
1118 2782 1260 2871 denique
1276 2785 1447 2851 calumniae

372 2907 484 2955 nomm
502 2891 667 2972 incurras,
691 2883 869 2979 praesertim
887 2890 915 2954 si
931 2911 1046 2954 eorum
1063 2889 1253 2978 opiniones,
1267 2891 1324 2978 qui
1339 2892 1375 2955 in
1393 2892 1447 2956 his

371 2995 558 3061 enarrandis
576 2997 799 3078 somniarunt,
812 2997 952 3060 refutare
968 2997 1197 3060 constitueris:
1215 3018 1295 3085 quas
1311 3021 1371 3088 ego
1385 2998 1449 3086 pri·

371 3126 439 3168 mas
458 3104 557 3185 hujus
577 3105 698 3194 negotii
716 3119 823 3191 partes
839 3125 909 3167 esse
924 3117 1043 3168 sntuo.
1067 3103 1144 3168 Haec
1161 3119 1260 3192 etque
1275 3105 1355 3188 alia,
1373 3115 1446 3193 q'uae

372 3210 414 3274 ad
428 3211 514 3276 hanc
531 3233 600 3275 rent
616 3209 708 3274 valde
723 3207 934 3274 incommoda
948 3207 1241 3289 fore'videbantur,
1257 3197 1319 3276 etsi
1334 3213 1446 3277 amicis

371 3318 471 3396 meis,
489 3339 616 3381 summa
632 3316 844 3380 contentione
860 3314 895 3379 id
911 3337 930 3379 a
946 3337 999 3379 me
1016 3300 1220 3403 petentibus,
1233 3317 1444 3401 objiciebam3

372 3423 568 3511 importunae
584 3437 693 3488 tamen
713 3445 828 3486 eorum
845 3417 1057 3511 flagitationes
1074 3421 1274 3506 effecerunt,
1293 3441 1332 3487 ut
1345 3423 1445 3488 vetis·

372 3529 493 3591 simum
507 3526 590 3591 illud
604 3527 728 3591 Comici
744 3549 814 3591 esse
829 3526 1012 3608 crederem,
1025 3549 1189 3616 nunquam
1201 3529 1248 3591 ita
1258 3551 1446 3618 quemquam

372 3633 447 3696 berte
460 3633 612 3701 subducta
628 3636 752 3698 rattbne
767 3634 813 3698 ad
821 3633 1054 3720 vitamfitt'sse‚
1072 3636 1149 3722 quin
1164 3657 1226 3714 res,
1241 3649 1320 3699 retas
1327 3683 1337 3716 ,
1351 3657 1424 3700 utras
1432 3683 1443 3716 ,

372 3739 500 3828 ab‘qut'd
514 3763 634 3829 semper
647 3756 789 3831 apportet
808 3743 900 3821 nori5
917 3739 1007 3829 quod
1030 3762 1121 3806 nunc
1139 3742 1220 3804 mihi
1239 3742 1285 3805 sic
1300 3741 1445 3806 evenisse

373 3847 494 3928 sentio,
522 3863 560 3911 ut
587 3845 776 3929 consilium,
801 3845 891 3934 quod
909 3845 1081 3911 obfirmato
1106 3847 1214 3911 animo
1236 3869 1364 3910 mecum
1392 3847 1446 3908 in·

373 3953 488 4036 ieram,
506 3954 541 4017 in
565 3953 766 4042 experiundo
790 3952 979 4042 repudiare,
1003 3953 1164 4033 abjectum
1189 3973 1266 4016 vero
1282 3952 1446 4039 suscipere
1549 3990 1552 4001 v

374 4083 481 4150 cogar.
507 4059 591 4125 Dedi
624 4061 733 4148 itaque
756 4055 879 4148 aliquid
900 4060 1111 4124 familiaribus
1138 4060 1317 4124 amicorum
1344 4057 1447 4146 preci-

373 4169 456 4251 bus,
474 4167 550 4236 dedi
570 4184 603 4233 et
626 4168 763 4249 rationi,
787 4189 859 4256 quae
876 4169 1040 4256 optimum
1062 4189 1131 4232 esse
1148 4166 1307 4246 dictabit,
1326 4166 1445 4229 erranti
1544 4226 1547 4233 .

373 4274 385 4361 (
391 4290 429 4339 ut
446 4291 495 4340 est
517 4274 604 4364 apud
621 4273 784 4362 Ennium)
808 4276 945 4341 corniter
957 4276 1044 4340 viam
1059 4290 1251 4340 monstrare.
1271 4275 1443 4338 Exstarent
1490 4343 1492 4361 Χ
