3196 5120
407 483 790 549 ARGONau't'tcON
817 485 903 552 LIB.
926 487 974 550 11.
1158 487 1220 574 159

195 619 259 681 Has
274 616 372 680 etiam
386 631 504 697 terras,
522 631 734 704 consertaque
751 616 903 706 gentibus
920 640 994 682 arva

192 734 263 814 Sic,
280 731 394 822 pelago
411 731 578 818 pulsante,
593 753 684 811 reor,
701 731 867 819 Neptunia
882 731 1049 820 quondam

194 849 329 936 Cuspis,
343 862 376 910 et
389 845 514 912 adversi
528 845 646 936 longus
661 847 754 910 labor
771 847 908 912 abscidit
924 849 999 933 aevi,

195 966 239 1027 Ut
255 963 401 1027 Siculum
418 962 642 1051 Libycumque
658 963 760 1026 latus:
775 964 966 1051 stupuitque
979 965 1141 1054 fragorem
1182 983 1222 1021 ⁶¹0

193 1083 337 1162 Taurus,
355 1094 387 1141 et
404 1077 548 1142 occiduis
566 1093 720 1166 regnator
738 1078 905 1142 montibus
922 1079 1019 1144 Atlas.

193 1197 262 1260 Jam
274 1194 352 1283 juga
367 1193 538 1273 Percotes,
554 1191 752 1280 Pariumque
766 1192 887 1256 infame
905 1193 1039 1282 fragosis

193 1313 397 1398 Exsuperant
411 1307 605 1396 Pityamque
619 1306 726 1388 vadis,
738 1308 991 1394 transmissaque
1006 1310 1108 1398 puppi

193 1427 405 1512 Lampsacus,
422 1422 539 1512 Ogygii
554 1444 652 1509 quam
670 1443 730 1484 nec
745 1421 906 1485 trieterica
922 1422 1038 1488 Bacchi

193 1542 304 1622 Sacra,
322 1561 429 1626 neque
447 1537 570 1600 arcanis
585 1536 741 1624 phrygius
757 1535 850 1599 furor
863 1536 991 1600 invehit
1007 1537 1124 1619 annis,
1182 1556 1221 1594 ⁶2⁵

192 1655 256 1720 Sed
270 1677 348 1721 suus
365 1654 400 1716 in
417 1654 576 1716 Venerem
592 1666 697 1740 raptat
712 1649 813 1732 deus,
831 1651 917 1715 illius
933 1675 1002 1717 aras

193 1772 282 1836 Urbe
299 1793 414 1859 super,
430 1767 571 1855 celsique.
586 1765 698 1831 vident
713 1765 872 1830 velamina
890 1767 1012 1856 templi.

176 1989 231 2036 620.
247 1991 352 2050 Fragore,
365 1984 440 2032 codd.
452 1993 476 2032 et
486 1993 543 2030 vett.
553 1982 607 2030 edd.
624 2009 655 2019 —
672 1984 726 2030 tias.
741 1985 823 2030 Ianus.
834 1980 908 2030 codd.
919 1992 942 2028 et
951 1981 1007 2028 edd.
1019 1998 1107 2031 omnes.
1118 1984 1209 2031 Primus

149 2070 174 2114 h.
184 2069 201 2113 l.
218 2065 347 2112 sollicitans
359 2066 390 2110 fs.
399 2066 468 2109 Voss.
485 2062 558 2109 Indus
570 2063 633 2122 conj.
649 2063 725 2108 Canus
741 2061 820 2106 Heius.
835 2064 926 2108 Harum
937 2062 1061 2108 Bentleius.
1079 2064 1130 2108 atta
1142 2063 1210 2110 facile

150 2157 207 2194 esset
218 2145 361 2208 excogitare,
376 2145 494 2206 vulgatam
503 2158 619 2205 reponere
629 2141 708 2188 forsan
718 2141 798 2186 tutius.
812 2141 855 2186 En.

184 2341 245 2408 617.
254 2341 306 2388 Has
318 2337 390 2386 etiam
398 2349 487 2395 terras,
500 2347 662 2399 consertaque
706 2329 741 2393 3,
755 2338 787 2395 4,
801 2330 849 2400 qui
863 2333 959 2381 AErnum
973 2330 1066 2384 maluit
1081 2349 1088 2383 :
1106 2343 1177 2384 recte
1190 2331 1218 2383 in

147 2420 258 2486 gentibus
275 2435 353 2474 arva,
367 2414 401 2467 ab
414 2412 507 2465 iisdem
520 2412 584 2464 olim
600 2429 663 2482 geu·
706 2407 834 2480 eo,quod
841 2423 947 2460 montem
958 2410 1159 2480 excogitaverit,
1173 2410 1219 2482 qui

150 2493 663 2561 tibushabitata,pelagopulsante‚mm
706 2499 883 2560 opponeretur
899 2487 1012 2552 Atlanti,
1038 2490 1083 2542 sed
1104 2489 1131 2541 in
1153 2489 1220 2544 deli-

149 2575 184 2628 rie
193 2574 304 2644 impetu,
312 2575 429 2640 nepumia
436 2574 560 2637 quondam
571 2571 660 2635 cuspis,
706 2565 793 2638 gendo
804 2567 854 2617 isto
864 2579 955 2618 monte
964 2566 1064 2620 acutius
1075 2568 1171 2623 vidisse
1182 2570 1219 2620 vi·

150 2667 223 2708 terrae
243 2667 332 2706 motus
351 2650 496 2722 aNeptuni
516 2650 661 2716 σεισίχθονος
708 2645 1139 2718 deturWithofiue,quisubstitnit
1154 2655 1217 2699 Taa-

151 2733 263 2786 t,ide1,1e
276 2731 404 2786 excitatus
414 2767 421 2792 ,
430 2744 455 2780 et
463 2730 562 2780 adversi
573 2730 662 2793 longus
708 2745 770 2777 rurn.
781 2723 814 2775 Et
825 2724 913 2794 primo
923 2723 1030 2794 quidem
1040 2725 1106 2778 duos
1118 2739 1222 2781 montes

152 2814 289 2872 laboravi,
306 2821 447 2882 postquam
460 2825 506 2877 per
523 2802 602 2877 plura
616 2820 664 2854 sc·
709 2801 737 2854 in
756 2813 843 2854 mente
863 2815 970 2874 poetam
987 2802 1111 2857 habuisse
1127 2806 1223 2876 probat

152 2892 212 2945 cuia
225 2890 296 2943 viam
307 2906 432 2959 rumpere
445 2903 518 2938 mare
532 2881 666 2934 hostiliter
710 2899 741 2933 ex
751 2881 847 2952 copula
861 2896 899 2944 et;
911 2880 1008 2934 deinde
1024 2885 1131 2935 occiduis
1144 2903 1220 2936 mon-

152 2972 312 3031 laborasset,
333 2971 370 3018 ito
387 2967 501 3025 abscidit,
517 2976 544 3014 ut
560 2965 666 3012 Sicultou
710 2961 781 3012 tibus
792 2959 868 3012 tacite
879 2959 981 3014 involvi
992 2973 1082 3014 monet
1092 2967 1222 3015 orientales

153 3055 315 3116 Luscum„
329 3052 402 3098 lam„
712 3041 847 3112 regiones,
861 3041 957 3112 quibus
976 3040 1042 3095 alter
1059 3061 1135 3096 mons
1149 3045 1223 3096 attri-

188 3133 248 3182 6²0.
267 3131 406 3195 Smprtitque
417 3123 551 3192 fragorem
575 3124 668 3170 ratane
713 3119 1222 3191 buenduseit,talemqueTaurumesse.

154 3223 177 3260 et
192 3209 242 3274 (in)
256 3208 363 3256 occiduis
382 3217 511 3270 regnator,
531 3196 667 3252 altitudine
748 3203 809 3252 622.
829 3204 886 3250 Jam
900 3201 968 3267 juga
982 3205 1107 3261 Percotes,
1126 3202 1222 3255 rectius

153 3287 270 3358 reliquos
277 3282 571 3355 praecellens,moutibus
581 3281 664 3328 Atlas.
711 3286 827 3346 Percopes
840 3276 910 3346 (vid.
930 3277 1031 3330 Brunk.
1051 3278 1085 3330 ad
1099 3281 1222 3351 Apollon.

157 3373 260 3417 Taurum
273 3361 378 3433 reposui
392 3379 422 3413 ex
439 3357 589 3411 felicissima
602 3355 666 3408 Wi-
711 3377 738 3429 p.
758 3359 818 3424 Aa),
838 3355 910 3408 urbis
928 3355 1055 3421 Troadis,
1075 3362 1237 3426 Pariumque,

155 3444 230 3498 thofii
242 3439 444 3500 emendatione,
457 3437 519 3488 olim
535 3435 568 3488 ad
579 3434 667 3486 Guen·
710 3439 803 3506 infame
808 3435 923 3505 fragosis
930 3439 1011 3496 ceradis,
1024 3436 1224 3501 brevibusne)-

156 3525 259 3577 ,hemm
278 3518 450 3590 Ligurinum,
469 3535 496 3589 p.
513 3517 561 3585 57,
574 3533 668 3585 propo·
710 3515 780 3592 pulis
791 3516 865 3568 cercis
876 3526 901 3566 et
914 3514 1011 3584 asperis
1023 3515 1168 3580 famosum,
1182 3522 1223 3569 Pi-

156 3604 221 3666 sita,
236 3611 261 3654 et
274 3599 330 3652 seni
345 3595 433 3650 adhuc
447 3595 555 3666 probatu
572 3594 599 3644 in
612 3595 667 3643 frit.
713 3611 828 3663 tymnque
839 3595 979 3665 (Valerius
997 3614 1053 3646 eam
1070 3594 1225 3651 discernito

157 3686 357 3746 Anmeffiungen,
367 3676 440 3738 St.V,
449 3693 475 3744 p.
484 3670 670 3742 etantiquio·
715 3674 880 3744 Lampsaco,
892 3676 967 3745 cujus
978 3674 1113 3745 antiquius
1128 3695 1223 3729 nomen

156 3780 197 3813 res
208 3759 337 3812 editiones
347 3754 548 3810 habentlaum,
557 3769 606 3822 pro
617 3769 671 3821 quo
714 3751 819 3826 Pityam
833 3753 913 3804 fuisse
936 3753 980 3803 ulii
1002 3753 1180 3824 perhibent),
1202 3772 1227 3810 et

156 3839 267 3890 Vossius
281 3835 375 3888 maluit
393 3837 481 3884 luders.
496 3829 620 3882 Heinsius
640 3845 672 3880 ex
718 3837 891 3898 Lampsacum,
917 3851 991 3897 quam
1029 3853 1074 3882 uec
1105 3837 1226 3888 trieterica

157 3922 308 3990 conjectura
321 3913 431 3967 dederat
445 3916 539 3971 Canem
556 3906 629 3981 quod
644 3920 669 3959 et
714 3908 780 3980 (vid.
792 3927 871 3980 supra
888 3909 948 3978 259)
962 3929 1035 3960 sacra
1055 3914 1150 3982 (orgia)
1162 3922 1226 3967 Bac-

157 3997 326 4049 Burmunnus
343 3994 371 4046 in
390 4003 486 4045 textum
501 3987 615 4061 recepit,
634 3987 670 4039 ita
714 3991 754 4040 clu'
765 3992 859 4057 Ogygii
869 3987 952 4059 (quod
966 3989 1101 4060 epitheton
1116 3993 1151 4044 de
1164 3997 1224 4066 qui-

113 4109 116 4118 Δ
157 4087 261 4136 tamen,
270 4086 300 4126 ut
309 4071 495 4125 difficultatem
506 4067 621 4140 aliquam
632 4067 671 4120 fa·
715 4068 880 4138 buecumque
893 4067 971 4120 rebus
984 4079 1009 4120 et
1023 4071 1140 4141 personis
1155 4076 1225 4126 anti-

158 4165 255 4207 tetetur
277 4170 423 4205 remanere.
442 4149 555 4221 Propius
574 4167 590 4200 a
609 4165 671 4200 vero
717 4147 850 4218 quissimis
862 4146 1030 4216 adldhetur),
1041 4159 1228 4216 neqnecrcam's

160 4233 246 4286 abfuit
259 4231 391 4284 Bentleius
404 4227 438 4283 ad
454 4229 547 4280 Horat.
562 4227 630 4302 Epp.
644 4228 672 4290 I,
714 4230 834 4296 phrygius
849 4229 926 4296 suror
946 4229 1037 4279 invehit
1056 4233 1148 4292 antris,
1170 4250 1229 4304 quaa
