3196 5120
388 548 777 620 ARGONAUTICON
804 560 891 624 LlB.
915 564 982 627 ΙΙΙ.
1155 572 1213 658 195

196 677 413 743 Conciderit».
429 681 533 769 Super
548 682 637 746 addit
654 687 757 769 Aren,
767 688 963 781 fratremque
976 696 1195 784 Melanthum,

197 794 389 881 Phoceaque
402 795 561 860 Oleniden
574 845 584 880 ,
598 799 752 889 Lelegum
766 805 823 890 qui
837 807 949 894 pulsus
961 810 1002 875 ab
1016 815 1098 898 orie,

195 910 291 1000 Regis
307 911 495 994 amicitiam,
517 928 550 976 et
566 915 679 980 famuli
695 919 855 1006 propioris
870 921 1011 990 honores
1175 951 1212 991 20⁵

195 1023 293 1110 (Qua
308 1025 433 1112 patiens
451 1009 519 1090 non
538 1043 605 1092 arte
616 1027 645 1116 l)
659 1031 752 1112 tulit3
766 1054 831 1096 nox
842 1037 905 1100 alta
920 1039 1092 1108 cadentum

194 1138 345 1228 Ingentes
361 1139 466 1204 donec
483 1142 622 1224 sonitus,
641 1161 801 1234 augetque
818 1151 937 1216 ruinas.

194 1255 239 1316 Ut
250 1254 350 1343 magis
365 1255 518 1337 Inarime,
537 1258 636 1348 magis
655 1275 693 1322 ut
708 1261 852 1351 mugitor
864 1265 993 1332 anhelat

193 1367 347 1450 Vesvius,
366 1370 518 1462 ¹attonitas
536 1393 608 1434 acer
627 1395 729 1460 quum
746 1377 878 1441 suscitat
895 1379 1014 1447 urbes:

192 1481 244 1545 Sic
254 1504 371 1571 pugnae
381 1482 541 1549 crudescit
550 1507 652 1572 opus:
668 1491 873 1574 nequeenim
891 1493 985 1582 ignea
997 1498 1119 1567 cedunt
1172 1534 1208 1562 n·

192 1599 285 1661 Astra
298 1597 372 1662 loco
383 1646 392 1679 ,
405 1598 500 1663 lentis
513 1600 612 1664 haerct
626 1623 692 1665 nox
708 1607 836 1670 conscia
852 1606 945 1697 bigis.

234 1711 350 1800 Perge,
367 1734 443 1800 age,
459 1727 603 1776 tartareae
622 1735 749 1778 mecum
767 1718 864 1782 simul
883 1723 992 1787 omnia
1009 1729 1129 1812 noctis,

191 1825 301 1906 Musa,
320 1826 420 1913 se'qui.
436 1826 608 1913 Trepidam
621 1827 788 1893 Phaethon
804 1831 922 1899 afflavit
935 1837 976 1900 ab
988 1839 1053 1905 alto

176 2054 229 2100 aot,
251 2045 348 2092 Pltorea.
362 2048 451 2092 Bonan
467 2045 519 2092 cod.
537 2055 561 2092 et
576 2047 630 2092 edd.
646 2057 700 2094 ante
717 2049 781 2096 Cart.
796 2078 827 2087 -
843 2053 899 2102 206:
909 2059 964 2105 Non
974 2059 1027 2107 alte.
1037 2064 1101 2110 inat.
1114 2065 1203 2116 vidore.

145 2124 200 2172 Vid.
211 2127 288 2171 Bnrm.
298 2133 351 2170 not.
370 2151 400 2160 ·-
413 2126 656 2185 repatriaturum.
667 2126 734 2182 Pius,
751 2130 817 2177 Gerr.
832 2132 885 2179 cod.
901 2135 1001 2197 lingent.
1009 2140 1124 2202 Duplicat.
1135 2147 1203 2204 Piae,

145 2203 198 2250 ΔΜ.
207 2205 299 2249 Demet.
307 2203 380 2248 Gran.
389 2202 467 2256 lleine.
477 2202 514 2250 ed.
523 2203 624 2251 detonat
633 2205 670 2251 vel
679 2205 762 2253 reboat.
772 2208 849 2258 Heius.
855 2237 886 2246 —·
892 2226 945 2262 aro.
956 2217 1084 2267 Crebreecr't.
1095 2223 1169 2272 codd.
1180 2238 1204 2277 et

145 2281 198 2328 edd.
211 2291 266 2330 ante
276 2282 341 2329 Car-r.
350 2307 382 2316 -
394 2296 447 2328 ara.
457 2281 537 2330 Semel
547 2282 621 2330 Vatia.
635 2293 659 2329 et
673 2283 764 2332 Borion.
775 2288 845 2336 codd.
854 2291 943 2340 Boron
954 2295 972 2341 l.
989 2298 1031 2344 En.

143 2471 239 2530 aderit,
253 2467 297 2521 eni
313 2486 344 2520 eo
357 2472 444 2541 majus
459 2468 585 2524 damnum
600 2467 652 2522 hoc
696 2471 830 2530 Veturius
846 2499 922 2535 mona
950 2483 1045 2552 (infra
1064 2490 1115 2555 IV,
1139 2495 1200 2566 507,

143 2547 279 2600 interfecto
290 2545 417 2618 infligam.
698 2559 836 2627 Vesevus),
850 2565 967 2625 anhelat,
990 2573 1106 2622 attonitas
1123 2583 1201 2629 terrae

179 2624 238 2679 203.
250 2624 318 2679 Huic
329 2625 402 2679 addit
414 2637 506 2698 prater
515 2627 579 2680 alios
588 2631 651 2680 Pho·
694 2631 808 2687 motibus
828 2650 854 2691 et
873 2642 933 2711 igne
946 2657 1065 2701 eructato
1084 2656 1199 2715 suscitat,

142 2725 186 2757 eea
193 2727 204 2767 ‚·
218 2709 344 2774 Lelegum,
364 2707 460 2771 loniae,
474 2711 517 2775 qui
519 2711 605 2775 pulsus
618 2711 649 2760 ab
693 2713 822 2776 concutit,
834 2721 902 2769 urbes
915 2740 925 2769 .·
940 2725 1073 2792 siepugnoe
1083 2735 1203 2783 crudescit

141 2789 190 2837 oris
200 2787 267 2853 regis
278 2789 409 2836 amicitiam
421 2801 445 2837 et
444 2786 540 2854 farnuli
549 2790 648 2872 propio·
692 2809 763 2858 opus,
785 2795 866 2866 magis
878 2809 987 2853 cruenta
1000 2802 1030 2854 fit
1038 2822 1128 2877 pugna
1136 2827 1200 2864 noe·

140 2868 174 2916 ris
188 2868 292 2916 horrores
304 2873 373 2934 (qua
382 2869 480 2934 patiens
493 2886 542 2918 uon
555 2873 647 2932 artui)
690 2879 768 2924 tuma
777 2888 783 2922 τ
791 2891 877 2944 neque
884 2879 946 2929 enim
955 2881 1028 2948 ignea
1033 2888 1122 2937 cedunt
1129 2903 1199 2940 astra

140 2940 233 2996 aelith.
242 2961 265 2996 e.
277 2943 323 3014 qui
333 2984 341 3010 ,
353 2963 515 3015 quamquam
524 2957 647 2999 externus
690 2951 757 3010 Ioco,
771 2951 847 3004 solito
866 2952 963 3009 diutius
979 2957 1007 3010 in
1026 2961 1089 3014 talo
1098 2967 1198 3020 morari

139 3033 166 3074 et
174 3021 247 3075 exsul
254 3033 355 3086 ,tamen
367 3021 401 3078 ad
408 3025 548 3078 amicitiam
558 3026 647 3098 Cyzici
690 3025 774 3080 sidera
788 3029 925 3098 videntur,
939 3047 965 3089 et
977 3041 1048 3090 lentis
1060 3044 1196 3098 tantave

138 3101 222 3172 regit,
233 3113 259 3153 et
269 3100 421 3156 interiorem
428 3102 495 3156 adeo
508 3103 646 3158 admissio·
688 3109 788 3159 conscia
796 3111 867 3178 bigis,
878 3115 1009 3181 consulto,
1017 3117 1050 3170 de
1056 3119 1197 3190 industria,

137 3198 199 3234 nem
219 3179 283 3250 (scd
299 3181 394 3253 quibua
414 3181 530 3248 artibus,
543 3203 647 3257 quaque
688 3183 792 3258 longina
800 3185 886 3242 durat.
896 3191 939 3246 Sic
950 3193 1042 3264 igitur,
1052 3212 1123 3254 reete
1130 3219 1195 3274 poe·

137 3257 504 3332 patientialmeseevexerat.
688 3265 742 3319 tica
758 3264 890 3330 detracta,
915 3271 1007 3327 iudea
1029 3295 1105 3331 versu
1126 3287 1195 3350 206,

175 3329 235 3393 ξοδ.
250 3339 284 3391 Et
296 3338 333 3393 eie
347 3340 475 3393 Telamon
489 3342 579 3395 aurire
589 3361 646 3414 per·
688 3345 775 3397 omnia
795 3357 854 3419 apte
872 3349 1022 3417 coherent,
1035 3356 1195 3414 needeside·

136 3419 217 3483 rexit,
233 3416 318 3470 donec
333 3439 386 3470 nox
403 3423 455 3472 alta
471 3426 645 3474 cadeummin·
687 3424 786 3476 tarnis
799 3439 920 3480 ornatum
940 3434 1070 3502 poeticum
1082 3436 1110 3488 in
1119 3445 1194 3510 mugi.

135 3515 221 3566 gentes
248 3501 338 3550 sonitus
364 3503 496 3568 ruinasque
522 3518 643 3572 augeret:
687 3517 738 3554 tore
757 3507 1024 3582 anhelante(respicit
1045 3526 1132 3568 autem
1155 3520 1194 3590 gi.

135 3575 287 3632 cadentium
302 3578 441 3650 prolapeue
459 3579 494 3632 oh
509 3581 593 3632 noctis
608 3581 643 3633 si-
687 3592 792 3652 gentem
800 3584 933 3656 ignivomo
942 3603 1031 3646 monte
1041 3611 1160 3664 pretium
1170 3601 1192 3669 ),

135 3655 246 3708 lentium
257 3657 362 3727 gravius
368 3655 404 3710 ad
412 3676 488 3712 aurea
494 3658 628 3712 accidebat
634 3699 643 3726 ,
687 3665 712 3712 in
724 3677 793 3713 nocte
801 3669 915 3725 conseia,
926 3671 996 3719 lentis
1004 3673 1066 3740 bigis
1076 3675 1191 3732 hoerenoe.

135 3734 208 3806 quod
218 3748 298 3788 noctu
310 3733 365 3789 fieri
380 3735 538 3808 experientia
556 3736 642 3792 docet,
686 3739 725 3792 De
735 3745 905 3796 curruuoctia
913 3744 965 3799 rid.
974 3748 1018 3811 11,
1030 3751 1078 3820 ²9⁵
1087 3789 1095 3815 ,
1105 3765 1193 3809 etom.

172 3814 232 3866 208.
243 3819 274 3865 Ut
285 3819 364 3884 magis
380 3819 487 3869 Inan’rae
501 3817 644 3884 (aliasAe-
685 3819 749 3872 nino
767 3821 817 3873 cel.
836 3825 987 3888 Eiclrstaedt,
1012 3827 1110 3893 Queat.
1132 3831 1191 3904 phi·

134 3894 215 3954 naria,
228 3892 382 3958 Pithecusa,
394 3895 474 3949 hodie
485 3897 570 3949 Itehia
580 3935 588 3960 ,
599 3899 642 3950 in·
686 3896 731 3951 lol.
744 3919 771 3972 p.
784 3899 894 3954 15-16.

32 3971 35 3974 ’
133 3973 191 4025 ¹urla
206 3991 287 4043 prope
297 3973 642 4049 Neapolin,Typhoeoim-
722 3997 781 4031 ara.
793 3979 906 4033 Anhelat
922 3981 980 4052 ipae
991 3996 1084 4054 poeta,
1097 3999 1122 4040 et
1132 4007 1190 4043 mn·

132 4052 219 4124 poaita
230 4091 237 4116 ,
249 4052 324 4125 Vir-g.
336 4055 398 4107 AEn.
416 4052 469 4116 tx,
489 4060 559 4126 716,
577 4057 641 4121 uhi,
685 4076 741 4110 sam
758 4057 846 4112 denno
855 4059 882 4112 in
892 4059 1037 4114 subsidium
1051 4077 1144 4130 vocat,
1160 4079 1189 4120 nt

133 4131 241 4203 aiplura
259 4133 366 4203 cupias,
386 4133 446 4188 vide
462 4135 594 4208 Heyniutn
613 4135 641 4187 in
685 4151 807 4199 tarutreoe,
833 4138 987 4205 horrenda,
1009 4148 1085 4196 uocas
1105 4151 1188 4200 amaia

132 4211 258 4280 peculiari
269 4216 405 4283 excursu),
416 4229 442 4265 ut
449 4219 529 4284 magis
538 4219 643 4284 mugitor
685 4232 832 4284 sequentem,
844 4231 1026 4273 enarraturum
1037 4222 1151 4295 adjuret.
1196 4267 1201 4283 ,

131 4289 345 4356 (ornatuacausa
360 4290 516 4363 adjectum),
528 4298 638 4358 Verrius,
721 4295 780 4350 213.
789 4301 910 4360 rhaetea,
922 4300 964 4354 sot
979 4299 1049 4371 ipre,
1064 4301 1102 4356 uti
1118 4303 1188 4374 apud

1001 4397 1053 4462 13.
