3246 5112
377 530 419 594 92
502 509 555 573 ru
584 509 671 576 mn.
696 509 891 577 rurumu
920 512 1307 580 uucousmmon

411 655 445 701 V.
460 653 508 728 'aas
517 687 537 701 ..
549 687 573 700 ..
590 651 709 702 sedenim
722 666 808 704 contra
821 656 943 705 Ploebeius
958 657 1045 706 Idmon

515 737 572 785 Nou
586 737 684 802 pallore
697 737 758 788 uiris
765 775 774 798 ,
788 757 838 790 non
852 742 902 790 ullo
915 741 1013 789 bonore
1031 757 1154 790 comunem

520 821 655 880 Terribiles,
664 824 754 886 plenus
764 823 831 890 fatis
847 825 981 890 elatoque
994 825 1085 890 quieto.

375 939 433 991 lloc
447 937 507 992 loco
526 939 581 994 duo
597 961 694 1014 genera
707 943 876 998 divinationis
891 943 982 1000 videre
1001 957 1057 1010 est,
1071 964 1186 1018 quorum
1203 965 1286 1000 unum
1305 945 1442 1019 placidum

376 1023 556 1095 acquietum,
576 1026 688 1080 alterum
705 1027 846 1098 agitatione
861 1029 1004 1100 furoreque
1019 1027 1165 1082 turbidum.
1179 1029 1276 1083 Priorie
1292 1031 1444 1103 exemplum

376 1116 416 1158 est
429 1105 500 1178 aputl
512 1108 650 1180 Virgilium
664 1109 760 1164 Heleni
773 1109 914 1174 divinatio,
933 1113 994 1166 AEn.
1008 1112 1066 1174 111,
1086 1131 1112 1166 v.
1130 1113 1198 1182 3733
1213 1113 1383 1185 posterioris,
1403 1114 1443 1168 Si·

376 1193 469 1329 lg'yllles,
479 1196 607 1263 AEn.Vl,
627 1217 655 1251 v.
667 1202 719 1263 463
733 1217 847 1272 quorum
864 1211 1006 1273 utrumque
1026 1200 1103 1253 alteri
1119 1201 1244 1272 opposuit
1263 1219 1295 1254 ex
1313 1200 1444 1255 industris

403 1296 512 1332 cerrus.

411 1408 445 1455 V.
465 1409 525 1468 aff.
540 1407 598 1458 Non
611 1406 670 1456 milri
681 1407 805 1458 thesselici
816 1408 898 1476 pietus
918 1408 1043 1475 camarda
1063 1409 1173 1472 trranm.

372 1507 422 1561 llic
430 1513 532 1574 omani
540 1500 697 1580 significatio
705 1509 772 1562 nihil
782 1509 862 1564 hebet
869 1509 1002 1564 invidiosi.
1014 1509 1057 1566 sic
1068 1511 1177 1564 Latinus
1186 1508 1220 1565 ad
1231 1511 1329 1584 legatos
1336 1513 1443 1576 AEneu,

373 1588 468 1644 ducem
477 1591 594 1646 invitans
601 1605 630 1646 ut
638 1591 765 1646 seorrmad
773 1593 1140 1666 colloquiumoongrediatur,
1148 1595 1444 1661 ait,AEn.Vll,v.266:

525 1717 585 1762 ‚rm
595 1714 651 1762 atu
661 1714 726 1778 μιῑ.
736 1715 782 1764 aas
790 1715 898 1764 aem
910 1715 1015 1778 amun
1025 1717 1128 1778 mun.

407 1849 441 1897 V.
457 1845 507 1898 253
531 1882 1016 1900 ............................
1028 1862 1088 1900 esta
1107 1851 1213 1900 minisci

515 1934 596 1998 llapta
608 1933 682 1982 sinutl
692 1931 797 1982 veneten
804 1970 812 1994 ,
826 1951 979 2000 cereremque
998 1935 1089 1984 dedere
1100 1935 1224 1986 canistris.

375 2041 426 2096 Per
440 2059 555 2095 errorem
566 2041 724 2115 impressum
740 2055 779 2098 est
795 2047 910 2098 venulas.
929 2043 1020 2099 Codex
1037 2047 1174 2098 vaticanus
1187 2057 1214 2098 et
1228 2045 1374 2098 Burmanni
1387 2043 1443 2098 edi·

377 2127 414 2180 tio
424 2126 522 2180 habent
531 2131 646 2189 ven'bus5
659 2140 715 2182 tum
729 2127 841 2191 Balbus,
855 2131 883 2182 in
898 2141 959 2182 nota
969 2147 1049 2200 quam
1062 2129 1143 2182 refert
1153 2130 1335 2192 Burmannus,
1345 2129 1442 2200 prohat

376 2210 473 2265 debere
483 2210 537 2265 dici
547 2215 656 2274 veribus,-
667 2213 702 2266 ita
713 2225 739 2266 et
747 2213 845 2266 Pierius
855 2213 977 2266 censebat
989 2212 1060 2282 (vide
1069 2211 1147 2266 Pierii
1156 2225 1232 2264 notas
1242 2211 1270 2264 in
1280 2212 1441 2283 Virgilium).

377 2295 486 2348 Vossius
497 2294 542 2363 (de
556 2296 677 2368 analogia
687 2335 695 2362 ‚
704 2297 752 2350 lib.
766 2298 811 2361 11,
825 2315 884 2369 cap.
897 2297 947 2367 18)
957 2313 1038 2349 unum
1051 2307 1156 2348 tunnam
1169 2295 1351 2379 auctoritatem
1362 2296 1444 2349 affert

376 2397 427 2452 pro
443 2384 563 2443 verubus,
578 2393 604 2434 et
616 2381 686 2434 hano
698 2381 806 2454 quidem
822 2379 894 2433 haud
912 2382 1147 2433 incontroversam.

410 2461 536 2516 Heinsius
545 2473 619 2517 notat
630 2463 762 2518 ministros
777 2463 935 2536 Argonautis
951 2463 1033 2516 fnisse
1044 2481 1176 2535 nusquam
1188 2461 1249 2534 legi.
1261 2462 1350 2515 Potest
1360 2460 1441 2536 hujus

376 2545 448 2598 vocis
465 2545 533 2598 ratio
547 2547 668 2618 probari,
683 2549 704 2600 si
717 2547 824 2620 quidem
839 2548 1015 2618 Argonautae,
1027 2547 1148 2600 nondum
1158 2547 1266 2618 ingressi
1277 2563 1385 2609 narem,
1395 2564 1443 2617 po-

377 2641 463 2683 terant
478 2629 621 2684 etiamnum
638 2633 807 2707 propriorum
824 2631 962 2686 Jasonisve
979 2649 1116 2685 servorum
1132 2631 1171 2684 uti
1189 2630 1342 2684 ministerio.
1360 2628 1440 2702 Apud

378 2714 564 2786 Apollonium,
574 2716 677 2770 lasonis
691 2717 784 2771 famuli
794 2728 884 2770 tauros
894 2713 1071 2768 immolandos
1084 2712 1231 2780 adductmt,
1242 2715 1363 2786 servique
1372 2714 1441 2767 inter

378 2797 470 2869 epulus
488 2797 584 2870 pocula
597 2797 755 2853 ministrarit.
770 2799 833 2854 llaec
846 2810 935 2852 nostra
951 2797 1055 2852 videtur
1068 2797 1231 2870 probabilior
1240 2798 1385 2851 Burmanni
1398 2797 1439 2849 in·

375 2881 580 2955 terpretations,
593 2883 640 2957 qui
657 2887 777 2937 ruinisuus
795 2883 886 2937 vocari
903 2893 981 2955 putat
996 2887 1206 2954 Argonautarum
1220 2882 1349 2956 juniores.

411 3031 445 3074 V.
458 3025 519 3080 255.
529 3031 634 3094 tamque
651 3031 741 3080 aderat
752 3030 844 3080 sturmo
854 3031 984 3078 decurrens
994 3028 1086 3077 utern'ce
1100 3027 1202 3088 ίῖΙιίνοιι,

533 3114 730 3179 amantemque
737 3116 808 3180 patri
817 3114 908 3180 procul
916 3113 1057 3162 ostendebat
1070 3113 1198 3162 Achillem.

379 3229 502 3285 Chironis
526 3233 655 3289 adventur
679 3254 793 3308 puerum
811 3233 940 3288 Achillem
961 3252 1039 3287 suum
1062 3232 1198 3286 alumnum
1218 3230 1389 3296 adducentis,
1412 3244 1442 3285 ut

377 3311 449 3383 patri
463 3312 539 3388 Peleo
549 3313 690 3378 valedicat,
696 3314 874 3386 gratissimum
884 3313 966 3368 efficit
978 3311 1125 3370 lucullus.
1134 3311 1262 3366 Parvulas
1274 3311 1318 3364 ille
1328 3309 1442 3366 Achilles

379 3406 527 3449 toreumata
545 3410 702 3470 paterasque
722 3398 785 3452 vino
802 3408 955 3468 spumantes
968 3397 1006 3449 nil
1024 3416 1137 3460 curans,
1155 3407 1253 3450 attente
1272 3414 1336 3449 vero
1353 3406 1377 3447 et
1394 3413 1441 3447 eu-

378 3479 447 3532 riose
464 3479 536 3533 hunc
547 3480 658 3534 heroum
673 3492 768 3534 ooetum
777 3481 927 3554 pellemque
945 3481 1056 3535 nemersi
1072 3481 1156 3535 leonis
1169 3481 1291 3544 intuens,
1302 3482 1357 3554 jum
1370 3497 1442 3532 nuno

377 3561 536 3635 Lycomedis
552 3566 716 3636 transfugam
730 3564 898 3638 praenuntiat.
916 3563 1025 3619 Achillis
1038 3565 1113 3638 pueri
1126 3565 1301 3618 interventum
1316 3561 1388 3636 prior
1398 3581 1443 3616 ex-

379 3647 504 3718 cogitavit
522 3647 695 3719 Apollonius,
708 3649 758 3702 nisi
771 3648 844 3722 quod
860 3649 924 3713 ille,
935 3668 983 3704 suo
996 3668 1086 3716 more,
1103 3659 1318 3703 ornamentorum
1331 3665 1443 3719 parcus,

379 3749 465 3802 quum
478 3751 509 3785 ea
526 3745 627 3786 tantum
644 3731 776 3796 admittat,
786 3753 845 3806 quea
858 3733 955 3787 fabulae
965 3734 1094 3788 oomrexni
1107 3733 1259 3788 adhereant
1269 3733 1444 3803 festinentque

380 3813 415 3868 ad
435 3827 574 3881 eventum,
596 3816 699 3888 parvuli
716 3817 827 3872 Achillis
847 3817 974 3871 duntaxat
997 3837 1012 3871 e
1031 3817 1175 3890 longinquo
1193 3814 1307 3868 ostendit
1329 3814 1445 3886 effigiem

377 3899 519 3972 magnifiee
539 3901 567 3953 in
585 3902 676 3956 tabula
697 3902 796 3956 mirum
822 3903 849 3954 in
872 3901 982 3956 modum
1003 3920 1167 3974 expressam,
1194 3898 1247 3952 diis
1267 3896 1389 3951 omnibus
1412 3898 1446 3950 ah

375 3980 484 4053 Olympi
493 3983 592 4038 vertice
598 3985 673 4040 navis
683 3983 827 4040 discessum
839 3985 1027 4058 spectantibus,
1042 3983 1168 4057 nymphis
1184 3981 1212 4035 in
1224 3981 1290 4034 Pelii
1303 3981 1446 4034 cacumine

377 4063 543 4133 sedentibus,
557 4068 675 4123 Chirone
691 4088 774 4124 manu
791 4069 951 4142 Argonautis
964 4068 1109 4132 innuente,
1123 4066 1204 4138 inque
1218 4065 1348 4137 proxinm,
1364 4083 1446 4118 uxore

380 4148 503 4204 Chariclo
522 4153 663 4224 parvulum
681 4153 809 4209 Achillem
827 4153 949 4208 manibus
970 4161 1103 4222 gestante,
1116 4149 1238 4223 patrique
1259 4146 1446 4216 Pelcoblandc

378 4243 470 4288 uatum
487 4234 669 4307 protendente.
