3116 5102
408 569 798 639 ARGONAUTICON
827 572 913 636 ΗΒ.
938 571 977 635 V.
1167 568 1229 656 377

209 702 554 791 Rumperet‚irrident
565 702 801 791 strepitumque
811 704 981 792 minasque
992 701 1141 768 Gradivi:

209 817 308 881 «Non
320 815 378 880 tibi
391 815 581 898 Bistonidae,
592 815 712 904 quibus
722 816 791 882 haec
805 819 871 882 fera
878 839 1051 883 murmura
1060 818 1176 899 jactes,

207 931 284 995 Non
299 910 457 1018 Lapithm,
473 929 530 996 sed
542 930 663 1013 Pallas,
677 930 738 1012 ait3
750 953 857 1019 neque
867 955 927 1024 ego
938 931 1038 1024 aegide
1050 931 1162 1024 digna,

206 1045 239 1109 N
240 1067 277 1110 ec
286 1066 384 1131 yocer
393 1045 530 1110 ulterius
541 1045 648 1134 proles
657 1045 744 1110 Jovia
755 1091 764 1126 ‚
775 1046 900 1112 excidat
910 1047 969 1114 iste

205 1159 249 1226 Ni
262 1136 319 1224 tibi
330 1159 428 1224 corde
441 1159 677 1243 tumor31ituos
688 1181 765 1224 mox
775 1181 928 1248 armaque
938 1161 1012 1226 faxo
1192 1171 1230 1210 ⁶⁵⁵

206 1273 342 1356 oderis,
353 1288 386 1338 et
394 1273 507 1362 primis
517 1272 657 1340 adimam
669 1289 724 1340 tua
734 1275 869 1340 nomina
879 1274 982 1341 bellis.

206 1390 297 1473 Quin
311 1391 408 1455 simili
419 1405 555 1455 matrem
567 1389 700 1456 demens
711 1392 865 1482 gravitate
876 1392 1056 1480 sequutus?

204 1505 312 1595 Digna
325 1504 475 1594 quidem,
491 1521 676 1570 monstrum
688 1506 814 1592 superis
824 1527 897 1592 quae
905 1505 971 1572 tale
981 1505 1109 1570 creavit.

206 1619 308 1702 Quod
318 1635 428 1684 tamen
441 1639 596 1707 aggressa
607 1619 731 1701 scelus,
744 1635 802 1684 aut
811 1641 880 1706 quo
890 1619 1025 1684 crimine
1039 1633 1163 1701 sontes,

205 1733 240 1797 Si
247 1731 489 1818 juvenem‚qui
497 1732 586 1810 jussa
600 1733 650 1796 sui
662 1748 727 1796 tam
738 1732 808 1796 dira
818 1732 948 1820 tyranni
1191 1743 1230 1782 ⁶⁶⁰

204 1844 392 1934 Impavidus
407 1847 508 1910 maria
523 1862 557 1910 et
572 1845 720 1911 nondum
737 1849 794 1934 qui
810 1862 888 1910 nota
903 1846 1053 1928 subibat,

204 1960 368 2037 lavimus,
380 1975 412 2023 et
422 1960 546 2049 magnis
557 1961 696 2048 alivam
708 1983 798 2050 spem
811 1961 972 2026 movimus
985 1961 1092 2026 ausis?

189 2159 244 2208 652.
261 2164 314 2209 Non
334 2161 374 2206 tibi
386 2162 484 2210 Aottdoe.
502 2165 579 2210 vatic.
601 2166 653 2212 eod.
671 2165 776 2214 AEolidae.
797 2169 888 2214 Bonon.
903 2167 956 2213 cod.
977 2168 1066 2213 Bonam
1090 2168 1109 2212 1.
1132 2167 1227 2213 Almia.

158 2241 366 2287 Bonan.ll.1unt.
379 2243 464 2289 Mater.
482 2244 536 2290 Ald.
550 2243 665 2291 Alaiacbt.
681 2246 782 2307 Eugent.
792 2272 823 2282 -
834 2246 888 2300 654.
898 2246 998 2292 Baetae.
1010 2246 1087 2292 Vatia.
1100 2255 1124 2293 et
1136 2247 1226 2292 Bonam

158 2319 229 2367 codd.
244 2345 273 2356 -
284 2319 338 2368 655.
350 2322 429 2367 Lituas
439 2324 515 2370 miser.
529 2324 606 2371 Vatle.
619 2335 643 2370 et
654 2325 745 2372 bonon.
755 2325 824 2372 codd.
833 2334 858 2372 et
868 2325 923 2373 edd.
933 2333 988 2372 tute
999 2327 1065 2374 Care.
1074 2325 1117 2372 En.

158 2517 193 2551 an
207 2515 269 2551 eum
280 2500 424 2553 verborum
432 2499 565 2554 delectum
575 2502 673 2558 habere
716 2498 898 2569 ruit(lepidut
906 2500 981 2570 jocus
990 2500 1029 2566 !)‚
1039 2516 1097 2571 que
1108 2497 1167 2552 talia
1179 2498 1229 2551 filii

159 2575 245 2630 voluit
259 2589 355 2648 poeta,
368 2589 400 2630 ut
414 2583 519 2647 gemitus
529 2592 555 2633 et
567 2599 674 2648 pascant
716 2589 802 2630 mater
822 2577 965 2642 exstiterit,
982 2598 1039 2646 qaoe
1058 2581 1104 2630 tali
1119 2593 1227 2631 mamam

157 2653 193 2708 ad
206 2661 356 2719 sunonem,
370 2657 433 2720 cui,
449 2670 480 2710 ut
496 2660 590 2724 maai,
612 2679 672 2732 pnr-
716 2655 1014 2728 Olympamomaverit.

157 2753 218 2788 cere
230 2735 302 2790 Mars
315 2735 446 2800 voluerit,
460 2742 569 2791 Iaaniaca
584 2753 671 2794 autem
751 2737 813 2805 659.
833 2735 910 2807 Quod
922 2751 1003 2787 maen
1024 2754 1153 2802 aggressae
1173 2757 1227 2788 sae·

156 2826 183 2867 et
200 2829 311 2868 mamam
330 2813 365 2867 ad
378 2815 516 2869 Palladem
532 2819 671 2873 referenda
717 2819 767 2875 as,
791 2826 841 2868 etc.
866 2813 1012 2867 notandum
1034 2825 1072 2867 eat
1092 2813 1145 2867 hoe
1168 2814 1228 2868 loeo

156 2893 227 2947 sint?
243 2893 294 2949 sed
309 2893 362 2948 boc
377 2905 416 2948 est
433 2897 558 2967 argutari.
570 2928 604 2938 -
618 2900 670 2952 Ar·
716 2905 799 2966 poeta
807 2894 962 2948 artificium:
972 2894 1105 2946 iunonem
1115 2892 1142 2944 in
1152 2910 1227 2948 tuam

155 2973 233 3043 gutiae
245 2991 333 3027 mere.
344 2974 399 3028 Eu.
716 2992 823 3027 causam
841 2973 970 3044 implicuit
984 2971 1088 3034 Pallas,
1104 2983 1134 3024 ut
1144 2973 1229 3026 solent

191 3051 253 3106 652.
271 3055 330 3108 Jam
346 3066 438 3108 contra
452 3055 563 3128 insurgit
574 3056 669 3110 Pallas,
714 3051 866 3105 humiliores
879 3052 934 3114 rei,
949 3051 1103 3124 potentioris
1116 3050 1228 3122 alicujus

155 3135 212 3182 Non
237 3135 279 3183 a'bi
296 3136 447 3197 Bistoniam
471 3134 605 3200 Thraces,
619 3157 668 3189 non
714 3130 911 3202 participatione
932 3149 1008 3184 suam
1026 3129 1145 3203 iptorum
1163 3148 1227 3183 aau-
1293 3179 1298 3186 .

155 3213 279 3278 Lapithae,
301 3215 385 3280 quibas
404 3215 527 3284 laesam
545 3235 669 3267 mannam
713 3228 770 3262 tam
793 3221 911 3263 tuentes:
929 3230 982 3264 sum
998 3223 1087 3263 tamen
1106 3207 1228 3280 dignitati

155 3289 167 3357 (
175 3291 272 3343 rectius
275 3290 460 3364 jurgia,qu0d
467 3293 589 3348 Heinsius
595 3295 667 3358 vult,
714 3307 744 3342 ac
758 3291 886 3360 superbiat
901 3291 1056 3353 consulens,
1069 3308 1124 3342 non
1137 3301 1227 3360 aperta

154 3368 336 3441 mat-muribus
356 3370 427 3423 enim
447 3373 551 3426 obstant
568 3391 668 3445 praece.
712 3369 865 3441 praesidium
883 3370 948 3423 tanti
962 3369 1077 3423 nominis
1093 3369 1143 3423 sibi
1156 3387 1229 3440 mpe-

155 3445 249 3501 dentea
264 3451 374 3516 strepitus
382 3453 393 3519 )
395 3451 489 3517 jactas,
503 3457 550 3504 sed
566 3459 666 3514 Pallas,
713 3449 758 3512 tit;
771 3453 816 3503 sed
825 3449 935 3513 callide,
948 3468 978 3503 ac
989 3449 1062 3502 velut
1078 3450 1105 3502 in
1114 3447 1228 3502 occasio·

154 3525 666 3602 quodgravius,quamaidixiaset:lt'ga.
713 3547 774 3581 nem
799 3528 913 3592 dictati,
939 3529 1075 3582 nominata
1098 3529 1223 3592 Junoae,

190 3607 253 3671 654.
265 3610 375 3657 Excidat
391 3611 437 3659 iste
449 3613 476 3660 m'
491 3613 531 3661 a'bi
542 3616 616 3664 corda
630 3628 666 3662 ta·
712 3627 766 3661 non
778 3609 834 3679 jam
849 3627 897 3661 auo
913 3609 1011 3671 uniat,
1025 3606 1072 3660 ted
1087 3607 1225 3660 ambarum

154 3703 221 3745 mor,
240 3683 293 3736 nisi
306 3684 377 3738 hanc
394 3685 441 3739 tibi
459 3689 607 3759 superbiam
624 3691 665 3762 ja·
711 3687 933 3740 nominecauaam
947 3686 1017 3758 agit,
1031 3705 1062 3739 ae
1078 3697 1157 3740 tanta
1172 3703 1223 3738 rete

153 3763 332 3835 mentiumque
351 3765 497 3830 excutiam
518 3771 589 3820 lituos
605 3789 665 3821 mox
711 3767 844 3818 consortio
852 3765 1219 3830 tuta‚invidiosumsacitaccu

153 3861 272 3911 annaque
286 3845 358 3912 saxa
379 3848 474 3906 oderis,
496 3846 623 3912 abjicias,
641 3864 666 3900 et
710 3844 1222 3917 satorem,quinonmodoPallada,aed

149 3923 234 3986 primis
252 3925 334 3983 bellis,
347 3923 465 3993 proximo
478 3943 585 3996 quoque
598 3945 664 3997 prae·
710 3926 795 3997 ipsam
811 3925 921 3978 deorum
936 3925 1074 3996 reginam,
1090 3923 1224 3978 eamdem-

154 3998 205 4062 lio,
221 4005 329 4053 adimam
349 4017 393 4054 taa
410 4008 528 4065 nomina,
546 4005 664 4075 gloriam.
710 4023 763 4075 que
776 4004 825 4056 sibi
839 4005 992 4077 genitricem
1005 4005 1141 4058 criminari
1151 4002 1225 4056 vide·

152 4077 220 4131 Satis
228 4079 324 4134 diserte
335 4099 365 4134 ac
378 4083 559 4137 confidenter!
711 4097 755 4137 tur
764 4103 770 4137 :
779 4104 891 4139 acumen
899 4087 1020 4158 profecto
1029 4084 1162 4138 mirabile!
1172 4084 1226 4138 En.

188 4159 250 4226 657.
261 4160 315 4212 Cur
328 4179 381 4213 non
393 4161 523 4216 similibus
536 4164 663 4218 conviciis
746 4167 871 4218 660-662.
882 4166 943 4218 Haec
953 4186 984 4219 eo
993 4165 1124 4238 pertinere
1134 4160 1225 4215 viden-

153 4245 263 4288 matrem
274 4256 379 4310 quoque
389 4241 532 4296 insectatus
551 4254 596 4296 est.
609 4243 660 4296 Eu.
709 4255 763 4306 tur,
776 4257 804 4297 ut
812 4246 872 4298 lovi
883 4248 1104 4315 seJunonemque
1110 4259 1224 4314 purgare

189 4315 250 4372 658.
262 4321 465 4387 Dignaquidem,
478 4321 596 4378 nilaliud
608 4341 662 4376 me·
707 4323 768 4378 velit
791 4323 893 4390 Pallas,
914 4323 986 4397 quod
1007 4328 1064 4396 jura
1083 4326 1138 4395 ejus
1151 4321 1223 4374 inte«
1240 4381 1241 4386 ¹
