3198 5106
450 491 566 561 vrm
597 490 658 558 ur
689 487 933 560 casurus.
1136 507 1223 554 cxcv

157 618 209 683 ed.
225 618 351 684 llarlcs.
367 633 399 683 et
415 617 585 686 Groddcclr
597 621 630 682 in
643 617 725 683 Bibl.
739 615 886 682 deraltcn
899 616 1031 679 Lr'terat.
1044 613 1114 678 wal
1119 613 1223 678 Kurist

158 725 204 789 St.
222 726 271 807 ll,
286 725 320 789 S.
333 723 394 804 60,
410 748 452 812 70
466 747 533 813 seq.
552 724 710 788 Elatinis
724 721 873 787 laudatur
884 723 919 784 in
929 721 1041 810 primis
1051 721 1087 786 P.
1101 720 1224 784 Teren·

159 830 222 894 tius
235 829 340 894 Varro
353 831 527 912 Atacinus,
543 829 704 918 Apollonii
717 850 784 892 non
801 844 867 892 tam
881 828 1041 904 imitator,
1058 850 1156 915 quam
1175 827 1223 889 in-

160 950 301 1022 terpres,
332 956 528 1022 quamquam
548 949 582 997 et
600 932 643 997 de
660 932 727 998 suis
744 930 883 996 subinde
902 931 1009 1019 aliqua
1031 931 1221 1012 addiderat,

160 1038 200 1102 de
215 1060 283 1126 quo
295 1038 371 1104 vide
387 1038 623 1104 Ruhnkenium
640 1039 674 1102 in
688 1037 748 1124 Ep.
766 1036 876 1102 critica
887 1037 937 1117 ll,
950 1036 1001 1100 ed.
1014 1059 1077 1101 sec.
1087 1061 1119 1126 p.
1135 1058 1207 1124 199.

202 1143 304 1228 Quod
319 1144 420 1234 igitur
443 1167 482 1208 ex
502 1145 615 1231 priscis
641 1143 703 1208 illis
720 1143 878 1223 heroicis,
898 1166 970 1231 quae
987 1160 1124 1227 vocant,
1139 1160 1221 1208 tem-

159 1251 311 1340 poribus,
324 1273 397 1338 quae
414 1251 567 1340 epopoeiae
586 1272 654 1314 non
673 1271 739 1314 una
752 1249 793 1313 de
810 1271 906 1314 causa
917 1249 1017 1339 magis
1036 1271 1220 1314 accommo-

159 1356 230 1421 data
246 1356 469 1437 habebantur,
484 1377 582 1443 quam
596 1379 614 1419 a
630 1356 802 1420 recentiori
819 1372 911 1421 aetate
924 1354 1116 1443 depromere
1131 1378 1223 1444 argu·

159 1477 305 1526 mentum
326 1463 471 1527 Valerius
494 1461 663 1544 maluerit,
689 1477 816 1528 tantum
845 1462 955 1544 abest,
976 1478 1015 1526 ut
1032 1461 1112 1525 vitio
1138 1461 1220 1526 verti

157 1567 275 1654 possit,
290 1582 329 1632 ut
343 1568 452 1656 potius
468 1567 649 1634 laudandus
663 1590 733 1632 esse
745 1567 910 1649 videatur,
927 1567 984 1654 qui
1002 1568 1140 1632 aliorum
1155 1589 1221 1630 suae

158 1674 257 1738 artatis
277 1689 467 1762 poetarum,
482 1675 604 1740 Lucani
620 1674 767 1762 inprimis
792 1689 825 1738 ct
839 1674 906 1738 Silii
922 1673 1023 1739 Italici
1036 1675 1220 1762 exemplum

158 1779 301 1844 noluerit
328 1780 441 1868 sequi,
471 1781 550 1867 qui,
578 1778 668 1867 quod
690 1778 845 1844 historico
872 1780 1053 1844 carminum
1078 1799 1221 1868 genere,

158 1905 356 1973 quamquam
374 1887 467 1974 epico
490 1887 611 1951 vestitu
633 1884 769 1969 induto,
788 1886 997 1950 inclarescere
1021 1886 1221 1966 voluerunt,

158 2011 216 2054 nec
231 1991 352 2056 civium
372 2009 497 2077 tamen,
516 2015 579 2058 nec
594 2008 800 2082 posterorum
817 1994 968 2082 plausum
988 1993 1100 2056 tulere.
1117 1991 1221 2056 Nimi-

159 2119 231 2160 rum
249 2098 427 2187 antiquitas
443 2100 596 2180 majorem
620 2101 756 2164 omnino
771 2101 837 2163 vim
853 2099 951 2163 habet
968 2097 1010 2164 ad
1030 2099 1155 2164 animos
1171 2097 1220 2163 al-

160 2200 310 2269 ficiendos
321 2220 355 2270 et
362 2205 576 2272 admiratione
586 2206 801 2289 imbuendos,
819 2228 889 2270 eam
902 2205 998 2270 etiam
1012 2207 1055 2270 ob
1069 2227 1219 2286 causam,

159 2309 248 2394 quod
262 2311 350 2374 inter
370 2312 494 2399 priscos
515 2311 587 2376 illos
605 2311 755 2376 homines
776 2312 822 2376 dii
837 2311 945 2376 adhuc
963 2311 1084 2376 versari
1106 2309 1219 2376 crede·

158 2419 296 2498 bantur,
315 2439 383 2505 quo
406 2416 551 2483 subsidio
568 2419 635 2484 fere
653 2441 760 2484 carere
783 2419 947 2483 debebant
963 2417 1151 2482 recentioris
1173 2417 1220 2480 fa·

158 2522 239 2586 hulae
250 2522 442 2610 scriptores,
455 2523 529 2611 qui,
542 2524 665 2588 etiamsi
677 2546 729 2588 res
742 2546 873 2614 magnas
887 2525 1102 2612 praeclareque
1116 2537 1221 2612 gestas

159 2643 310 2695 canerent
327 2629 501 2717 praeclare,
524 2626 661 2692 deorum
678 2625 786 2693 tamen
805 2629 855 2692 usi
871 2629 960 2693 haud
976 2644 1062 2692 recte
1080 2628 1221 2692 fuissent

160 2735 355 2814 ministerio,
377 2735 436 2799 ubi
452 2736 595 2799 humana
612 2735 733 2798 virtute
752 2733 990 2822 prudentiaque
1009 2734 1091 2800 effici
1111 2735 1220 2798 omnia

158 2855 298 2926 possent.
318 2839 394 2922 Quo
411 2839 533 2905 lactum
552 2856 619 2922 est,
636 2856 674 2904 ut
689 2841 831 2906 carmina
849 2841 916 2905 veri
933 2841 1075 2905 nominis
1097 2842 1219 2928 epicaa

159 2946 322 3010 nonnullis
349 2968 386 3010 ea
404 2963 531 3010 tantum
546 2947 769 3022 haberentur,
786 2947 820 3008 in
837 2947 956 3034 quibus
975 2961 1098 3010 naturae
1121 2945 1218 3012 indu·

159 3067 310 3116 cerentur
325 3053 409 3116 ultra
426 3068 546 3118 sortem
563 3054 739 3120 humanam
756 3034 892 3135 erectas,
909 3068 942 3116 et
958 3075 1099 3141 quorum
1120 3051 1235 3141 argu?

158 3173 262 3221 menta
292 3157 413 3222 nisiex
431 3159 544 3223 ultima
571 3159 779 3248 antiquitate,
799 3158 849 3222 uti
871 3158 1000 3222 Miltoni
1024 3156 1216 3236 Paradisus,

159 3279 264 3328 umen
280 3286 319 3328 ex
333 3265 431 3352 paulo
445 3267 613 3330 remotiori
630 3281 740 3347 aetate,
758 3266 808 3330 uti
825 3265 980 3331 Christeis
994 3265 1216 3354 Klopstochii,

158 3369 254 3455 petita
269 3385 377 3433 essent
390 3392 398 3434 :
409 3369 571 3436 Voltarius
593 3388 707 3436 contra
728 3371 817 3436 haud
838 3387 924 3436 recte
942 3371 1090 3459 pluribus
1107 3371 1218 3436 iecisse

158 3473 338 3555 videretur,
367 3474 480 3563 quiin
503 3475 695 3540 Henriciade
719 3499 786 3542 suu
808 3477 893 3542 aetati
912 3477 1098 3566 propiorem
1119 3475 1219 3542 heroa

158 3581 345 3668 sumpsisset
362 3579 657 3648 celebrandum.--
667 3582 752 3646 Fieri
770 3582 910 3670 denique
922 3583 1047 3671 potuit,
1064 3599 1102 3647 ut
1113 3586 1218 3672 Argo-

158 3701 327 3752 nautarum
346 3686 470 3752 facinus
482 3709 553 3754 eam
564 3679 770 3776 potissimum
784 3688 827 3753 ob
843 3711 972 3754 causam
990 3688 1146 3778 deligeret
1156 3690 1218 3754 Va·

157 3791 253 3854 letius
275 3813 384 3874 meus,
411 3792 516 3880 quod,
532 3816 636 3881 quum
649 3794 829 3858 Varronem
855 3795 1028 3858 Atacinum
1051 3787 1215 3882 Apollonii

156 3897 285 3986 vestigia
299 3919 445 3986 premere
459 3899 559 3988 magis
580 3921 676 3986 quam
694 3901 786 3988 sequi
800 3899 945 3982 vidisset,
959 3901 1093 3966 liberius
1109 3900 1217 3963 mallet

156 4005 250 4090 genio
267 4003 435 4093 indulgere
461 4028 538 4080 suo,
564 4006 732 4093 Graecique
755 4022 859 4094 poetae
877 4007 974 4070 licere
1000 4007 1060 4070 sibi
1084 4022 1213 4093 putaret

156 4110 300 4195 quaedam
331 4111 507 4201 refingere,
534 4114 592 4177 alia
620 4112 760 4194 addere,
792 4113 976 4194 detrahere,
1004 4114 1214 4191 contrahere,

155 4213 254 4280 aliove
271 4216 370 4282 modo
385 4239 549 4283 exornare.
568 4219 643 4282 Non
665 4233 712 4283 est
727 4220 841 4308 igitur,
863 4219 952 4307 quod
971 4221 1060 4284 litem
1081 4239 1210 4282 movea-
