3198 5106
365 586 480 632 cuxxx
768 559 1025 634 PRAEFATIO

364 693 489 774 Quam,
499 715 602 782 quum
613 692 702 759 haud
712 693 807 783 longa
819 709 918 777 esset,
927 711 961 760 ct
972 711 1079 760 tamtm
1089 693 1131 759 ad
1143 695 1292 759 notitiam
1302 712 1335 760 et
1343 718 1430 760 corn·

362 797 602 862 mendationem
631 799 876 864 Burmannianae
897 799 1048 866 editionis
1071 797 1159 864 haud
1183 822 1299 888 parum
1323 800 1429 865 facere

362 905 443 968 mihi
456 905 636 988 rideremr,
653 905 688 969 in
700 908 844 997 margine
859 907 975 972 infimo
990 921 1135 996 repetere
1148 907 1270 996 placuit
1281 906 1340 996 (ι).
1353 909 1427 973 Illas

396 1131 434 1198 (t)
447 1131 473 1182 C.
492 1131 585 1181 Valerii
600 1134 686 1183 lllucci
702 1135 889 1201 Argonauticon
903 1133 958 1184 libri
978 1136 1058 1193 VIII,
1078 1143 1181 1182 curante
1196 1135 1247 1182 Pet.
1267 1135 1425 1190 Burmannc,

362 1220 445 1270 uida
461 1222 530 1286 apud
548 1222 656 1272 Samuel.
675 1222 838 1281 lucinium,
861 1226 946 1290 1724,
959 1221 1035 1285 iar-4,
1053 1221 1113 1271 mci.
1127 1220 1201 1286 Alpi.
1213 1216 1229 1270 5
1239 1257 1247 1284 ,
1259 1236 1325 1286 pag.
1336 1235 1378 1271 rat
1391 1247 1427 1258 -

362 1305 459 1358 Merite
468 1305 519 1360 tiri
531 1304 696 1360 celeberrimi
708 1306 777 1360 Petri
790 1306 936 1360 Burmanni
946 1305 976 1358 iu
989 1325 1046 1359 rem
1059 1305 1205 1360 literarium
1220 1315 1294 1358 tauta
1307 1315 1386 1369 sunt,
1397 1315 1427 1358 ut

360 1409 453 1444 omnes
465 1391 577 1455 eruditi,
588 1392 634 1463 qui
645 1390 726 1445 modo
736 1411 791 1446 non
803 1393 856 1445 sint
868 1390 903 1446 ad
913 1392 1113 1446 obscurissimas
1127 1404 1154 1446 ct
1164 1389 1337 1446 mercenarius
1349 1390 1426 1445 disci-

358 1477 444 1549 plinas
453 1481 577 1552 projecti,
590 1479 723 1547 habeant,
737 1480 809 1552 quod
819 1481 859 1534 illi
868 1494 1007 1552 acceptum
1017 1481 1087 1535 serre
1098 1478 1173 1534 haud
1184 1480 1304 1553 refugere
1317 1479 1425 1552 possint.

358 1567 424 1620 Eam
436 1581 524 1622 autem
536 1568 658 1641 inprimis
672 1581 790 1641 partcnm
801 1588 860 1643 quse
873 1570 901 1622 in
914 1568 1087 1624 emendandis
1098 1581 1125 1623 et
1142 1568 1303 1623 illustrandis
1316 1570 1426 1623 vetustis

358 1656 530 1728 scriptoribus
541 1667 678 1719 versetur,
691 1657 729 1711 ita
738 1657 842 1730 egregie
852 1657 975 1725 ornavit,
993 1669 1024 1710 nt
1037 1656 1089 1720 illi,
1101 1657 1148 1730 qui
1159 1655 1301 1722 Phaedrum
1312 1695 1320 1723 ,
1336 1658 1426 1711 Petro-

358 1741 449 1807 nium,
462 1743 615 1810 Velleinm,
630 1744 843 1810 Quintilianum,
864 1763 928 1800 cura
946 1746 1012 1799 tanti
1030 1744 1081 1800 viri
1098 1745 1244 1818 perpolitus
1264 1745 1307 1799 vel
1334 1746 1426 1798 leviter

357 1831 548 1896 tractaverint,
567 1831 710 1902 magnifica
731 1832 822 1902 omnia
842 1844 869 1886 et
891 1833 1018 1888 masciata
1038 1831 1163 1904 opinione
1180 1833 1337 1906 praecepturi
1356 1833 1426 1897 siut,

356 1918 466 1992 quaudo
485 1918 519 1973 de
538 1920 644 1974 Valerio
663 1922 773 1988 Flacco,
792 1939 854 1974 cum
875 1921 1103 1975 observationibus
1123 1922 1271 1976 Burmanni
1290 1923 1319 1976 iu
1339 1921 1425 1976 lucem

357 2007 466 2076 emmae,
485 2009 623 2081 accipient.
637 2009 788 2064 Irriteverat
798 2012 853 2083 jam
866 2009 929 2064 olim
942 2009 1100 2082 cupiditates
1113 2009 1255 2064 doctorum
1267 2010 1425 2074 hominum,

357 2117 441 2170 quum
454 2117 528 2170 spem
540 2099 640 2152 faceret
648 2099 736 2152 Flacci
749 2099 881 2171 prodituri
891 2109 917 2152 et
928 2098 1033 2154 Ovidii:
1044 2118 1117 2152 natac
1127 2118 1160 2153 eo
1170 2097 1305 2153 ardentius
1319 2109 1425 2171 exopta·

356 2187 424 2239 bunt
430 2185 557 2239 Ovidium
566 2188 657 2258 (quem
667 2197 697 2239 ut
706 2186 812 2240 aliunde
825 2188 998 2258 cognovimus
1011 2186 1045 2239 ed
1057 2185 1163 2240 Indices
1175 2205 1260 2258 nsque
1273 2187 1424 2240 absolutum

353 2275 409 2347 jam
422 2273 534 2345 habet),
549 2294 604 2348 quo
617 2276 701 2346 magis
713 2275 831 2348 peritiam
844 2277 878 2329 cl.
891 2276 1040 2329 Burmanni
1051 2289 1078 2329 et
1090 2275 1247 2328 modestiam
1256 2275 1284 2328 in
1296 2276 1426 2346 castigan-

358 2361 490 2436 dispoetis
501 2382 533 2418 ex
546 2363 587 2417 his
601 2363 629 2416 iu
647 2363 772 2418 Flaccum
789 2364 1019 2418 lucubrationibus
1036 2382 1178 2436 agnoscere
1196 2363 1266 2417 licet.
1283 2364 1351 2418 Sunt
1363 2365 1423 2436 qui·

356 2449 417 2506 dem
428 2452 518 2523 pauci,
529 2464 609 2523 atque
622 2451 641 2504 ii
651 2452 707 2506 fere
719 2452 928 2524 vitilitigatores,
944 2453 1042 2525 quihus
1052 2451 1087 2505 ad
1098 2450 1274 2524 judicandum
1282 2449 1357 2506 ardet
1366 2451 1424 2505 ani·

356 2559 428 2612 mus,
442 2539 643 2612 diligentissimo
656 2540 754 2612 cuique
768 2539 873 2604 infesti,
887 2541 936 2612 ipsi
950 2539 1038 2615 ignavi
1052 2552 1076 2594 et
1090 2538 1231 2606 socordes,
1250 2540 1298 2611 qui
1313 2551 1425 2593 conatus

353 2628 562 2682 Burmannienos
580 2639 606 2682 et
623 2629 701 2681 utiles
714 2628 817 2682 labores
835 2629 959 2683 allatrare
978 2630 1037 2682 ausi
1051 2641 1130 2682 sunt:
1149 2628 1217 2681 nihil
1234 2639 1323 2680 nmen
1336 2627 1425 2682 adhuc

355 2717 433 2770 sumre
443 2716 537 2790 optimi
546 2717 596 2770 viri
605 2715 677 2789 apud
694 2715 791 2771 harum
804 2735 893 2769 rerum
911 2722 1008 2788 peritos
1021 2716 1204 2771 detraxerunt.
1220 2716 1313 2788 Neque
1326 2716 1423 2770 mirum
1513 2747 1519 2760 ·

355 2804 409 2858 hoc
422 2805 450 2858 in
462 2806 508 2860 tali
521 2805 613 2858 critico
626 2803 710 2858 rideri
722 2801 816 2870 debet3
834 2823 919 2876 quum
928 2824 1020 2859 omnes
1030 2842 1038 2869 ,
1047 2805 1094 2877 qui
1107 2805 1136 2860 iu
1148 2805 1195 2857 iste
1206 2815 1262 2857 arte
1270 2803 1304 2857 ed
1316 2804 1424 2877 aliquod

354 2911 453 2947 nomen
475 2893 574 2966 ingenii
596 2906 790 2965 pervenerunt,
814 2891 953 2946 malevolis
969 2892 1077 2966 judiciis
1095 2893 1205 2946 obnoxii
1226 2893 1332 2946 interint.
1352 2893 1423 2948 Etsi

357 2982 471 3035 maxime
483 2981 608 3035 virtutem
619 2994 772 3053 presentem
784 2980 871 3035 odisse
880 2981 1122 3056 perganthomines
1136 2981 1205 3034 male
1220 2980 1321 3042 feriati,
1336 2993 1424 3054 poste·

357 3069 420 3122 ritas
431 3081 519 3122 tamen
531 3069 569 3121 illi
580 3088 658 3122 snum
671 3068 751 3122 decus
763 3067 899 3140 rependet.
910 3070 996 3121 Erunt
1006 3069 1087 3126 etiam
1101 3066 1258 3140 aliquando,
1268 3069 1333 3141 qni,
1351 3068 1424 3141 qnod

358 3157 527 3210 Burmannus
538 3157 604 3210 viris
614 3156 765 3210 clarissimis
773 3157 878 3210 Granio
889 3169 968 3229 atque
977 3156 1159 3210 Brouclthusio
1171 3145 1300 3229 praestitit,
1309 3175 1424 3228 quorum

356 3245 433 3297 famu
444 3243 570 3298 acerrime
580 3242 728 3309 consuluit,
739 3243 892 3297 Burmanno
902 3243 993 3296 itidem
1006 3253 1143 3316 praestent,
1153 3242 1309 3315 debitasque
1318 3243 1357 3295 illi
1368 3244 1424 3296 lau-

358 3332 406 3387 des
418 3331 561 3388 vindicent.
579 3331 631 3386 Sed
642 3330 677 3388 ad
687 3331 821 3386 Valerium
835 3333 960 3386 Flaccum
970 3346 1002 3386 ut
1013 3344 1186 3399 revertamur,
1202 3351 1256 3386 non
1270 3332 1315 3385 ille
1324 3331 1352 3386 in
1361 3332 1424 3384 ulti·

356 3423 405 3476 mis
427 3421 549 3476 laudibus
564 3419 768 3474 Burmannianis
787 3421 925 3493 ponendus
945 3421 1002 3474 erit.
1020 3421 1122 3492 Dignus
1141 3432 1199 3478 erat
1218 3421 1264 3474 tali
1282 3422 1424 3493 interprete

359 3521 444 3575 vates,
464 3522 491 3563 et
502 3509 530 3560 iu
544 3526 623 3580 quem
633 3526 688 3561 non
698 3505 827 3562 incideret
839 3509 992 3563 subitaneus
1001 3507 1108 3580 quidm
1118 3522 1146 3562 et
1154 3508 1339 3562 tumultuarius
1350 3519 1423 3562 note·

360 3616 420 3652 rum
436 3595 645 3651 consarcinator.
662 3597 722 3649 Jam
741 3615 811 3650 anuo
830 3615 897 3668 ¹7⁰²
913 3596 1074 3651 satisfecerat
1089 3615 1121 3650 cx
1138 3609 1212 3669 parte
1223 3597 1294 3650 votis
1307 3596 1423 3650 erudito·

359 3705 434 3751 rum,
456 3703 539 3758 quum
557 3685 616 3738 Nic.
639 3683 742 3738 Heinsii
767 3685 795 3737 in
817 3684 942 3738 Flaccum
969 3684 1231 3750 Animadversiones,
1254 3703 1285 3738 ex
1309 3683 1423 3736 tenebris

356 3783 445 3828 erutas
458 3771 674 3827 communicaret.
686 3771 739 3826 Sed
756 3790 843 3844 neque
855 3771 991 3835 Heinsius,
1010 3791 1098 3845 neque
1114 3772 1243 3826 infaustus
1258 3771 1303 3824 ille
1321 3769 1422 3843 plagia-

356 3865 412 3918 rius
422 3860 552 3927 Alardus,
567 3859 644 3914 etiarn
661 3862 803 3928 carrione,
817 3862 938 3916 Wcitaio
954 3873 982 3914 et
999 3860 1088 3914 Bnlrso
1104 3863 1229 3934 stipatus,
1245 3877 1337 3914 omnes
1350 3859 1422 3914 labes

355 3950 534 4010 deterserant:
550 3949 635 4002 multo
651 3950 739 4002 minus
757 3949 883 4003 omnibns
904 3947 970 4003 locis
988 3947 1088 4016 lucem,
1105 3965 1158 4021 qna
1175 3948 1267 4020 egebat
1285 3947 1422 4013 Valerius,

355 4035 516 4092 alluderent.
533 4037 617 4089 Multa
634 4037 725 4110 itaque
745 4037 837 4090 relicta
857 4048 933 4090 erant
948 4034 1131 4100 emendenda,
1149 4036 1225 4110 plura
1243 4033 1419 4100 illustranda,
1500 4027 1503 4034 ’

355 4129 383 4180 iu
400 4125 497 4197 quibus
517 4125 654 4196 ingenium
673 4144 749 4179 suum
770 4144 891 4179 exercere
918 4135 1023 4196 poterat
1047 4118 1080 4177 cl.
1098 4123 1275 4178 Burmannus.
1298 4123 1347 4176 llic
1373 4125 1421 4176 etsi

355 4235 405 4289 pro
423 4213 528 4269 diutino
545 4233 595 4267 usn
613 4225 640 4266 et
657 4215 736 4268 multa
751 4225 890 4286 poetarmn
906 4212 1032 4280 lectione,
1050 4211 1176 4267 audacius
1196 4231 1337 4266 censuram
1360 4231 1420 4284 per-

358 4321 435 4374 agere
452 4304 581 4376 potuisset
590 4321 604 4368 ;v
615 4301 804 4357 modestissime
816 4313 905 4355 tamen
919 4319 974 4354 sese
987 4303 1081 4372 gessit,
1097 4313 1123 4358 et
1138 4301 1225 4356 omnia
1244 4301 1314 4355 canti
1329 4312 1355 4354 et
1369 4300 1420 4354 uir-
