3122 5126
365 538 438 584 uu
511 516 1286 588 EXPEDITIONISARGONAUTICAE

363 645 410 708 ire
423 644 457 708 in
473 646 661 710 ulteriorem
677 647 828 711 torrentis
845 647 948 734 ripam
959 647 1060 730 velle,
1074 648 1189 713 timere
1204 664 1311 713 tamen
1329 649 1432 714 simu-

362 751 458 818 labat.
473 751 552 816 Eam
565 753 581 817 J
583 775 661 818 ason
674 753 819 818 humeris
831 769 993 843 acceptam
1007 755 1198 838 transvexit,
1210 756 1311 820 altero
1324 758 1432 822 calceo

362 857 424 922 sub
448 859 599 922 torrentis
623 877 712 924 ceno
735 859 865 942 relicto,
881 859 994 948 sicque
1016 859 1058 924 ad
1080 861 1201 925 Peliam
1224 883 1259 926 sa
1281 863 1429 928 eontulit.

365 965 473 1048 Quem
498 988 600 1054 quum
616 989 672 1030 rex
687 965 820 1031 vidisset
828 1014 839 1047 ,
863 967 986 1032 oraculi
1001 989 1137 1050 memor,
1154 969 1265 1033 animo
1290 970 1432 1058 cogitare

363 1073 480 1163 coepit,
497 1095 563 1160 quo
580 1087 676 1160 pacto
694 1088 834 1138 mortem
853 1074 898 1138 illi
916 1074 1096 1138 moliretur.
1114 1074 1293 1163 Quumque
1308 1056 1429 1139 intelli-

362 1193 452 1268 geret
463 1179 584 1242 nullam
600 1200 638 1242 ea
654 1194 844 1269 tempestate
858 1203 927 1245 rem
941 1201 1011 1245 esse
1024 1180 1154 1260 majoris
1166 1181 1319 1269 periculi,
1331 1203 1430 1269 quam

362 1284 463 1348 vellus
478 1305 631 1364 aureum,
652 1283 744 1371 quod
758 1284 793 1348 in
810 1284 932 1374 templo
949 1284 1062 1348 Martis
1080 1284 1168 1373 apud
1184 1285 1323 1350 Colchos
1342 1301 1430 1368 etat,

362 1389 473 1479 nepoti
499 1389 678 1478 persuasit,
694 1406 733 1455 ut
758 1389 799 1454 ad
828 1391 861 1454 id
887 1389 1078 1479 rapiendum
1099 1414 1139 1456 eo
1162 1391 1430 1480 proficisceretur,

360 1495 515 1560 auxilium
525 1518 669 1584 opesque
681 1519 753 1560 suas
763 1496 935 1585 pollicitus.
946 1498 1008 1562 Cui
1017 1521 1121 1586 quum
1128 1499 1223 1563 lason
1233 1498 1430 1580 assensisset,

361 1625 477 1666 navem
488 1601 584 1683 jussit
599 1601 748 1667 fabricari
760 1603 931 1690 gracilibus
942 1604 1049 1685 claris,
1059 1621 1097 1668 ut
1112 1605 1224 1669 scribit
1231 1603 1429 1693 Timagetus,

362 1731 429 1796 quo
440 1707 592 1773 citissime
607 1707 847 1790 dissolveretur,
859 1732 1039 1798 omnesque
1053 1710 1086 1774 in
1100 1711 1180 1774 mari
1192 1709 1352 1797 perderet.
1364 1711 1433 1774 Cae·

361 1831 468 1878 terum
490 1813 684 1879 architectus
701 1816 900 1880 contrarium
919 1817 1014 1900 fecit,
1034 1818 1126 1897 cujus
1145 1817 1192 1880 rei
1214 1815 1277 1881 fide
1301 1832 1432 1904 accepta

360 1922 497 1984 Acastus
520 1942 596 1983 cum
610 1921 807 2009 Argonautis
825 1921 992 2011 navigavit.
1019 1922 1080 1986 Alii
1103 1937 1211 1988 tamen
1235 1921 1349 2010 dicunt
1369 1922 1431 1986 Mi·

361 2047 467 2090 nerrae
477 2025 635 2089 industria
646 2025 687 2089 ab
696 2029 782 2116 Argo
793 2028 951 2092 Arestoris
967 2027 1033 2092 filio
1045 2029 1323 2118 compaginatam,
1336 2028 1432 2114 eique

360 2129 451 2194 naris
477 2128 687 2193 resarciendae
707 2129 909 2217 provinciam
927 2131 1121 2213 injunctam,
1144 2148 1242 2220 atque
1269 2131 1309 2206 de
1328 2132 1444 2221 ipsius¹

363 2235 498 2298 nomine
525 2239 611 2324 Argo
636 2233 735 2298 firisse
756 2233 885 2300 dictam.
916 2237 1117 2326 Pherecydes
1146 2254 1254 2304 tamen
1280 2238 1320 2302 ab
1343 2239 1432 2328 Argo

360 2343 481 2434 Phryxi
498 2339 565 2404 filio
582 2358 727 2405 vocatam
748 2341 848 2406 luisse
863 2342 959 2426 dicit,
979 2345 1031 2408 alii
1049 2368 1067 2408 a
1087 2344 1267 2409 velocitate.
1285 2345 1362 2408 Fuit
1377 2367 1433 2408 au·

351 2437 425 2514 'tem
440 2447 558 2514 vocalis
571 2463 603 2512 et
615 2447 761 2512 fatidica:
776 2469 850 2512 nam
860 2449 1007 2512 Minerva
1019 2449 1145 2538 lignum
1158 2450 1191 2513 in
1209 2472 1245 2514 ea
1257 2473 1296 2514 ex
1307 2473 1432 2538 quercu

361 2551 520 2618 Dodones
534 2549 621 2634 fixit,
640 2568 677 2615 ut
689 2540 897 2640 Apollonius,
908 2553 991 2621 libro
1004 2553 1038 2638 I,
1051 2553 1223 2618 fabulatur.
1236 2554 1350 2620 Postea
1363 2555 1433 2620 haec

361 2659 449 2726 navis
466 2659 510 2723 ob
527 2658 717 2723 memoriam
728 2659 814 2722 inter
830 2658 935 2722 sidera
950 2659 1063 2722 collata
1079 2658 1208 2724 dicitur.

626 2875 672 2939 De
682 2879 947 2963 Argonautarum
952 2874 1158 2964 prestatione.

406 3085 503 3170 lason
519 3082 705 3169 principum
721 3083 850 3147 Graeciae
861 3067 1031 3160 juventute
1050 3083 1184 3146 collecta
1200 3083 1268 3170 ipse
1284 3086 1432 3149 omnium

362 3187 446 3269 dux,
456 3203 494 3252 ut
500 3188 709 3275 Apollonius,
721 3187 890 3276 Orpheus,
904 3204 936 3252 et
946 3188 1093 3254 Valerius
1107 3189 1432 3277 testantur(quamvis
1535 3235 1539 3242 -

362 3294 528 3360 Diodorus
541 3292 662 3379 aliter),
679 3293 827 3382 navigare
843 3295 955 3384 coepit,
979 3296 1106 3361 solvens
1124 3321 1163 3362 ex
1179 3298 1323 3387 Pegasis,
1341 3299 1434 3386 quod

362 3397 535 3488 Magnesiae
558 3415 607 3462 est
627 3400 908 3486 promontorium,
921 3399 1046 3466 dictum
1065 3413 1171 3466 ἀπὸτοῦ
1187 3416 1375 3483 ικιῖπιπῆχοαι
1386 3417 1431 3469 etv

363 3507 444 3586 Λργώ·
468 3505 635 3570 Demetrio
657 3527 735 3569 rero
759 3505 908 3594 Scepsio,
924 3507 965 3571 ab
989 3529 1029 3571 eo
1046 3508 1136 3596 quod
1154 3511 1265 3574 multis
1284 3511 1433 3576 fontibus

361 3611 522 3700 irrigatur.
547 3614 654 3700 Atque
678 3611 721 3676 ad
739 3613 886 3678 Lemnon
903 3613 1045 3702 primum
1064 3617 1234 3705 applicuit,
1259 3617 1316 3680 ubi
1334 3619 1432 3705 paulo

361 3733 435 3782 ante
450 3717 592 3782 Lemniae
608 3717 757 3782 mulieres
779 3718 865 3782 viros
880 3741 995 3784 omnes
1016 3719 1152 3808 (praeter
1167 3723 1350 3786 Thoantem
1381 3743 1432 3786 re·

363 3845 454 3910 gem,
476 3845 495 3888 a
517 3846 585 3911 quo
607 3823 784 3914 Hypsipyle
813 3824 877 3888 lilia
906 3845 1021 3890 manus
1045 3827 1261 3917 abstinuerat)
1291 3827 1433 3893 interne·

361 3928 457 3994 oione
474 3915 683 4012 sustulerant,
698 3951 738 3994 eo
761 3930 852 4017 quod
869 3931 915 3996 illi
941 3955 1059 3997 uxores
1084 3935 1237 4017 aversati,
1253 3950 1292 3998 ut
1319 3934 1361 3998 ab
1384 3936 1431 4000 eis

364 4032 585 4116 discederent,
610 4035 732 4100 bellum
749 4035 929 4120 Thracibus
945 4038 1137 4121 intulerant,
1159 4039 1235 4127 quia
1251 4041 1429 4128 pessimum

364 4161 476 4214 earum
509 4139 699 4221 odorem,a
725 4143 852 4206 Venere
877 4145 1049 4227 injectum,
1074 4145 1158 4208 serre
1190 4167 1257 4209 non
1287 4163 1430 4235 possent.

364 4245 515 4338 Myrtilus
542 4263 649 4312 tamen
668 4247 813 4312 secundo
830 4249 1058 4314 Lesbiacorum
1082 4251 1192 4314 aliter:
1211 4251 1325 4318 scribit
1342 4253 1429 4316 eninr
