3192 5128
636 811 779 896 JusTl
810 807 1147 882 ZINZERLINGI

688 1015 1099 1156 ursicino

412 1290 593 1340 aestuoso
625 1289 667 1336 ΕΤ
696 1285 919 1335 uourntssfflo
945 1283 1090 1346 suum,
1120 1283 1179 1332 DN·
1206 1243 1378 1334 MA'H'HIAEJ

463 1427 657 1476 STEINPACH
691 1427 715 1472 t
747 1424 965 1487 srsmrscn,
994 1421 1167 1470 DYNASTAE
1196 1423 1234 1472 11t
1267 1425 1379 1470 1²!le-

460 1565 556 1614 BURG
581 1565 624 1610 ET
648 1561 847 1627 tunsurus,
870 1561 991 1622 rQutrt
1023 1561 1183 1610 sonmo,

714 1816 1081 1848 *—

366 2024 655 2136 Asconsnrsruu
674 2055 931 2144 expeditionem,
948 2078 1104 2146 generose
1117 2071 1150 2121 et
1166 2055 1364 2122 nobilissime
1377 2057 1431 2136 ju·

363 2159 464 2240 venis,
480 2174 594 2247 typum
610 2156 886 2247 peregrinantium
903 2157 1053 2221 exhibere
1070 2179 1138 2221 non
1156 2158 1266 2247 inepte
1281 2157 1361 2222 mihi
1378 2156 1428 2220 di·

365 2287 438 2328 cere
455 2285 551 2352 posse
563 2260 686 2326 videor.
700 2261 823 2325 Heroes
836 2261 896 2344 illi,
911 2265 1126 2356 magnamque
1136 2279 1260 2352 partem
1277 2261 1326 2326 dis
1343 2261 1429 2344 nati,

365 2369 512 2457 adeoque
535 2367 704 2432 lectissima
724 2366 878 2447 juventus
898 2367 1000 2432 exisse
1021 2368 1216 2434 scribuntur.
1244 2368 1320 2434 Non
1338 2368 1431 2432 aliter

367 2477 491 2566 magnis
508 2475 583 2539 viris
600 2475 735 2538 caelestia
751 2475 881 2564 ingenia
895 2476 977 2557 visa,
996 2475 1053 2563 qui
1069 2476 1182 2540 caelum
1203 2475 1383 2558 imitantur,
1398 2490 1431 2538 et

367 2598 462 2646 motu
477 2579 542 2644 hoc
564 2579 626 2644 sub
642 2603 709 2643 non
730 2603 798 2644 uno
816 2581 892 2644 caelo
910 2579 1075 2670 gaudent:
1095 2581 1144 2644 uti
1160 2597 1273 2646 contra
1292 2579 1431 2643 humiles

367 2704 400 2752 et
413 2704 547 2750 terrenae
563 2685 698 2766 animae,
710 2707 781 2772 qnae
796 2685 827 2747 vi
843 2707 900 2749 sua
912 2701 1052 2767 stantes,
1065 2701 1099 2749 et
1113 2687 1213 2752 veluti
1229 2685 1341 2749 innato
1352 2707 1433 2772 pon·

368 2792 444 2857 dere
460 2811 595 2880 preesse,
613 2806 705 2855 terrae
722 2791 869 2881 genitrici
887 2791 1022 2856 haerent.
1044 2791 1155 2856 Nostri
1171 2792 1288 2856 heroes
1306 2789 1354 2856 dis
1373 2811 1432 2854 au·

368 2897 510 2985 spicibus
532 2895 668 2984 profecti
687 2919 754 2961 non
772 2896 863 2960 ibant
879 2911 918 2960 ut
936 2896 1038 2978 irent,
1055 2894 1113 2960 sed
1127 2911 1166 2960 ut
1182 2897 1282 2961 vellus
1298 2917 1431 2960 aureum

368 3003 402 3064 in
422 3003 558 3091 patriam
575 3003 744 3090 referrent.
764 3001 831 3083 Qui
847 3001 1072 3092 peregrinatur
1085 3001 1176 3090 parili
1191 3001 1309 3082 modo,
1322 3001 1433 3065 aeterni

370 3107 514 3171 numinis
538 3105 681 3196 auspicio
703 3105 874 3169 itineribus
892 3107 1027 3188 institis,
1044 3105 1077 3168 id
1092 3128 1160 3168 non
1177 3105 1268 3181 facit,
1285 3122 1322 3168 ut
1339 3127 1434 3194 pere·

371 3213 529 3302 grinetur,
551 3211 609 3275 sed
632 3201 827 3299 ut‘eognitis
854 3211 1026 3274 hominurn
1054 3210 1200 3274 moribus
1220 3225 1253 3276 et
1276 3210 1433 3292 urbibus,

369 3340 479 3384 rerum
495 3339 592 3385 usum
606 3339 781 3404 veramque
798 3315 1002 3406 prudentiam
1024 3315 1177 3404 adeptus,
1196 3315 1322 3406 linguas
1336 3316 1434 3380 etiam

371 3423 510 3504 exoticas
532 3421 668 3486 edoctus
688 3421 743 3510 (et
762 3445 844 3511 quos
860 3423 938 3487 alios
957 3421 1037 3486 fines
1058 3421 1282 3513 particulares,
1296 3421 1348 3485 alii
1372 3419 1434 3485 sibi

370 3527 555 3619 propositos
571 3527 690 3591 habere
703 3527 863 3615 possunt)
876 3575 885 3609 ,
896 3551 935 3592 eo
948 3527 1049 3592 veluti
1059 3549 1158 3591 aureo
1168 3528 1285 3592 vellere
1298 3527 1435 3616 patriam

371 3655 518 3696 reversus
532 3631 621 3697 ditet.
644 3630 747 3696 Iidem
762 3633 916 3696 Semones
936 3653 994 3720 per
1014 3633 1119 3695 varios
1136 3653 1242 3714 casus,
1259 3637 1435 3720 rerumque

373 3736 559 3820 discrimina
574 3735 697 3804 infinita
714 3737 919 3802 ferebantur:
936 3739 1079 3826 Cyaneas
1093 3737 1223 3826 Scyllaea
1237 3737 1325 3800 rabie
1335 3735 1435 3801 saxis·

374 3863 439 3933 que
450 3842 619 3935 Cyclopeis
636 3841 818 3906 infestiores
835 3841 1030 3931 superandas
1043 3841 1207 3906 habebant
1219 3865 1227 3906 :
1238 3863 1312 3905 cum
1332 3842 1435 3907 crudo

375 3949 509 4034 Amyco,
526 3970 599 4012 cum
618 3947 765 4036 Harpyiis
781 3946 1036 4036 depugnandum
1057 3963 1144 4012 erat:
1162 3969 1322 4011 remoram
1339 3947 1436 4012 luxus

373 4067 406 4130 et
433 4050 552 4118 delicioe
573 4052 687 4116 Lemni
712 4053 744 4114 in
776 4049 885 4115 medio
907 4074 1004 4117 cursu
1030 4052 1238 4133 injiciebant:
1257 4051 1375 4116 Idmon
1403 4066 1436 4114 et

375 4158 496 4249 Tiphys
508 4157 624 4246 aliquis
638 4158 672 4221 in
690 4156 740 4220 itu
757 4156 941 4247 perdendus
956 4158 1040 4222 fuit:
1059 4159 1160 4246 quin,
1183 4175 1222 4223 ut
1235 4159 1338 4223 multa
1352 4181 1434 4248 prae-

372 4279 508 4346 teream,
529 4263 620 4344 juxta
640 4261 742 4326 vellus
762 4284 896 4327 aureum
919 4262 1059 4330 venefica
1079 4264 1216 4349 Medea,
1231 4264 1348 4330 domus
1369 4285 1435 4328 sure
