3198 5106
337 597 338 600 ¹
372 583 477 630 otvttr
641 563 826 632 dentur
857 561 1133 632 BURMANNI

333 731 334 738 ι
371 705 564 781 spumantem
579 691 707 757 dederit
722 716 730 758 ι
747 717 788 758 an
810 695 974 760 Carrionis
991 715 1122 773 manus,
1138 713 1181 755 an
1199 713 1440 779 operarum-er·

370 798 505 880 raverit,
525 799 644 864 nescio.
655 799 739 864 Vide
753 817 786 866 et
799 801 840 866 ad
854 802 911 866 lib.
920 802 975 881 VI,
993 801 1069 887 647,
1083 814 1116 862 et
1129 795 1205 860 alibi
1218 797 1253 860 in
1266 797 1376 863 notis

414 905 507 970 Hanc
528 927 606 970 vero
628 907 803 996 Eugentini
826 908 1006 973 editionem
1029 905 1159 994 sequuti
1179 920 1257 968 sunt
1281 912 1348 970 κατὰ
1367 911 1439 970 πόδα

330 1027 332 1034 ·
370 1009 531 1080 Colinaeus
554 1012 589 1076 Α.
611 1009 710 1094 1531,
735 1029 768 1077 et
790 1014 955 1102 Gryphius
974 1009 1057 1089 1545
1076 1025 1109 1074 et
1129 1007 1225 1088 1548.
1241 1009 1378 1109 Grypbii
1396 1033 1437 1073 an

372 1114 505 1180 diversae
520 1115 602 1198 sint,
616 1139 658 1182 an
674 1135 801 1184 mutato
817 1120 914 1184 titulo
928 1118 1040 1184 eadem
1058 1118 1101 1181 sit
1118 1131 1274 1204 utraque,
1287 1116 1342 1180 rix
1357 1113 1439 1180 defi·

332 1245 335 1254 ¹
371 1221 441 1284 nire
452 1243 601 1309 possum3
615 1223 843 1314 Lugdunensis
861 1226 995 1289 nomine
1009 1222 1127 1313 passim
1143 1221 1290 1286 Carrioni
1301 1221 1439 1310 insigni·

331 1367 332 1370 =
369 1341 435 1391 tur.
452 1327 534 1410 Sed,
556 1329 647 1416 quod
659 1329 839 1408 dicendum
856 1331 954 1397 semel
967 1345 1035 1410 est,
1053 1328 1164 1392 mirari
1180 1349 1262 1416 saepe
1279 1328 1367 1391 soleo
1385 1328 1438 1392 in-

370 1433 491 1497 saniam
508 1451 548 1498 et
559 1435 737 1499 furorem
727 1437 954 1525 imperitorum
981 1451 1016 1499 et
1039 1433 1265 1514 indoctorum,
1291 1433 1438 1521 quisine

371 1538 439 1602 ιιΙΙο
456 1538 643 1604 discrimine
666 1563 779 1606 omnes
792 1539 893 1605 libros
908 1541 949 1605 ab
961 1539 1045 1604 Aldo
1053 1539 1257 1628 ,Stephano,
1275 1539 1436 1621 Coliuaeo,

370 1641 520 1730 Grypbio
536 1660 569 1708 et
588 1645 747 1710 similibus
767 1666 924 1728 excusos,
943 1645 1054 1710 venari
1077 1660 1111 1709 et
1131 1643 1237 1733 pretio
1254 1642 1437 1708 immodico
1457 1681 1458 1686 κ

324 1771 329 1782 “
370 1769 477 1811 emere
493 1765 559 1812 tam
576 1751 721 1815 animose
737 1751 858 1832 solent,
873 1771 910 1814 ac
925 1750 953 1814 si
973 1749 1080 1814 omnis
1096 1750 1246 1814 bumana
1262 1747 1438 1836 disciplinas

258 1855 262 1864 '
369 1868 403 1916 et
419 1852 609 1919 eruditionis
625 1856 763 1920 formose
781 1856 848 1920 siue
862 1871 970 1920 essent
985 1856 1019 1919 in
1037 1854 1241 1943 possessione
1258 1854 1370 1919 ulium
1385 1875 1439 1918 oo-

370 1956 499 2040 dicum,
519 1979 601 2047 quos
618 1982 788 2052 nunquam
804 1975 961 2042 tractam,
980 1975 1014 2024 et
1029 1981 1171 2048 quorum
1187 1958 1228 2022 dc
1243 1959 1348 2047 pretio
1361 1980 1439 2023 vero

371 2062 454 2127 nihil
465 2062 737 2129 bibliothecarum
749 2065 892 2129 dominis
904 2080 1040 2130 constat.
1055 2063 1187 2128 Aldinae
1200 2063 1359 2129 editiones
1371 2087 1438 2128 non

370 2191 486 2233 omnes
503 2192 572 2233 uno
592 2170 709 2235 ordine
727 2194 796 2236 esse
812 2169 978 2236 habendas
993 2169 1215 2259 deprebendi3
1234 2185 1312 2234 sunt
1332 2171 1438 2252 enim,

371 2292 452 2362 quas
469 2295 555 2337 oassa
574 2296 659 2338 nuce
677 2297 745 2339 non
761 2295 883 2356 emam,
900 2291 932 2338 et
948 2297 1020 2360 quse
1039 2289 1163 2337 scatent
1176 2274 1280 2355 vitiis,
1304 2297 1343 2338 ex
1366 2297 1438 2338 cor-

370 2395 536 2442 rectorum
567 2380 761 2469 negligentia
785 2395 818 2443 et
845 2377 977 2444 audacia
1004 2378 1107 2443 ortis:
1133 2376 1277 2442 fervebat
1301 2380 1437 2466 praelum

371 2483 525 2548 Aldinum
543 2486 695 2567 maxime,
708 2501 741 2549 et
753 2485 900 2573 undique
913 2500 1126 2564 correctores,
1143 2499 1234 2573 aptos
1249 2500 1281 2548 et
1291 2484 1436 2573 ineptos,

371 2590 485 2656 doctos
500 2609 533 2657 et
547 2592 697 2659 indoctos
716 2593 930 2682 conquirebat
945 2594 996 2658 vir
1014 2591 1190 2674 industria,
1213 2591 1240 2656 si
1254 2592 1437 2680 quisalius,

370 2696 524 2786 insignis3
541 2697 599 2763 sed
610 2698 645 2763 id
660 2700 757 2764 unice
771 2698 939 2782 studebat,
951 2716 989 2762 ut
1003 2697 1068 2762 cito
1080 2714 1112 2762 et
1125 2713 1338 2787 properanter
1347 2698 1437 2780 libri,

371 2819 405 2868 et
430 2803 527 2868 simul
551 2827 667 2894 magna
692 2805 923 2894 exemplarium
945 2804 1037 2892 copia
1054 2792 1307 2868 'excuderentur
1335 2803 1438 2868 Dictis

371 2905 470 2972 fidem
486 2909 606 2973 facient
624 2909 696 2992 illa,
710 2909 838 2998 quade
853 2933 989 2974 suorum
1003 2908 1191 2998 adagiorum
1207 2907 1349 2972 editione
1363 2933 1438 2974 nar·

371 3030 423 3078 rat
435 3015 589 3078 Erasmus
606 3015 641 3078 in
662 3015 857 3103 proverbio,
874 3017 1001 3080 Festina
1018 3013 1109 3080 lente.
1129 3015 1170 3078 Et
1186 3013 1264 3079 bino
1279 3015 1439 3104 praecipue

372 3134 539 3203 auctores,
559 3142 642 3207 quos
658 3120 782 3209 primus
800 3121 913 3185 eMSS
933 3119 1069 3202 edebat,
1089 3119 1344 3208 depravatissimi
1361 3143 1438 3209 pro·

370 3225 521 3291 dierunt:
537 3227 631 3315 quia,
646 3225 806 3316 quidquid
820 3249 887 3292 non
901 3227 1125 3316 intelligebant
1137 3243 1352 3308 comestores,
1363 3251 1438 3291 mu·

372 3328 504 3410 tabant3
522 3333 550 3395 si
572 3330 653 3418 quid
668 3353 746 3395 vero
762 3347 856 3396 antea
871 3333 1066 3420 impressum
1085 3331 1209 3413 firerat,
1226 3331 1438 3395 consulebant

372 3458 475 3525 saepe,
498 3437 525 3500 si
540 3437 644 3500 otium
665 3454 767 3520 esset,
790 3439 914 3526 priores
932 3439 1144 3526 interpretes,
1165 3453 1198 3503 et
1214 3459 1313 3501 coecos
1337 3435 1437 3500 duces

372 3565 439 3606 non
464 3541 565 3630 magis
589 3541 724 3606 oculato
749 3542 971 3631 sequebantur
996 3565 1103 3632 operae
1128 3542 1351 3622 mercenariae,
1364 3563 1439 3629 quaa

371 3648 456 3711 ultra
475 3645 637 3736 crepidam
659 3647 804 3728 judicare
827 3671 894 3712 non
913 3665 1063 3737 poterant
1088 3646 1176 3736 (ut
1167 3648 1274 3736 inquit
1297 3647 1373 3710 Pius
1396 3644 1438 3709 ad

370 3747 426 3816 lib.
440 3753 488 3816 ΙΙΙ
498 3735 620 3840 ,plo),
634 3768 667 3816 et
681 3775 743 3841 pro
754 3753 887 3817 arbitrio
903 3753 1145 3818 constituebant
1156 3752 1254 3818 verba
1266 3767 1437 3815 auctorum

373 3879 413 3921 ex
426 3879 483 3920 sua
497 3859 667 3923 sententia.
685 3859 769 3922 Hinc
785 3859 1063 3946 frequentissime,
1079 3857 1226 3923 sinodus
1242 3855 1371 3925 vindice
1389 3855 1438 3919 di·

372 3983 457 4050 gnus
477 3963 511 4026 in
530 3963 727 4052 depravatis,
740 3981 779 4028 ut
801 3965 868 4028 fere
890 3987 1004 4030 omnes
1027 3982 1105 4029 sunt
1126 3964 1238 4053 primm
1262 3960 1433 4042 editiones,

372 4067 538 4132 codicibus
553 4068 731 4152 incidebat,
744 4069 898 4135 audacter
911 4071 1100 4151 mutabant,
1115 4069 1317 4148 recidebant,
1332 4069 1437 4131 intru-

374 4173 494 4238 debant
510 4189 576 4238 non
590 4177 708 4255 verba,
724 4175 782 4238 sed
801 4199 884 4264 saepe
899 4199 1010 4241 versus
1026 4177 1178 4264 integros.
1198 4175 1327 4257 Quare,
1353 4197 1436 4260 quo·

373 4280 574 4367 tiescumque
585 4280 645 4348 viri
661 4279 765 4362 docti,
784 4297 821 4346 ut
836 4281 1039 4370 Naugerius,
1058 4302 1190 4369 operam
1206 4277 1288 4344 Aldo
1304 4276 1435 4344 addice·
