3122 5126
276 501 462 574 AEGIDII
486 504 699 576 MASERII
724 509 779 578 IN
803 508 999 580 ARGON.
1069 533 1177 602 ,xxvn
1277 501 1279 508 ¹

91 631 214 721 spiritu
236 631 395 713 juvamus
421 633 627 716 tenuissimo,
654 650 687 699 et
704 622 816 723 primis
840 636 989 724 palmulis
1011 639 1176 728 impellere

95 759 276 820 conamur,
291 738 463 802 nauticum
476 737 655 804 miserabile
668 739 842 828 vagientes.
856 741 925 806 Nec
936 765 1027 808 mora
1040 743 1177 832 pedibus
1210 727 1214 736 ¹

96 845 185 908 inter
197 841 385 907 natandum
396 843 478 923 ulla,
496 865 563 908 non
577 866 679 932 pausa
694 844 863 926 manibns,
882 869 950 911 non
967 851 1096 936 requies
1108 851 1178 916 bra·

98 949 218 1014 chiolis
231 965 420 1037 praestatur.
438 948 501 1014 Hic
515 971 640 1017 annum
659 950 730 1032 vix,
749 965 807 1014 aut
819 949 907 1016 diem
923 975 1028 1017 unum
1048 956 1178 1046 naviga·

100 1057 168 1122 uui
186 1077 270 1120 vere
287 1056 420 1121 novello
436 1057 578 1145 augtuiis
598 1056 725 1146 agimur
746 1055 875 1140 divum,
890 1057 1009 1122 Incerti
1020 1081 1083 1148 quo
1092 1061 1179 1150 stata

92 1161 210 1252 scant
217 1211 229 1243 ,
250 1161 309 1226 uti
327 1164 430 1226 sistere
448 1162 551 1227 dener.
564 1160 634 1227 Nee
655 1184 786 1226 cursum
805 1163 1046 1251 auspicantibus
1061 1165 1180 1233 desunt

103 1269 273 1357 lacrymae:
285 1268 321 1330 in
333 1265 536 1355 profundum
550 1268 659 1332 exules
676 1267 820 1350 ferimur,
835 1267 931 1332 chara
944 1284 977 1333 et
989 1271 1106 1338 caelesti
1120 1297 1181 1362 pa·

103 1374 181 1456 tria,
195 1372 289 1437 unde
303 1374 396 1462 origo
415 1389 480 1455 est,
498 1373 634 1455 exclusi,
649 1395 765 1461 quam,
775 1396 844 1437 non
856 1375 917 1438 nisi
929 1377 1090 1463 sapienter
1099 1401 1176 1467 per·

104 1502 219 1544 menso
230 1501 383 1566 aequore,
393 1479 543 1544 hostibus
553 1479 689 1567 pulchre
702 1479 926 1567 triumphatis,
938 1497 1098 1570 raptoque
1110 1486 1175 1550 vel·

105 1586 186 1666 lere,
205 1583 403 1650 coneedimr
418 1600 573 1674 repetere.
591 1586 771 1672 Quumque
783 1584 824 1649 ad
840 1584 875 1649 id
892 1587 1030 1652 maxime
1050 1590 1178 1656 anhela·

106 1714 199 1773 mus,
222 1689 355 1754 recluso
373 1713 501 1755 carcere
518 1691 607 1756 venti
624 1713 739 1754 scevam
751 1689 910 1774 hiemem,
925 1692 1031 1757 nubes
1045 1691 1176 1778 densas,

11 1830 13 1865 r
110 1796 339 1883 insolitamque
360 1797 528 1886 caliginem
542 1796 643 1860 oeulis
661 1795 870 1880 inducentes,
885 1795 1031 1884 undique
1046 1821 1179 1865 consur-

113 1917 208 1992 gunt;
217 1919 250 1967 et
263 1901 384 1966 fluetus
399 1919 505 1967 motos
519 1902 561 1966 atl
575 1900 699 1967 deserta
710 1904 856 1966 referunt
870 1902 975 1984 litora,
988 1926 1055 1991 quo
1066 1906 1176 1971 salutis

110 2023 240 2096 portum
257 2024 388 2096 sperato
406 2007 524 2072 lentius
540 2005 768 2098 ingrediamur.
790 2007 833 2070 Et
847 2029 913 2094 quo
930 2009 1112 2097 graciliores
1128 2027 1177 2076 te·

110 2137 256 2202 nuesque
272 2114 374 2202 magis
393 2129 472 2180 sunt
492 2114 628 2195 tabulae,
654 2135 693 2178 eo
713 2112 847 2202 propius
870 2112 968 2178 instat
982 2115 1176 2202 periculum.

8 2212 9 2216 ¹
108 2221 238 2284 Solatur
246 2236 358 2283 tamen
371 2218 405 2286 id
416 2243 521 2284 unum
534 2220 691 2301 navitam,
703 2217 810 2307 quod,
824 2218 956 2284 natandi
967 2220 1077 2304 initio,
1089 2222 1176 2286 litori

108 2328 212 2415 patrio
227 2326 373 2408 vicinus,
385 2327 516 2406 jacturae
534 2327 642 2390 minus
659 2327 802 2390 facturus
816 2341 882 2405 est,
898 2326 925 2390 si
948 2325 1028 2413 quid
1047 2327 1175 2393 sinistre

109 2439 291 2525 contingat.
308 2439 392 2500 Cum
411 2435 471 2499 illis
493 2425 648 2498 nimirum
660 2434 845 2522 prosperius
859 2435 975 2522 agitur,
988 2434 1045 2521 qui
1062 2455 1176 2499 cursus

5 2554 6 2565 ¹
108 2542 267 2632 longioris
278 2558 421 2606 exsortes
434 2542 606 2606 immatura
626 2556 731 2604 morte
744 2539 841 2605 undis
856 2555 1057 2628 merguntur,
1075 2563 1177 2627 quos·

110 2669 172 2734 que
199 2647 290 2710 inter
307 2647 495 2711 Palemonas
515 2646 593 2711 deos
612 2645 719 2709 Poetae
740 2659 941 2709 enumerant.
961 2644 1005 2708 Et
1023 2643 1104 2708 illud
1127 2662 1177 2710 est

109 2775 223 2816 cursus
241 2751 446 2841 praeludium.
462 2753 506 2817 At
521 2775 595 2816 eum
610 2752 763 2839 temporis
779 2773 950 2838 progressu
966 2751 1033 2814 sole
1043 2750 1175 2832 jamjam

108 2859 204 2923 altius
232 2855 475 2922 conscendeute
499 2857 695 2938 illustratur,
724 2853 850 2918 sudoris
874 2855 969 2942 longe
991 2855 1177 2920 intentioris

109 2963 351 3053 navigationem
362 2963 476 3028 fortior
488 2961 705 3051 prosequitur,
717 2959 773 3024 sed
789 2959 915 3049 gravius
932 2959 1046 3040 sentit,
1058 2974 1091 3022 et
1100 2983 1177 3048 pro·

108 3068 198 3133 videt
222 3069 426 3157 periculum,
445 3066 664 3154 declinatque,
678 3066 802 3131 ratione
821 3080 965 3128 mentem
991 3064 1176 3154 aurigante,

109 3197 182 3262 quar
196 3173 358 3263 quamdiu
384 3197 484 3238 manu
504 3174 665 3240 constanti
686 3172 796 3260 dirigit
818 3171 959 3259 aplustre
974 3169 1071 3252 ratis,
1098 3193 1177 3236 aura

109 3282 195 3346 felici
219 3281 362 3362 juvatur.
382 3283 422 3345 In
445 3281 537 3360 eujus
562 3282 724 3361 sentinam
750 3280 777 3344 si
801 3278 960 3366 appetitus
982 3278 1176 3342 successoris
1212 3264 1215 3272 Δ

110 3387 366 3475 haudquaquam
388 3385 479 3476 digni
501 3385 643 3452 adventu
663 3383 856 3464 detruditur,
873 3398 944 3446 tum
968 3381 1075 3446 navita
1094 3382 1176 3446 nihil

109 3492 237 3556 habens
255 3493 330 3556 cum
348 3508 445 3581 portu
461 3506 601 3581 praepete
617 3490 758 3579 negotii,
774 3487 991 3554 valentissimo
1009 3503 1103 3551 aestus
1121 3509 1174 3552 ar-

109 3597 211 3662 bitrio
232 3598 427 3686 plerumque
451 3612 605 3685 raptatur.
623 3597 667 3659 In
687 3609 787 3682 syrtes
810 3610 842 3656 et
863 3613 936 3654 saxa
960 3590 1091 3655 latentia
1114 3592 1176 3656 late

110 3704 313 3794 impingitur.
336 3706 375 3767 In
399 3703 475 3766 litus
494 3700 634 3764 trahitur
650 3697 900 3786 Sarpedonium,
916 3695 974 3759 ubi
990 3695 1176 3760 turbulenta

110 3809 252 3898 reperiat
273 3807 401 3888 omnia,
415 3821 473 3870 aut
495 3805 707 3884 Corinthum,
721 3802 779 3866 uhi
801 3801 894 3864 funes
913 3801 1128 3882 tensissimos,
1145 3820 1176 3866 et

109 3917 258 4006 apprime
281 3915 383 3979 fortes
409 3935 524 3978 nervos
549 3911 635 3976 foede
661 3910 810 3974 emolliat.
838 3907 902 3974 Sed
927 3906 1007 3997 quid
1029 3911 1176 3995 siveritis

108 4022 264 4086 omnibus
280 4020 444 4108 impulsus
458 4041 497 4084 eo
509 4018 631 4098 veniat,
643 4016 701 4080 ubi
716 4015 835 4080 mellita
849 4015 954 4078 Circes
968 4014 1085 4101 poeula
1097 4015 1177 4078 offe·

107 4130 242 4196 rannu?
254 4131 288 4197 N
290 4149 380 4194 onne
398 4127 493 4214 ccepti
506 4124 713 4214 praestabilis,
727 4139 764 4188 ut
779 4121 864 4188 lethe
879 4122 1012 4209 lotoque
1028 4120 1176 4186 inescatis

104 4237 228 4306 oblivio
251 4231 411 4301 incessit?
424 4231 514 4315 Quid
537 4233 564 4298 si
587 4231 736 4297 Sirenum
753 4253 816 4295 vos
839 4227 1013 4294 audiatur?
1031 4226 1178 4314 Solisque

1014 4333 1044 4397 b.
