3196 5120
359 519 390 584 N
400 520 485 585 0V1
515 518 762 584 EDITORIS
790 518 948 586 NOTAE.
1125 520 1185 587 165

159 646 195 699 V.
212 651 262 709 114
269 679 398 697 ········
419 647 489 698 Videt
502 648 546 696 illa
559 647 630 714 prior
638 666 650 706 ,¹
661 645 766 713 J'amqtse
782 648 884 698 advolas
899 649 961 698 alm

265 731 413 797 Impatieas5
418 732 524 798 jamque
533 749 578 802 cra
591 743 669 797 parat
677 750 687 793 ‚¹
695 731 752 798 jam
763 731 863 782 suscitat
875 749 958 782 aures.
1141 797 1145 804 ι

126 827 198 897 Quid
217 828 364 900 expressius
375 829 492 902 pictum,
511 849 543 884 ac
556 841 657 884 naturae
673 830 783 902 propius
794 828 846 883 hac
864 830 954 902 effigie
969 830 1075 896 Fame,
1092 829 1128 884 ed
1141 850 1188 884 ru·

126 931 211 966 mores
227 913 341 966 hiantis:
358 932 440 985 quam
455 913 530 967 vides
542 913 670 987 precipiti
680 912 773 966 volatu
780 915 835 986 jam
847 912 938 968 adesse
945 951 953 978 ‚
965 917 1021 989 jam
1034 931 1110 969 aures
1122 913 1189 969 arri·

126 1016 207 1069 gere,
216 999 274 1070 jam
284 1016 314 1052 oe
329 997 449 1070 aperire,
459 1010 489 1050 ut
502 997 594 1051 audita
609 996 738 1068 divulget.

160 1112 197 1165 V.
213 1111 272 1165 128.
292 1115 441 1164 uacum
454 1113 535 1179 qualis
553 1115 625 1163 Balla
642 1114 716 1164 sales.
729 1109 878 1163 -Videtur
895 1110 939 1163 hio
958 1107 1033 1173 locus
1056 1109 1139 1164 Statio
1159 1109 1190 1163 iu

127 1207 252 1330 prpmptu
267 1195 362 1259 luisse,
383 1213 466 1268 quum
480 1194 592 1268 lingeret
603 1194 715 1248 Famam
732 1203 794 1248 ante
806 1212 916 1248 currum
932 1192 1026 1249 Martis
1038 1195 1189 1260 volentem,

169 1278 212 1330 eb.
223 1278 280 1341 ΠΙ,
295 1281 365 1338 tsi:

272 1381 636 1397 ........................
656 1357 681 1395 at
693 1349 751 1411 eigil
762 1348 827 1396 amni

265 1423 336 1470 Fame
347 1438 405 1470 sana
413 1424 490 1472 varios
500 1439 580 1472 rerum
590 1423 708 1473 secuntus
717 1426 830 1471 tumultus

265 1499 392 1546 Antavclst
400 1514 503 1546 currum.

162 1593 199 1646 V.
217 1591 267 1663 137
271 1630 348 1646 .....
362 1615 464 1648 exesam
477 1599 555 1658 cuda,
568 1610 710 1664 casumque
721 1599 799 1648 cubile

268 1681 417 1731 Sewaama.

129 1773 237 1846 Singula
250 1775 306 1828 haec
316 1775 442 1848 adjuncta
455 1787 482 1830 et
495 1776 558 1832 artis
572 1788 599 1831 et
607 1775 842 1832 verisimilitudinis
858 1775 938 1832 laude
950 1777 1191 1836 commendantur:

131 1877 184 1930 quo
199 1859 283 1932 magia
294 1860 371 1914 anxia
388 1873 427 1915 est
443 1862 610 1934 Eurynome,
621 1881 676 1935 quo
688 1862 863 1935 impatientius
875 1862 1010 1916 absentem
1024 1862 1108 1916 virum
1123 1862 1193 1917 desi·

132 1943 224 2008 derat,
246 1963 278 1998 ec
290 1945 399 1999 ¹facilior
417 1956 456 1998 est
473 1964 504 1998 ao
522 1947 631 2018 propior
644 1945 811 2000 admittendae
831 1945 972 2018 suspicioni
989 1946 1144 2017 pellicatum,
1161 1965 1193 2000 ac

131 2026 241 2081 subinde
260 2029 388 2102 opinioni.
405 2029 484 2095 Quod
500 2030 663 2102 propositum
676 2031 824 2102 assequitur
840 2030 921 2083 Fama
939 2031 1060 2084 oratioue
1077 2030 1194 2084 callidis-

132 2111 214 2175 sima,
234 2123 261 2164 et
273 2111 307 2166 ad
320 2112 516 2166 incendendum
534 2114 698 2188 Eurynomes
715 2113 833 2167 animum
850 2114 916 2167 mire
928 2113 1139 2168 accommodata.

165 2217 202 2272 V.
219 2224 280 2288 147,
293 2225 399 2289 Jamque
409 2225 513 2274 adenem
518 2261 527 2286 ,
537 2227 700 2293 thalamisque
708 2227 756 2292 titis
770 2227 884 2277 Threissa
892 2229 1050 2294 propinquat.
1061 2257 1096 2267 -
1106 2227 1198 2292 Quam

133 2303 300 2358 vehementer
311 2305 419 2377 percelli
432 2305 509 2360 debet
520 2307 689 2382 Eurynome,
703 2328 787 2382 quarn
803 2305 876 2362 audit
893 2308 1014 2380 pellicem
1021 2311 1078 2383 jam
1085 2312 1139 2383 jam
1149 2309 1196 2363 ad·

132 2400 242 2440 ventare
253 2387 260 2439 l
273 2400 403 2458 qrramum
412 2389 481 2442 valet
492 2390 565 2462 quod
579 2394 695 2464 sequitur
707 2391 741 2445 ad
759 2391 918 2446 irritandam
933 2393 1089 2448 muliebrem
1103 2412 1195 2466 super·

133 2471 218 2526 biam!
231 2471 305 2538 Quid
316 2471 414 2544 plural
426 2473 483 2545 ipse
497 2475 559 2530 satis
571 2495 620 2550 per
634 2495 662 2530 se
674 2475 786 2548 legentis
805 2474 973 2530 admirationi
986 2495 1015 2531 se
1029 2475 1197 2531 commendet

133 2556 251 2628 egregius
270 2555 316 2609 ille
328 2557 412 2612 locus.
522 2560 524 2566 ’

166 2665 203 2720 V.
216 2666 275 2720 150.
298 2666 365 2721 Picta
376 2687 484 2730 martas,
501 2683 601 2735 reamque
613 2673 698 2738 placet
714 2671 760 2720 sed
778 2669 883 2719 barbam
898 2681 987 2721 meam.
1008 2697 1044 2708 -
1061 2666 1121 2721 Mos
1141 2677 1199 2720 erat

133 2754 252 2808 barbaris
270 2754 393 2826 gentibus
406 2773 502 2826 corpus
515 2753 565 2806 sibi
576 2754 713 2826 pingendi.
725 2754 854 2826 Virgilius
868 2753 983 2806 Gelonos
996 2763 1021 2806 et
1036 2752 1197 2827 Agathyrsos

130 2840 207 2904 petas
224 2849 320 2902 vocat,
331 2838 429 2910 Georg.
449 2839 493 2904 ΙΙ,
510 2839 581 2892 115:

270 2936 375 2996 ansque
386 2935 468 2982 damus
477 2935 581 2982 Arabum
589 2970 597 2991 ‚
606 2935 729 2998 pictosque
741 2934 857 2989 Gelonos;

134 3031 198 3084 AEn.
214 3030 255 3082 IV
283 3049 295 3084 1
343 3047 351 3084 τ

256 3033 397 3191 indiaque
405 3131 559 3193 Dryopesque
569 3129 684 3185 tremunt,
691 3127 795 3191 pictique
801 3125 933 3189 Agathyrsi.

134 3231 200 3283 Item
212 3249 309 3302 corpus
322 3230 464 3284 inurebant
476 3231 652 3286 schematibus
664 3250 695 3285 ao
714 3229 879 3302 stigmatibus
893 3226 963 3298 (vid.
980 3227 1090 3283 Salmas.
1104 3227 1197 3282 Exere.

135 3315 201 3368 Plio.
211 3315 240 3368 in
248 3315 332 3369 Solin.
341 3335 371 3388 p.
383 3316 416 3372 28
423 3319 434 3386 )
442 3354 451 3379 ,
460 3315 532 3388 quod
544 3309 666 3388 designat¹
673 3313 795 3368 Valerius
807 3331 873 3366 voce
883 3326 936 3364 usto
946 3332 956 3362 .·
967 3329 1024 3384 qua
1036 3311 1199 3365 consuetudo

134 3397 254 3452 Thraciis
271 3399 383 3452 maxime
400 3399 556 3454 mulieribus
576 3410 631 3453 erat
645 3399 751 3452 usitata.
764 3396 835 3451 Vide
847 3395 975 3451 Herodot.
988 3395 1036 3448 lib.
1046 3396 1085 3461 V,
1095 3414 1154 3468 cap.
1170 3399 1198 3450 6.

167 3512 204 3566 V.
227 3511 287 3566 151.
309 3518 423 3566 Attamen
437 3515 482 3565 tos
499 3515 561 3565 tales
571 3513 665 3580 forsan
685 3516 796 3565 solabere
813 3531 886 3563 casas

315 3601 350 3648 Tu
369 3599 494 3651 thalamis.

136 3695 244 3753 Heinsio
257 3694 362 3750 videtur
373 3695 541 3750 scribendum
553 3712 561 3747 ε

273 3799 382 3844 Attamen
392 3797 435 3844 hos
446 3797 501 3844 allis
511 3796 591 3843 lcrssn
599 3795 706 3844 solabere
713 3809 781 3844 casus

273 3875 310 3918 Tu
319 3871 434 3918 thalamis.

137 3970 196 4023 Non
206 3968 382 4043 improbanda
394 3980 432 4022 est
442 3967 592 4022 emendatio
605 3985 611 4021 :
623 3985 685 4022 nam
696 3971 757 4020 tales
766 3959 917 4032 redundat,
930 3985 1073 4040 sensusque
1082 3967 1200 4041 postulat

137 4056 201 4106 aliis.

171 4161 207 4216 V.
229 4164 287 4220 153.
305 4169 405 4216 Metita
424 4167 507 4216 inanis
527 4183 602 4233 egeas
612 4202 620 4226 ,
637 4167 804 4232 Manumque
812 4163 904 4231 pellice
921 4165 1004 4232 proles

313 4249 460 4301 Exanimes.
