3196 5120
397 493 460 560 208
698 490 734 552 C.
759 489 957 554 VALERll
985 488 1160 554 FLACCI

480 623 631 702 «Dicam,
647 621 706 702 ait,
720 643 758 686 ac
770 621 901 709 penitus
917 643 1028 686 causas
1040 620 1213 708 labemque
1232 620 1377 704 docebo,

437 741 589 826 Mopsus,
603 752 635 800 et
652 750 736 802 astra
752 752 869 800 tuens:
886 758 973 818 non,
989 738 1017 800 si
1033 735 1183 802 mortalia
1196 737 1360 818 membra,

438 853 643 940 sortitusque
659 851 787 930 breves,
802 864 835 914 et
851 850 941 938 parvi
958 866 1105 938 tempora
1122 851 1179 914 fati

437 967 651 1055 perpetimur,
666 963 773 1030 socius
787 964 895 1051 superi
908 963 1075 1052 quondam
1087 965 1170 1054 ignis
1185 966 1334 1054 Olympi,
1408 988 1456 1029 nn

437 1082 497 1145 Fas
511 1079 585 1143 ideo
598 1077 732 1142 miseere
749 1099 858 1156 neces,
879 1077 1031 1165 ferroque
1045 1095 1209 1142 morantes

437 1195 572 1284 Exigere
587 1194 665 1256 hino
681 1192 820 1274 animas,
836 1191 1044 1279 redituraque
1057 1194 1181 1258 semina
1196 1193 1283 1258 omo.

439 1306 572 1393 Quippe
588 1303 695 1368 necin
713 1318 845 1384 ventos,
865 1323 924 1365 nec
942 1302 976 1364 in
990 1302 1102 1366 ultima
1116 1301 1271 1366 solvimur
1284 1325 1373 1384 ossa,

439 1422 490 1484 lra
504 1433 632 1498 manet,
646 1416 806 1504 duratque
819 1415 932 1498 dolor;
955 1438 1059 1504 quum
1078 1415 1195 1488 deinde
1210 1417 1369 1482 tremendi

436 1533 486 1598 Ad
502 1533 619 1597 solium
636 1552 753 1596 venere
769 1529 873 1610 lovis,
897 1544 1079 1617 questuque
1096 1529 1267 1594 nefandam
1417 1547 1451 1586 ³¹⁵

436 1647 605 1713 Edoouere
621 1665 753 1708 necem:
771 1657 859 1730 patet
871 1642 933 1708 illis
947 1643 1045 1723 janua
1057 1643 1128 1725 leti,

435 1766 543 1850 Atque
560 1761 679 1824 iterum
693 1779 836 1822 remeare
849 1757 942 1838 licet;
954 1779 1062 1822 comes
1081 1779 1146 1823 una
1161 1780 1310 1826 sororum

436 1875 587 1956 Additur,
600 1891 633 1940 et
645 1874 764 1963 pariter
776 1889 875 1938 terres
889 1889 985 1962 atque
1002 1895 1131 1962 aequora
1142 1875 1290 1940 lustrant.

438 1991 586 2080 Quisque
597 2010 675 2055 suos
689 2005 817 2071 sontes,
833 1991 1027 2084 inimicaque
1046 2006 1177 2079 pectora
1191 1991 1293 2079 poenis
1315 1999 1319 2014 ·

420 2245 900 2320 377-416Adhecrespomurusno
945 2245 1059 2320 spatium
1077 2247 1247 2300 constimtum
1257 2258 1312 2310 est,
1326 2249 1403 2297 socius
1413 2266 1449 2296 su-

393 2324 900 2404 psusphilosophatur:doctrinaeautem
938 2331 995 2398 peri
1011 2331 1136 2395 quondam
1153 2329 1217 2396 ignis
1232 2329 1341 2396 Obmpi,
1357 2326 1447 2388 nobis,

394 2409 428 2462 sb
441 2427 472 2460 eo
494 2405 633 2479 proposita
652 2421 754 2456 summa
772 2405 828 2456 hec
846 2415 898 2457 est:
943 2406 1225 2478 quorumanimaeolim
1235 2405 1366 2478 purissimi
1376 2405 1450 2458 ethe-
1508 2423 1510 2428 ·

393 2487 493 2540 Animse
506 2495 600 2538 nostre
609 2483 744 2555 particule
755 2493 900 2536 suntnatu-
942 2484 980 2537 ris
996 2486 1129 2558 particule
1148 2498 1255 2550 essent,
1274 2507 1323 2538 non
1330 2487 1378 2556 sas
1396 2489 1448 2538 ideo

390 2587 427 2620 τω
439 2565 533 2618 divine
542 2575 568 2618 et
576 2563 754 2628 immortalem
767 2563 842 2616 nefas
850 2563 898 2635 igi·
944 2567 1044 2617 miscere
1056 2581 1205 2627 neces,non
1211 2565 1272 2618 ideo
1279 2565 1339 2618 licet
1347 2605 1354 2628 ,
1362 2584 1449 2637 quem·

390 2657 434 2699 tur
448 2655 502 2709 est,
521 2643 587 2697 alios
605 2641 762 2696 interlicere.
778 2643 857 2714 Quod
876 2644 899 2697 si
942 2645 1392 2717 cumquerelimus,prolihit0,vita
1399 2644 1448 2714 pri·

393 2725 453 2797 quis
463 2735 551 2777 tamen
565 2722 655 2776 fecerit
661 2747 676 2786 ,¹
687 2723 782 2776 animet
791 2723 898 2776 interfe-
941 2742 1004 2778 rnre
1014 2725 1145 2792 ,ferroque
1155 2740 1276 2778 morantes
1286 2729 1385 2793 exigere
1394 2727 1448 2775 Aine

393 2817 496 2858 ctornrn
505 2839 513 2866 ,
523 2803 624 2875 injurie
631 2815 744 2874 accepte
753 2819 896 2866 memores,
941 2807 1038 2856 animas
1047 2807 1202 2873 rediensque
1210 2807 1386 2865 serninaeoelo,
1396 2820 1448 2857 ms·

390 2893 535 2958 queruntur
545 2879 615 2951 apud
623 2879 726 2951 judices
735 2881 900 2954 inferos,qui
942 2903 980 2938 nu
1002 2883 1118 2936 violenta
1144 2883 1272 2955 expellere
1297 2882 1448 2954 corporibus

390 2963 425 3019 nd
440 2980 568 3036 superos,
586 2961 659 3014 furis
676 2961 770 3014 comite
788 2959 898 3024 addita,
941 2964 1041 3018 animas
1054 2962 1082 3014 in
1096 2962 1189 3016 celum
1201 2981 1361 3016 reversuras.

387 3054 518 3097 revertere
535 3042 573 3094 eir
587 3041 757 3112 permittunt,
771 3054 800 3092 ut
812 3040 846 3094 de
854 3041 897 3096 in·
978 3045 1039 3097 382.
1057 3045 1148 3111 Quippe
1159 3061 1204 3096 nec
1216 3046 1241 3093 in
1256 3057 1355 3102 ventos,
1369 3044 1447 3092 necin

388 3119 570 3176 terfectoribus
577 3119 683 3172 meritas
690 3131 897 3189 sumantpoents.
940 3125 1025 3174 ultima
1043 3126 1157 3174 solvimur
1172 3141 1247 3185 ossa,
1266 3138 1320 3174 non
1341 3139 1373 3173 ex
1394 3132 1447 3174 toto

388 3200 416 3255 Si
429 3200 475 3272 qui
483 3217 547 3254 vero
558 3197 633 3252 inscii
643 3197 701 3250 aliis
709 3208 820 3250 mortem
829 3197 897 3252 intu·
941 3201 1068 3254 morimur
1074 3201 1231 3273 ,meliorque
1237 3199 1320 3254 nostri
1326 3219 1447 3272 parsper-

391 3279 482 3344 lerint,
496 3279 526 3331 hi
542 3295 587 3330 sua
607 3275 725 3347 ipsorum
738 3276 898 3332 conscientia
941 3278 1036 3344 durat,
1050 3285 1088 3333 ira
1109 3297 1205 3343 inanes,
1221 3286 1340 3348 duratque
1362 3285 1445 3343 dolor,

389 3369 522 3429 angtrntru
531 3355 743 3427 ,piaculotanren
753 3357 843 3427 aliquo
852 3354 897 3408 do·
941 3377 1032 3412 sensns
1051 3378 1142 3414 eorum
1156 3399 1163 3423 ,
1177 3379 1236 3432 que
1253 3359 1322 3431 possi
1340 3378 1444 3424 snmus,

389 3438 439 3492 lori
449 3445 558 3508 possum
568 3431 667 3487 mederi
678 3433 829 3488 snm—Hoc
839 3434 898 3506 phi·
940 3450 1058 3492 mmsnet
1065 3458 1073 3502 5
1087 3460 1160 3507 quum
1174 3443 1262 3492 deinde
1278 3442 1395 3490 vemendi
1405 3445 1446 3490 Jo-

388 3515 540 3586 losophems
549 3514 761 3584 Argonautarum
767 3525 841 3568 [etate
849 3515 897 3567 uti·
941 3521 991 3580 vis,
1005 3519 1120 3572 Plutonis
1131 3523 1229 3591 (supra,
1238 3519 1263 3584 1,
1278 3520 1329 3587 730
1338 3556 1347 3582 ,
1357 3522 1446 3587 Jupiter

389 3613 441 3668 que
449 3591 596 3651 recentius,
606 3602 631 3643 et
639 3610 653 3644 e
660 3592 767 3645 Platone
774 3592 896 3646 haustum
941 3601 1082 3670 tenorent),
1091 3605 1128 3652 ad
1140 3603 1224 3652 solitum
1235 3617 1339 3659 venere,
1351 3614 1445 3666 quesne·

389 3671 518 3734 est,unde
526 3671 602 3724 etiarn
611 3670 710 3724 rivulos
717 3670 823 3726 deduxit
832 3674 897 3724 Vir·
941 3697 988 3745 que
999 3679 1152 3746 nefandam,
1164 3677 1300 3750 indignam
1313 3681 1445 3742 ,edocuere

302 3763 306 3778 ⁸
389 3753 477 3825 gilius,
490 3753 551 3802 AEu.
560 3750 614 3811 VI,
623 3753 771 3821 7¹4—755,
785 3752 831 3806 ubi
840 3751 894 3806 rid.
939 3777 1021 3808 necem
1029 3780 1039 3818 ,·
1046 3773 1116 3826 potet
1126 3762 1262 3827 illisjanua
1270 3761 1312 3810 leti
1317 3797 1325 3818 ,
1340 3759 1445 3830 Stygem

389 3832 522 3906 Heynium
532 3827 566 3883 ad
577 3849 683 3884 versum
696 3830 823 3904 inprimis
833 3834 895 3902 743,
939 3837 1091 3907 renavigare
1110 3837 1283 3909 permittitur;
1305 3857 1385 3890 eomes
1394 3857 1444 3890 una

388 3907 895 3982 quietNostrumlaudarenonneglerit.
939 3916 1443 3984 soronam,Furinrurn,addimr-,etpari·

389 3989 439 4045 Sed
450 3989 552 4060 singula
563 3988 706 4042 videamus.
939 4008 974 4046 ter
985 4009 1062 4046 terras
1075 4011 1148 4064 atque
1160 4010 1259 4065 oeqnora
1271 4002 1389 4058 turoam,-
1397 3997 1446 4050 Fu·

426 4069 485 4138 378.
493 4071 519 4118 Si
528 4071 641 4120 mortalia
649 4071 754 4120 membra
765 4080 836 4134 eunt,
846 4091 897 4122 sor·
939 4072 979 4124 rin
989 4073 1146 4140 auxiliante,
1160 4076 1338 4130 interfectores
1348 4077 1444 4148 ubique

389 4152 490 4215 rituque
502 4149 595 4204 breves,
614 4151 714 4216 etparvi
731 4163 837 4217 tempora
844 4151 897 4218 fati
939 4152 1094 4222 investigare
1105 4167 1183 4226 atque
1191 4157 1312 4229 persequi
1321 4155 1409 4210 datur.

384 4231 547 4298 perpetimur,
570 4227 691 4296 exiguum
716 4228 773 4282 vitn
800 4240 894 4282 nostre
976 4230 1035 4297 389.
1052 4237 1159 4302 Quisque
1171 4256 1226 4287 snos
1238 4251 1331 4298 sontes,
1350 4235 1396 4306 qui
1408 4235 1445 4288 in·
