3246 5112
431 497 558 562 Novr
587 460 834 587 horroris
863 499 1020 564 ΝΟΜ.
1196 503 1238 589 93

215 615 249 665 V.
266 610 329 665 258.
339 615 373 664 Et
382 613 478 679 ingenti
493 615 628 663 tendentem
643 615 742 664 bmctia
754 632 842 680 passer.
853 644 888 654 -
897 613 1021 667 Heinsius
1033 613 1078 668 hic
1096 625 1170 669 notat
1177 637 1240 685 pas-

181 715 233 747 sum
250 693 285 748 dc
303 693 420 748 brachiis
435 692 503 758 (lici,
519 693 592 766 quod
610 713 666 747 non
683 694 815 748 videbitur
835 697 971 750 insolitum
990 699 1122 770 reputanti
1138 719 1240 769 passum

182 779 245 834 duci
264 783 421 848 repandens
435 783 549 848 pandere
563 781 663 831 brachia
681 780 791 832 obvium
809 781 912 835 crebro.

215 918 249 964 V.
264 915 325 965 262.
344 917 513 980 Magnrnnque
522 913 1168 988 sonanoesHarcr't.-MirorBur-msnnum‚quum
1181 935 1241 970 ver·

181 999 277 1050 horum
290 1010 406 1048 sonantes
416 1007 442 1048 et
450 999 531 1048 haunt
538 995 592 1048 vim
605 995 690 1067 perite
698 995 824 1068 explicet,
835 997 982 1067 exemplum
993 997 1090 1052 efferre
1101 998 1136 1053 de
1146 1000 1241 1056 Isceno

181 1079 398 1151 caelibemque,
415 1097 498 1152 quum
518 1089 606 1150 posset
624 1076 658 1132 de
669 1079 779 1133 Horatio
790 1115 798 1144 ‚
812 1079 859 1133 lib.
879 1081 925 1145 11,
939 1079 993 1134 Od.
1013 1083 1043 1136 13
1054 1119 1062 1146 ‚
1078 1102 1104 1136 v.
1120 1087 1154 1136 26
1166 1102 1173 1136 :

458 1209 488 1254 Et
499 1217 521 1255 te
531 1218 653 1255 sonantem
660 1207 752 1270 plenins
760 1224 844 1266 sorec,

459 1283 549 1338 Alere,
563 1284 662 1344 plectro.

182 1373 344 1438 Etiufre‚v
371 1373 424 1427 30:

465 1491 620 1505 ......
639 1458 682 1506 sed
692 1459 765 1521 nugis

459 1537 552 1596 Pugnae
563 1543 587 1581 et
595 1543 688 1581 erectos
699 1544 811 1593 tyrunnos

434 1620 438 1632 ¹
459 1608 904 1673 Densnmhnmerisbibittnremlgos.

217 1732 251 1779 V.
273 1743 332 1794 270.
351 1731 385 1778 Et
395 1739 503 1776 nostram
512 1725 619 1794 festinet
635 1727 673 1776 ad
691 1727 798 1777 hastam.
811 1724 937 1779 -Hasttt
953 1725 1041 1790 Pelei,
1060 1745 1117 1799 qun
1136 1739 1244 1782 vocatur

183 1812 284 1876 Pelius,
294 1809 395 1864 donum
414 1823 471 1864 crat
485 1809 603 1862 centauri
612 1807 743 1862 Chironis.

218 1951 252 1997 v.
261 1943 321 2012 ²73·
330 1946 363 1992 Et
371 1943 464 1994 marces
477 1947 547 2009 Argo
556 1942 663 1992 redium
672 1939 963 2013 corymbis—Cory&
972 1953 1125 1995 ammenta
1135 1942 1244 1997 narium

185 2038 259 2082 erant
271 2029 299 2080 iu
313 2043 413 2078 summa
429 2035 505 2098 perte
515 2043 574 2097 quae
591 2023 699 2078 incurva
714 2035 769 2089 est,
784 2024 879 2097 puppis
897 2023 1028 2098 precipue
1035 2061 1044 2090 ,
1052 2036 1082 2078 ut
1092 2026 1120 2080 in
1129 2025 1182 2082 hoc
1191 2033 1245 2081 Vs·

184 2111 242 2164 lerii
258 2127 337 2163 versu
346 2145 355 2172 ,
365 2108 412 2161 lib.
425 2110 480 2174 lv,
493 2127 520 2161 r.
538 2111 588 2177 691
601 2124 610 2159 τ

337 2231 398 2277 Sus
406 2229 448 2277 sed
458 2229 566 2276 extremis
575 2238 652 2276 temen
663 2227 800 2292 increpuere
810 2229 938 2290 corymbiss

185 2350 252 2404 vide
271 2351 437 2407 Scheiierum
454 2351 490 2404 de
506 2351 600 2404 Militis
619 2349 725 2416 navali,
735 2369 799 2423 pag.
818 2349 878 2406 156.
892 2351 1030 2406 Redeunte
1042 2369 1124 2418 nure,
1141 2352 1246 2407 innure-

184 2436 282 2490 buntur
298 2434 355 2490 herc
372 2447 528 2490 ornamenta
544 2435 572 2488 in
591 2435 694 2508 signum
714 2434 865 2488 alacritatis.

219 2565 254 2614 V.
268 2565 346 2630 278..
357 2599 381 2612 ..
397 2563 656 2614 Utstetcritredimitus
667 2577 774 2630 tempora
787 2565 855 2614 vittis

323 2648 445 2711 Phryxus.

187 2749 263 2823 Apud
272 2750 457 2822 Apollonium,
471 2751 576 2804 altiores
591 2751 699 2823 quidem
713 2769 755 2804 res
763 2751 885 2822 Orpheus
898 2752 986 2816 canit,
1000 2753 1136 2806 evolutum
1149 2753 1245 2817 chaos,

186 2835 279 2889 mundi
296 2847 400 2900 ortum,
418 2847 550 2890 astrorum
566 2853 689 2898 cursum,
701 2846 767 2898 etc.;
784 2835 855 2906 apud
867 2835 1004 2889 Valerium
1015 2854 1097 2904 vero,
1115 2837 1198 2908 magis
1211 2836 1245 2891 nd

187 2939 244 2973 rem
256 2921 431 2992 pertinentes,
445 2939 595 2974 memorans
612 2919 702 2990 lugam
719 2917 816 2992 Phryxi
833 2919 989 2991 vellerisquc
1008 2919 1146 2992 originem.
1159 2921 1248 2975 Helles

187 3023 263 3057 casus
276 3003 452 3077 descriptione
465 3002 507 3057 vel
518 3004 605 3077 potius
620 3003 724 3075 pictura
734 3002 802 3056 nihil
817 3002 851 3056 sd
865 3001 1010 3056 movendos
1022 3005 1124 3056 animos
1138 3005 1224 3076 aptius
1238 3022 1245 3056 :

188 3091 262 3162 cujus
269 3107 365 3141 manus
372 3127 381 3153 ,
395 3087 518 3161 capillos,
531 3099 661 3142 exstantes
670 3085 766 3152 undis,
779 3087 925 3141 sublimiter
933 3088 1017 3160 pingit
1029 3100 1115 3160 poeta.
1126 3087 1248 3142 miranda

189 3183 215 3224 et
228 3173 285 3225 htcc
298 3171 458 3246 apostrophe
471 3189 479 3224 t
496 3175 556 3240 Quis
569 3175 611 3224 titt
618 3211 627 3234 ,
647 3175 756 3239 Phryne,
768 3177 848 3226 dolor.

223 3318 259 3370 V.
278 3321 329 3389 296
349 3352 741 3371 ........................
751 3322 828 3369 fluns
843 3320 929 3386 gravis
941 3321 1019 3368 AEscn

330 3406 362 3452 Iit
373 3403 468 3470 pariter
480 3403 547 3468 vigit
561 3403 688 3453 Alcimede
697 3413 855 3470 spectantque
864 3413 994 3465 terremquc

335 3487 405 3537 Pleni
419 3488 511 3537 oculos.

191 3591 269 3665 Apud
276 3590 457 3664 Apollonium,
468 3593 550 3644 AEson
562 3602 588 3644 et
597 3589 731 3644 Alcimede
747 3591 802 3644 suis
815 3589 914 3644 aedibus
924 3590 1180 3643 monstrantium
1193 3607 1250 3643 ms·

192 3688 257 3730 trem
276 3675 409 3740 deterret,
425 3694 500 3729 nese
520 3673 555 3726 nd
570 3693 664 3727 navem
678 3685 862 3746 prosequatur,
876 3692 972 3728 cerens
981 3693 1015 3727 ne
1026 3675 1139 3726 materni
1151 3671 1251 3725 doloris

192 3771 269 3815 testes
280 3761 332 3814 sint
344 3762 511 3832 Argonauta.
525 3757 568 3813 Sic
581 3755 653 3829 apud
665 3757 806 3829 Virgilium
819 3758 942 3821 Turnus,
956 3759 1017 3810 AEn.
1030 3757 1100 3821 XII,
1112 3775 1138 3809 v.
1155 3773 1188 3828 7²
1201 3772 1209 3807 t

345 3882 394 3936 lie,
403 3896 494 3942 quasso,
509 3895 540 3926 ne
551 3893 588 3924 nne
597 3876 711 3931 lacrimis,
722 3891 781 3923 neve
793 3875 870 3922 omine
878 3886 944 3922 tento

346 3957 502 4016 Prosequere‚
513 3952 538 3998 in
550 3952 604 4000 dori
614 3953 738 3999 cer-turnino
749 3951 831 3998 Martis
843 3960 950 4004 euntem,

348 4030 369 4074 0
378 4037 460 4075 mater.

193 4135 227 4185 tt
244 4133 374 4208 ejusmodi
393 4135 537 4190 effectuum
556 4132 743 4186 subtilitatibus
759 4131 896 4186 servandis
912 4130 1012 4186 alienus
1031 4143 1069 4184 cst
1084 4129 1221 4195 Valerius,
1235 4140 1261 4181 et

194 4217 313 4272 homines
333 4219 389 4290 ejus
402 4219 484 4272 utatis
500 4236 590 4270 esrum
607 4236 686 4270 sensu
697 4215 811 4271 caruisse
825 4214 953 4288 suspicor.
977 4289 981 4294 Ι
