3198 5106
385 522 452 592 ua
476 521 698 590 vatnam
723 486 936 590 anucco.
1096 542 1202 590 cem.

327 733 397 798 lm..
411 733 522 798 (lma
536 730 695 796 Saluum
712 752 746 794 nt
763 731 1015 796 thuucmmco.

122 938 130 948 ·
183 903 328 969 Valerius
355 903 487 967 Flaccus
512 899 719 966 excusatione
746 897 864 988 dignus
889 915 947 965 est.
973 899 1073 979 Cujus
1099 919 1202 989 quum

139 1027 224 1076 esset
233 1008 403 1099 ingenium
414 1007 490 1072 felix
500 1055 509 1084 ‚
520 1005 680 1087 judicium
694 1025 868 1094 magnum,
879 1003 1043 1095 diligentia
1057 1027 1124 1070 non
1135 1009 1204 1073 vul·

142 1117 235 1206 garis,
244 1115 417 1179 humatum
426 1125 530 1179 morte
538 1111 880 1201 praevenmuacerbum
891 1112 969 1175 item
980 1133 1095 1199 poema
1106 1134 1203 1177 suum

141 1221 236 1285 nobie
248 1219 386 1308 reliquit.
401 1220 460 1284 Est
473 1235 582 1284 autem
592 1218 729 1282 omnino
740 1213 948 1282 duriusculua
964 1239 972 1280 :
986 1217 1115 1304 penitus
1126 1239 1203 1282 vero

142 1324 250 1390 nudus
265 1325 449 1390 Gratiarum
468 1323 631 1389 comitate.

360 1503 495 1567 Cusmu.
510 1503 690 1582 Baianus,
710 1503 789 1564 Ant.
804 1502 836 1581 Ι,
853 1522 923 1588 cap.
938 1523 987 1587 17.

184 1670 348 1735 Valerium
378 1669 528 1732 Flaccum
557 1667 687 1748 majoris
713 1668 809 1756 pretii
835 1667 989 1749 Poetam,
1008 1689 1106 1756 quam
1133 1669 1206 1757 quis

142 1775 325 1867 praeteriens
348 1791 495 1857 censeat,
513 1795 600 1856 esse,
625 1775 677 1838 vel
693 1771 855 1863 ignoratio
871 1773 940 1852 ejus
959 1773 1047 1862 apud
1070 1775 1204 1864 vulgum

143 1883 235 1947 nobis
250 1880 446 1970 persuadet:
461 1896 510 1944 est
525 1881 612 1944 enlm
627 1880 776 1943 omnium
789 1879 944 1943 Ve'terum
962 1881 1095 1944 minime
1111 1882 1206 1944 tritus

143 1988 290 2053 manibus
303 1987 586 2067 scholasticorum,
604 1985 694 2073 quod
706 2007 809 2074 genus
825 1985 916 2050 velut
927 1986 968 2050 ab
980 2009 1020 2052 eo
1032 1986 1206 2068 abhorret,

143 2095 199 2183 qui
215 2094 420 2159 duriusculus
434 2109 622 2175 censeatur,
640 2107 672 2156 et
689 2092 797 2156 minus
815 2089 992 2182 giutiarum
1008 2115 1118 2157 amans
1129 2114 1137 2156 ε
1150 2092 1207 2157 sed

146 2221 206 2264 nos
220 2196 349 2288 quidvis
366 2199 495 2287 potius,
514 2219 612 2284 quam
629 2196 809 2262 absurdum
826 2217 1006 2260 censemus.

472 2376 553 2440 lum.
573 2398 638 2440 nm.
655 2375 745 2457 XIV,
765 2395 834 2462 cap.
853 2376 885 2439 6.

186 2543 256 2632 ugo
264 2564 341 2608 sane
347 2541 510 2606 Valerium
519 2541 646 2629 legens,
662 2539 819 2604 decorum
828 2555 1027 2637 acutumque
1035 2541 1135 2631 Epos‚
1147 2565 1208 2608 uec

143 2649 322 2714 affectatam
338 2645 664 2736 grandiloquentiam,
678 2645 736 2710 sed
746 2645 933 2734 gmvitatcm
945 2647 1045 2711 animi
1056 2671 1207 2738 agnosco.

502 2839 574 2901 Lm.
592 2835 719 2919 XXVI,
738 2859 806 2924 cap.
824 2835 854 2900 3.

186 2999 292 3064 Pluris
306 2999 443 3064 omuino
455 2997 640 3063 laciendum
652 3019 714 3086 ego
728 2979 804 3060 reor
816 2997 851 3060 in
863 3017 1002 3060 numero
1017 2995 1207 3062 latinorum

143 3123 312 3194 poetarum
323 3104 487 3169 Valerium
512 3104 682 3186 Flaccum,
702 3125 801 3190 quam
821 3102 920 3191 vulgo
937 3101 1083 3184 faciunt,
1104 3101 1206 3166 immo

145 3234 211 3276 uon
235 3212 333 3301 vulgo
358 3210 454 3275 etiam
475 3209 604 3274 eruditi.
626 3210 751 3285 Sonus,
777 3207 926 3297 spiritua,
951 3207 1113 3290 eruditio,
1137 3229 1223 3296 gra·-

145 3319 241 3401 vitas,
258 3319 293 3382 iu
310 3340 350 3382 eu
365 3334 443 3382 sunt
457 3317 612 3407 insignes.

474 3498 544 3563 Lm.
568 3497 722 3578 XLVIII,
740 3519 809 3584 cap.
833 3497 882 3562 16.

187 3647 352 3711 Valerium
365 3647 515 3711 Flaccum
530 3668 627 3711 nemu
644 3648 783 3735 scriptor
795 3646 990 3727 nominavit,
1006 3661 1096 3710 tanna
1117 3646 1208 3735 inge·
1289 3668 1319 3719 φ

147 3752 211 3833 uio,
225 3767 315 3816 tanta
333 3751 518 3838 eloquentia
534 3766 681 3838 poetam,
698 3765 813 3838 praeter
831 3750 1081 3832 Quintilianum.

1160 3877 1167 3914 l

452 3953 546 4015 qun.
564 3952 642 4014 ΑΜ.
658 3950 747 4031 LVI,
763 3971 833 4037 cap.
853 3972 902 4012 ιι.

187 4123 256 4189 Val.
267 4123 401 4206 Flacco,
420 4123 553 4212 spiritu,
566 4123 737 4214 gannitum,
747 4121 891 4185 numeris
900 4137 933 4185 et
944 4122 1097 4186 orationis
1109 4144 1212 4208 nqua-

141 4229 232 4295 litate
244 4253 342 4295 nemo
360 4246 435 4318 post
450 4230 586 4318 Augusti
601 4230 819 4320 principatum
832 4230 969 4317 scriptor
984 4229 1074 4318 prior
1090 4243 1209 4291 exstat:
