3246 5112
373 555 1402 588 mmmcmwwuwnumwwnmmmmmkum

638 778 688 842 IN
722 779 908 844 LIBRUM
939 779 1136 844 PRIMUM

468 979 1270 1113 --Aacouauricou

782 1259 827 1346 N
838 1258 989 1348 OTAE

624 1482 789 1574 ‚NOVI
830 1484 1143 1564 EDITORIS.¹

692 1737 1084 1772 ...ψῆφος-...-

391 1955 427 2006 V.
445 1974 468 2009 1.
486 1959 566 2009 Pdmn
585 1963 657 2010 dcam
675 1963 774 2028 tangaris
794 1963 905 2012 canimus
917 1961 989 2030 fieta
1009 1963 1094 2030 pervia
1112 1963 1229 2012 etada.-
1242 1959 1337 2031 Magna
1351 1959 1414 2012 oiim

357 2038 449 2091 doctos
464 2040 532 2094 inter
544 2042 615 2095 viros
632 2042 665 2096 de
679 2043 725 2095 illo
741 2061 818 2096 versu
840 2045 1015 2096 controversia
1032 2061 1038 2094 :
1054 2043 1118 2095 dum
1132 2043 1177 2096 alii
1197 2041 1357 2115 scriptorum
1369 2060 1417 2093 au-

356 2124 501 2177 ctoritatem
516 2139 732 2200 propugnarent,
750 2131 830 2178 acuns
846 2127 1060 2198 praeferentium
1077 2127 1121 2178 alii
1138 2129 1203 2188 pacis
1221 2125 1272 2196 legi
1283 2125 1416 2196 juberent.

357 2205 530 2262 Posteriorem
552 2210 621 2264 hanc
639 2209 777 2263 lectionem
793 2209 896 2282 primun
914 2210 1033 2262 omnium
1047 2208 1128 2261 Aldus
1149 2208 1248 2279 recepit
1266 2227 1310 2259 an.
1333 2208 1416 2270 1525;

355 2294 441 2345 ceteri
454 2313 516 2346 vero
525 2306 584 2364 pont
601 2293 675 2346 ilium
688 2295 825 2364 neglexere
836 2292 957 2347 editores.
971 2295 1030 2346 Iino
1043 2292 1153 2346 Carrion
1167 2292 1194 2342 in
1208 2291 1269 2356 ilia,
1281 2309 1339 2362 qun
1352 2310 1417 2360 pro·

356 2375 404 2428 diit
418 2396 462 2430 an.
480 2379 545 2432 1565
556 2418 564 2443 ,
574 2377 663 2430 Flacci
676 2376 806 2443 editione,
822 2395 943 2450 expressa
960 2375 994 2430 ad
1008 2375 1088 2428 fidem
1102 2375 1180 2428 unius
1196 2373 1312 2434 codicia,
1325 2384 1355 2424 ut
1372 2393 1416 2426 re·

355 2459 444 2523 batur,
455 2460 622 2512 vetustimimi
631 2498 638 2523 ‚
648 2461 781 2532 antiquam
791 2461 930 2514 lectionem
936 2461 1051 2513 restituit
1061 2477 1177 2530 ,suaque
1187 2458 1341 2510 auctoritate
1349 2475 1416 2509 con·

355 2541 479 2594 firmavit.
492 2542 613 2596 Tandem
625 2543 749 2597 Heinsius
760 2543 884 2596 Aldinam
902 2542 1114 2597 emendationem
1126 2541 1262 2594 revocavit
1275 2559 1319 2592 an.
1332 2540 1416 2602 1680,

355 2624 504 2697 Nostroqne
521 2627 681 2690 vindicavit,
699 2628 788 2680 multis
806 2627 908 2681 coliatie
929 2627 1011 2690 locia,
1028 2626 1073 2678 uhi
1093 2627 1248 2696 Argonwtm
1270 2636 1414 2677 vocantur:

355 2713 466 2760 Procerus
482 2711 582 2777 antique
600 2714 671 2762 doun
683 2747 691 2774 ,
704 2711 736 2777 I,
751 2711 822 2773 5533
843 2714 903 2762 divis
919 2713 1013 2778 geniti,
1029 2710 1081 2775 IV,
1098 2709 1167 2774 43&
1183 2713 1254 2760 deum
1267 2729 1348 2777 genna
1357 2748 1366 2770 ,
1378 2708 1415 2770 V,

356 2791 424 2856 504,
437 2804 487 2845 etc.
504 2795 630 2858 Quamvis
650 2807 738 2848 autern
752 2793 804 2848 duo
818 2795 898 2848 codd.
909 2833 917 2860 ,
930 2796 1075 2848 Vaticanus
1094 2806 1121 2847 et
1138 2795 1326 2861 Bononiensis,
1338 2807 1413 2850 cete-

354 2894 445 2928 rorum
458 2877 577 2930 omnium
596 2879 747 2952 principes,
765 2899 832 2952 qnos
846 2880 936 2953 paucis
955 2878 1053 2932 abhinc
1068 2879 1160 2942 annis,
1178 2879 1245 2932 mihi
1261 2899 1318 2932 mea
1333 2899 1414 2932 manu

354 2961 508 3030 pervolvere
516 2962 625 3034 contigit
634 3001 641 3026 ,
651 2967 731 3015 nands
743 2965 901 3036 preferant,
913 2956 1058 3035 eorumque
1067 2962 1130 3016 fidei
1144 2963 1236 3034 sapius
1245 2963 1414 3026 adhaeserim,

354 3043 405 3095 niai
425 3043 491 3115 quid
509 3046 656 3100 necessario
671 3046 859 3118 corrigendum
880 3047 976 3111 inerit,
990 3047 1023 3100 iia
1036 3057 1125 3100 tamen
1141 3046 1194 3099 hoc
1214 3047 1274 3100 loco
1291 3047 1415 3100 accedere

354 3146 408 3181 non
424 3129 536 3183 anatinui
546 3148 554 3194 ς
572 3130 675 3183 nullum
695 3131 767 3184 enim
787 3151 894 3185 aeneum
909 3131 1005 3184 elicere
1019 3149 1061 3183 me
1077 3129 1194 3202 potuitne
1212 3130 1295 3181 fateor
1313 3147 1345 3182 ex
1364 3131 1415 3183 hac

354 3211 480 3285 loquendi
496 3214 580 3266 fornia
588 3252 597 3277 ‚
609 3218 680 3266 &ura
694 3218 784 3267 umens.
799 3215 854 3268 Nec
868 3233 911 3267 me
925 3215 993 3286 fugit
1011 3213 1153 3266 Maaerium
1167 3223 1320 3283 veteresque
1335 3212 1414 3265 inter·

353 3308 441 3368 pretea
453 3312 542 3348 raama
555 3301 626 3349 deum
637 3297 690 3350 dici
704 3297 832 3362 voluisse,
841 3299 904 3370 quia
917 3301 1076 3370 Argonautae
1085 3308 1158 3350 erant
1170 3298 1199 3348 in
1215 3297 1295 3349 tutela
1305 3297 1415 3350 Junonis

354 3393 379 3432 et
397 3378 526 3444 Palladin;
541 3379 588 3433 sed
609 3381 689 3434 altera
708 3401 738 3434 ex
751 3394 828 3454 parte
843 3383 913 3435 Mars
931 3395 956 3436 et
969 3383 1064 3454 Apollo
1082 3381 1208 3437 acerrime
1220 3400 1265 3434 eos
1278 3400 1415 3454 peraeque·

353 3464 460 3516 bantur.
473 3465 531 3515 Iano
541 3463 620 3516 etiam
633 3465 753 3536 quivero
764 3465 847 3520 simile
858 3467 891 3519 ait
901 3503 910 3532 ,
921 3480 1027 3538 poetam
1034 3477 1154 3520 nostrum
1163 3503 1171 3528 ,
1181 3467 1311 3537 poematis
1322 3465 1413 3528 initio,

353 3547 418 3599 duni
431 3548 557 3600 carminis
575 3560 762 3619 argumentum
775 3563 936 3623 exponeret,
949 3550 1017 3603 illud
1037 3562 1093 3602 tam
1105 3548 1203 3601 durum
1222 3569 1253 3603 ac
1267 3549 1413 3602 tenebrico-

353 3647 412 3682 aum
424 3629 582 3683 affectatae?
594 3631 673 3685 Recte
687 3645 780 3687 contra
801 3649 873 3686 natos
888 3638 958 3688 ᾰεωιι
979 3634 1110 3706 appellat,
1126 3652 1240 3703 quorum
1255 3653 1318 3686 taire
1331 3635 1417 3706 major

352 3731 415 3784 pare
427 3726 475 3765 aut
496 3711 545 3765 diii
563 3714 661 3784 geniti,
678 3726 726 3769 aut
746 3716 840 3770 divine
854 3718 942 3790 etii-pia
956 3717 1142 3781 habebantur,
1157 3717 1290 3787 efficitque
1308 3727 1337 3767 ut
1352 3715 1417 3768 inde

352 3800 454 3870 majora
472 3797 751 3872 magnificentioraque
765 3814 953 3873 exspectemus.
969 3799 1049 3866 Quod
1062 3811 1150 3853 autem
1163 3799 1295 3851 veteribus
1313 3810 1339 3850 et
1354 3798 1416 3850 vul·

352 3881 419 3951 gatis
432 3881 506 3934 libris
520 3881 623 3936 tamdiu
636 3885 748 3956 peaaima
768 3886 847 3939 lectio
860 3885 1010 3948 inhaeserit,
1030 3883 1058 3936 id
1079 3902 1163 3936 unum
1181 3899 1210 3933 ex
1227 3881 1317 3933 multia
1337 3899 1416 3950 argn-

240 3993 242 3996 ·
351 3977 471 4018 mentum
482 3984 537 4019 eece
550 3966 636 4020 dicam
646 4008 654 4033 ,
663 3969 823 4022 Vaticanum
833 3967 951 4022 codicem
963 3967 1081 4021 omnium
1096 3985 1153 4018 eece
1164 3965 1326 4037 principem,
1340 3966 1416 4036 cujus

352 4048 387 4102 ad
399 4049 532 4121 exemplar
544 4049 669 4124 descripti
679 4052 806 4104 mendum
816 4053 901 4105 caeteri
917 4053 994 4104 latina
1010 4067 1198 4122 propagavere.
1212 4047 1268 4099 Hoc
1281 4047 1415 4118 primum3

352 4133 448 4187 addam
466 4153 497 4187 ex
510 4136 567 4208 ipso
580 4138 666 4208 operia
679 4137 755 4189 titulo
771 4157 885 4190 errorem
898 4156 912 4188 a
926 4133 1055 4208 principio
1068 4132 1204 4204 proficisci
1220 4131 1345 4202 potuisse
1360 4130 1414 4183 Sci-

353 4217 414 4271 licet
432 4219 554 4274 librariua
565 4259 573 4284 ,
586 4221 632 4292 qui
650 4220 731 4277 modo
744 4224 930 4290 Argonauticon
945 4227 1114 4280 exaraverat,
1130 4216 1214 4280 sorte,
1233 4213 1305 4269 aliud
1320 4233 1416 4287 egena,
