3192 5128
366 559 469 608 cxxrv
670 535 822 605 PETRI
857 535 1131 608 BURMANNI

366 688 544 757 regnorum
567 685 746 754 graecorum
765 663 953 747 deducitur,
971 666 1078 732 donec
1101 667 1180 732 certi
1204 656 1325 754 aliquid
1345 689 1437 756 repe·

367 775 486 860 riatur,
507 771 541 832 in
565 791 632 857 quo
656 768 776 844 deinde
800 771 954 838 historica
976 773 1091 836 veritas
1114 794 1150 836 se
1172 787 1328 836 exerceat.
1344 773 1439 836 Certe

368 877 556 946 Herodotus
574 876 743 941 historiam
762 900 855 942 suam
874 900 1031 962 orsurus,
1054 895 1093 944 ut
1114 878 1154 943 ah
1176 879 1328 943 altissima
1344 894 1440 942 vem·

367 1003 446 1052 state
460 982 670 1073 perobscura
687 999 835 1071 tempora
848 1001 939 1049 certo
950 984 1004 1048 filo
1020 985 1160 1050 deducat
1173 1008 1244 1050 eam
1258 984 1299 1050 ad
1310 1003 1440 1072 tempus

367 1077 581 1170 historicum,
599 1085 761 1171 ostendit,
779 1112 911 1172 omnem
932 1090 1097 1154 materiem
1120 1106 1153 1155 et
1173 1113 1318 1156 caussam
1337 1091 1440 1155 hello-
1497 1159 1502 1166 .

351 1219 461 1278 'rum,
478 1219 550 1284 quae
565 1196 673 1260 Asiam
692 1210 724 1257 et
738 1195 903 1284 Europam
917 1196 1122 1279 colliserunt,
1134 1197 1263 1261 initium
1280 1197 1408 1262 duxisse
1421 1219 1441 1260 a

369 1302 535 1382 navalibus
552 1301 614 1365 illis
630 1301 807 1366 latrociniis
821 1316 854 1366 et
868 1303 1007 1391 rapinis,
1024 1325 1097 1390 quae
1112 1302 1200 1368 laudi
1215 1320 1248 1368 et
1260 1304 1369 1392 gloriar
1382 1304 1441 1366 ha-

368 1408 531 1496 bebantur
550 1407 646 1487 olim,
665 1422 698 1470 et
714 1425 818 1494 quum
834 1408 1003 1473 Phoenices
1017 1408 1113 1496 primi
1125 1409 1263 1491 fuerint,
1283 1411 1340 1497 qui
1356 1431 1442 1500 mer-

369 1530 487 1579 caturae
504 1535 616 1576 caussa
632 1511 732 1576 maria
748 1531 954 1596 exercerent,
972 1515 1050 1579 etin
1063 1515 1218 1579 Gtaeciam
1233 1538 1356 1580 merces
1368 1537 1442 1578 suas

368 1621 497 1685 venales
521 1634 708 1707 portarent,
732 1619 823 1703 illos,
846 1618 956 1702 addit,
981 1620 1104 1708 primos
1127 1621 1269 1710 rapuisse
1290 1623 1328 1685 Io
1344 1621 1442 1685 filiam

369 1727 501 1808 [naehi5
518 1749 617 1815 quam
633 1726 787 1806 injuriam
800 1742 838 1790 ut
850 1725 1052 1792 vindicarent
1065 1726 1186 1803 Graeci,
1198 1727 1239 1790 io
1247 1727 1444 1792 Phoenicium

369 1834 548 1915 trajecisse,
571 1849 605 1896 et
622 1832 787 1919 Europam
804 1833 970 1921 rapuisse:
990 1834 1068 1898 alios
1085 1832 1203 1897 deinde
1219 1855 1340 1922 groecos
1357 1833 1444 1914 inju-

370 1941 425 2004 riae
439 1954 588 2002 auctores
605 1925 780 2020 exstitisse,
798 1954 831 2002 et
845 1961 926 2002 nave
941 1940 1037 2028 longa
1050 1938 1166 2003 abiisse
1179 1939 1212 2003 in
1229 1938 1401 2021 Colchida,
1413 1954 1447 2004 et

372 2067 476 2133 quum
491 2042 539 2107 ibi
554 2043 624 2123 illa,
644 2065 785 2130 quorum
803 2045 904 2130 gratia
921 2043 1025 2131 (lucri
1041 2044 1196 2108 nimirum
1214 2061 1246 2108 et
1261 2043 1447 2109 divitiarum

372 2150 527 2239 cupidine
545 2146 684 2236 profecti
703 2165 814 2230 erant,
829 2164 867 2212 ut
879 2170 1000 2214 merces
1014 2150 1100 2214 illius
1112 2150 1274 2239 regionis,
1292 2172 1371 2237 qrras
1384 2150 1446 2214 sub

371 2255 496 2331 velleris
512 2252 602 2317 aurei
617 2253 756 2342 imagine
769 2269 871 2341 poetae
887 2253 1060 2335 exhibent,
1076 2255 1338 2344 compararent),
1352 2277 1447 2342 pere·

376 2362 514 2451 gissent,
527 2343 671 2446 rapuisse
686 2359 771 2448 regis
783 2359 880 2423 filiam
893 2359 1058 2444 Medeam3
1071 2377 1104 2425 et
1119 2383 1222 2448 quum
1234 2383 1297 2425 rex·
1305 2362 1448 2426 Colcho-

372 2491 447 2532 rum
467 2467 607 2532 misisset
623 2466 764 2554 legatos,
783 2467 839 2554 qui
856 2490 907 2532 res
925 2484 1126 2555 repeterent,
1140 2467 1346 2555 respondisse
1361 2468 1449 2534 Grae-

349 2563 351 2568 ’
373 2595 448 2653 cos,
472 2595 506 2636 se
529 2571 593 2636 hoc
614 2570 760 2653 injuriae,
785 2595 858 2659 quae
882 2572 916 2636 in
939 2589 1036 2660 raptu
1056 2575 1112 2636 lus
1130 2573 1214 2637 facta
1228 2589 1314 2655 erat,
1333 2595 1450 2663 repen-

374 2677 487 2744 dendae
513 2699 623 2740 caussa
648 2677 785 2743 fecisse:
810 2677 889 2741 huic
914 2677 1083 2742 latrocinio
1108 2679 1299 2744 successisse
1318 2679 1449 2744 Helenae

377 2801 530 2872 raptum,
548 2798 582 2846 et
599 2780 676 2845 inde
699 2781 821 2847 bellum
843 2782 1025 2864 trojanum,
1042 2805 1060 2846 a
1078 2805 1146 2871 quo
1165 2801 1335 2873 perpetuas
1351 2784 1450 2849 fuisse

376 2887 559 2954 inimicitias
584 2888 669 2951 inter
692 2885 821 2952 Graecos
841 2903 874 2951 et
888 2887 1063 2969 Asiaticos,
1092 2911 1165 2977 quae
1180 2889 1215 2952 in
1234 2891 1317 2954 bella
1332 2888 1451 2954 deinde

376 3019 451 3059 cum
473 2993 578 3058 Persis
595 3007 783 3081 eruperunt.
802 2991 892 3073 Quid
909 2992 1146 3081 Thucydides?
1163 3017 1275 3059 nonne
1294 2995 1347 3058 ille
1367 3018 1452 3083 quo·

378 3125 442 3188 que
458 3102 491 3164 in
506 3099 614 3187 operis
633 3119 695 3162 suo
712 3096 865 3179 exordio,
885 3121 936 3162 res
953 3100 1143 3164 Graecorum
1161 3101 1202 3165 ab
1219 3101 1344 3190 origine
1358 3125 1451 3188 repe·

378 3221 470 3286 tene,
490 3218 604 3268 omnes
629 3202 759 3267 Graecos
784 3219 823 3266 et·
841 3202 997 3268 Barbaros
1020 3205 1164 3270 ostendit
1186 3207 1264 3270 olim
1284 3207 1452 3271 latrocinia

380 3310 579 3390 exercuisse,
598 3332 703 3397 quum
726 3325 764 3373 ut
781 3309 1025 3374 necessitatibus
1045 3311 1111 3376 suis
1132 3312 1360 3388 subvenirent,
1381 3328 1452 3377 tum

382 3431 522 3505 qnaestus
541 3437 672 3497 caussa3
692 3436 794 3502 caque
816 3415 915 3479 fuisse
936 3417 1075 3505 gloriosa
1095 3433 1128 3482 et
1146 3418 1303 3500 honesta,
1325 3435 1357 3482 et
1375 3416 1453 3482 inde

383 3519 515 3584 deducit
537 3519 678 3608 origines
702 3520 855 3602 urbium,
879 3545 951 3609 quae
976 3524 1010 3585 in
1037 3523 1186 3588 litoribus
1209 3524 1330 3587 muniri
1348 3547 1455 3612 coepe-

382 3643 475 3708 runt,
496 3641 684 3688 mercaturae
700 3643 733 3690 et
750 3627 903 3714 potentiae
920 3651 1048 3710 caussa3
1066 3645 1098 3693 et
1117 3652 1220 3717 quum
1234 3629 1402 3694 Phoenices
1421 3647 1456 3694 et

382 3733 478 3795 Cares
504 3733 643 3795 maxime
667 3733 766 3796 maria
790 3749 823 3797 et
846 3747 946 3798 terras
969 3734 1011 3799 ad
1035 3759 1122 3799 mare
1148 3736 1222 3800 sitas
1245 3735 1454 3817 infestarent,

383 3838 493 3902 Minoa
510 3836 664 3904 classibus
678 3839 745 3902 suis
760 3861 913 3928 purgasse
931 3862 1020 3905 mare
1034 3839 1262 3928 predonibus:
1280 3856 1312 3903 et
1326 3839 1403 3904 hine
1414 3842 1458 3906 ad

383 3943 547 4022 trojanum
562 3943 685 4008 bellum
701 3943 921 4027 descendens,
939 3945 1101 4026 ostendit,
1116 3961 1276 4033 quantum
1288 3945 1412 4011 viribus
1425 3964 1458 4012 et

386 4049 504 4114 divitiis
520 4050 680 4114 creverint
700 4049 830 4115 Graeciae
845 4051 980 4139 populi?
999 4053 1105 4115 Immo
1121 4053 1223 4140 ipsam
1238 4075 1372 4141 quoque
1388 4069 1456 4128 tro·

380 4159 488 4238 janam
502 4155 743 4243 expeditionem
756 4158 918 4222 latrocinii
929 4157 1102 4246 quamdam
1112 4159 1238 4247 antiqui
1250 4161 1390 4247 speciem
1401 4161 1457 4238 ha·

287 4262 289 4276 ’
384 4264 510 4346 buisse,
526 4279 559 4328 et
569 4263 693 4353 navigia
703 4263 801 4328 fuisse
814 4280 914 4343 παλαιῷ
931 4275 1013 4345 τρόπῳ
1024 4277 1202 4358 λῃστικώζιρον
1218 4277 1454 4346 παρισκιυὰσμένα,
