3198 5106
383 511 778 586 inconnurrcou
805 521 892 586 nm.
917 525 943 587 1.
1179 545 1201 608 9
1243 505 1245 509 ’

167 646 212 709 Et
227 644 345 726 Sidon,
360 645 518 734 Nilusque
532 665 630 731 mtes;
646 673 734 715 nune
748 669 857 717 nostra
871 677 1003 718 serenus
1176 688 1202 715 ιι»

167 762 255 824 Orsa
266 761 372 842 juves,
387 759 456 826 haec
470 779 507 825 ut
519 764 608 828 latias
622 787 685 828 vox
699 766 831 854 impleat
844 768 950 833 urbes.

215 875 419 938 llaemoniam
434 876 546 963 primis
560 877 662 941 Pelias
676 878 824 943 frenabat
836 881 877 944 ab
891 881 1000 962 annis,

168 989 244 1052 Jam
259 989 363 1078 gravis
377 1005 411 1052 et
423 989 540 1080 longus
554 994 684 1082 populis
698 1010 821 1059 metus:
835 996 919 1059 illius
934 1019 1060 1078 amnes,

168 1105 304 1167 lonium
319 1091 518 1194 quicumque
532 1125 662 1194 petunt;
676 1110 728 1172 ille
744 1111 872 1198 Othryn
887 1127 919 1174 et
933 1114 1081 1178 Haemum

170 1222 281 1307 Atque
295 1219 398 1283 imum
412 1220 487 1284 felix
500 1222 646 1286 versabat
659 1247 790 1287 vomere
805 1225 992 1314 Olympum.

169 1334 237 1399 Sed
251 1358 318 1398 non
333 1335 397 1400 ulla
411 1337 503 1425 quies
516 1339 625 1401 animo
640 1339 809 1429 fratrisque
823 1342 951 1428 paventi

170 1449 383 1539 Progeniem,
398 1449 575 1539 divumque
590 1454 710 1517 minas:
723 1454 813 1518 hunc
827 1478 901 1518 narn
916 1455 986 1518 fore
1000 1457 1069 1544 regi

169 1563 296 1644 Exitio,
310 1580 463 1653 vatesque
477 1582 613 1647 canunt,
627 1567 858 1656 pecudumque
871 1591 930 1657 per
944 1593 1013 1633 aras

170 1679 316 1745 Terrifiei
331 1682 474 1745 monitus
488 1683 621 1746 iterant:
635 1706 733 1771 super
746 1685 847 1772 ipsius
861 1685 976 1773 ingens

160 1777 276 1860 'Instat
288 1795 372 1860 fama
385 1796 461 1877 viri,
474 1797 642 1884 virtusque
656 1796 745 1861 haud
759 1798 827 1860 laeta
841 1814 990 1888 tyranno.
1177 1824 1202 1861 s„

171 1911 261 1999 Ergo
275 1909 396 1973 anteire
411 1925 532 1991 metus,
544 1909 762 1998 juvenemque
777 1912 979 2000 exstinguere
994 1913 1100 2001 pergit

161 2085 199 2132 23.
213 2085 321 2158 Populos.
335 2087 424 2132 Borion.
437 2085 489 2132 sod.
503 2085 592 2131 Bouou.
603 2087 634 2131 ll.
649 2088 731 2132 Vener.
743 2085 814 2148 antiq.
829 2091 910 2134 Messes.
926 2089 998 2134 Abest
1008 2089 1032 2134 in
1045 2089 1134 2134 Bonou.
1147 2089 1199 2135 eod.

132 2170 226 2213 mnes.
238 2165 275 2213 ste
284 2165 337 2212 Ald.
347 2175 401 2228 post
408 2165 493 2212 sabell.
505 2169 595 2214 Omnes.
602 2168 654 2212 Vnt.
667 2176 690 2212 et
700 2169 757 2213 Bon.
767 2167 837 2213 codd.
845 2171 901 2215 Bon.
911 2171 922 2215 l
932 2179 955 2215 et
966 2170 996 2214 ll.
1009 2171 1072 2214 lunt.
1088 2170 1130 2215 Eu.

132 2343 188 2378 sem
196 2327 276 2399 hujus
286 2325 362 2389 libri,
374 2325 401 2378 iu
412 2337 467 2378 not.
479 2324 589 2378 advers.
600 2327 641 2379 15.
725 2332 766 2382 26.
781 2332 874 2381 Fratris
885 2329 981 2382 uteriui
992 2367 1000 2392 ,
1012 2329 1130 2392 AEsouis‚
1144 2329 1202 2400 qui·

167 2426 211 2459 ιο.
222 2412 336 2468 Serenus,
352 2423 443 2458 serens
458 2407 559 2469 fronte,
572 2425 642 2469 non,
688 2426 748 2460 cum
769 2421 878 2461 matrem
893 2447 900 2472 ,
917 2429 967 2461 uec
987 2419 1075 2461 temen
1095 2419 1201 2480 patrem

133 2497 162 2538 ut
175 2497 312 2557 arguimur
326 2486 509 2546 Burmannus,
526 2505 586 2538 oum
603 2505 644 2538 re·
688 2487 781 2541 habuit
790 2506 970 2540 communem.
982 2487 1069 2540 Mater
1076 2487 1202 2559 fuitTyro

134 2577 223 2638 spectu
244 2563 279 2617 sd
297 2563 387 2618 sidus:
405 2584 468 2618 nam
480 2565 644 2636 Vespasiano
688 2565 769 2618 modo
779 2579 938 2630 memorata,
948 2585 1007 2638 quoe
1013 2566 1102 2620 Pelian
1111 2585 1142 2618 ex
1150 2567 1202 2619 Ne-

134 2645 215 2697 voluit
232 2646 292 2698 viso
308 2644 411 2717 placere
428 2649 524 2717 poeta,
544 2663 597 2696 nou
617 2643 643 2694 in
689 2657 789 2716 ptuno,
802 2649 926 2698 AEsonem
939 2665 970 2697 ex
984 2646 1098 2698 Cretheu
1112 2665 1203 2698 conce·

134 2721 195 2778 deos
214 2725 306 2778 relato.
690 2722 909 2796 perat.Vid.Tub.
920 2724 1021 2794 geneal.
1031 2725 1059 2784 Ι,
1072 2743 1113 2792 ²7·

170 2823 211 2858 21.
231 2804 643 2874 Ut....voximpleaturbes‚per
724 2800 1085 2872 ²7.Hune:uonest,quod
1095 2803 1130 2853 ob
1139 2819 1203 2872 prae-
1294 2819 1298 2826 '

134 2883 320 2936 omuelatium
326 2901 432 2936 carmen
439 2883 642 2954 legatursneum.
689 2881 826 2934 cedentem
834 2885 977 2949 progeniem
991 2892 1076 2934 mutes
1088 2880 1114 2932 in
1127 2884 1202 2934 hanc.

170 2983 212 3016 υ,
225 2962 284 3015 Jnm
292 2963 415 3015 Valerius
426 2981 493 3034 opus
504 2962 591 3033 ipsum
602 2978 645 3030 eg·
688 2961 789 3013 Eadem
810 2973 848 3012 est
867 2960 951 3020 ratio,
970 2977 1027 3030 quse
1046 2957 1126 3030 paulo
1141 2971 1202 3010 snte

134 3040 259 3114 peditur.
275 3045 369 3102 Pelias,
385 3041 500 3114 Neptuni
513 3059 543 3093 ex
555 3041 644 3112 Tyro,
689 3061 716 3092 v.
731 3043 778 3102 15,
792 3039 854 3092 coll.
869 3059 894 3090 v.
911 3059 950 3091 rr.

134 3121 263 3175 Salmonei
272 3133 350 3184 uste,
361 3120 446 3182 filius,
459 3121 539 3172 fratre
548 3121 645 3171 AEsone
727 3121 813 3172 28-30.
835 3122 959 3170 Pecudum
981 3121 1082 3188 eem'fici
1098 3121 1203 3167 monitus

135 3201 254 3272 expulso,
266 3199 329 3252 iude
345 3219 359 3252 s
377 3203 517 3272 juventute
529 3199 644 3250 Thessa·
689 3203 780 3251 iterant
797 3201 883 3272 (fibris
897 3202 1003 3248 minaces
1015 3197 1090 3268 Virg.
1105 3196 1201 3268 Georg.
1218 3241 1228 3262 ,

134 3278 195 3332 liam
204 3291 319 3343 rexerat,
329 3282 410 3348 gravis
421 3293 445 3328 et
456 3283 541 3347 longus
547 3280 645 3346 populis
688 3280 718 3342 Ι,
731 3281 812 3350 484);
824 3290 882 3330 exte
894 3278 954 3349 plus
967 3278 1024 3330 viee
1037 3275 1150 3346 simplici
1165 3275 1204 3325 in·

134 3374 220 3418 metro,
233 3359 285 3412 hoc
292 3369 345 3421 est,
355 3355 432 3410 valde
442 3358 591 3429 multosque
597 3375 645 3427 per
689 3370 778 3431 specte
788 3358 951 3410 malsomnis
959 3354 1161 3428 portendebant.
1169 3383 1203 3392 -

80 3467 85 3474 ·
134 3436 643 3491 anuoseiribusmetuendus:sieSenec.
688 3445 776 3505 δωρον,
792 3439 914 3507 insuper,
928 3447 1062 3506 preterea.
1079 3433 1121 3487 Sic
1136 3450 1204 3504 saepe
1248 3449 1253 3462 ·

134 3518 159 3570 in
172 3517 330 3590 Hippolyto,
344 3535 391 3585 ²9,
406 3537 492 3584 apmm
506 3529 581 3570 vocat
595 3537 645 3567 me·
689 3519 792 3570 Noster.
804 3548 839 3556 -
852 3517 1014 3584 Instaesama
1028 3517 1090 3574 uiri,
1108 3524 1202 3582 urget,

135 3612 183 3648 tion
197 3601 311 3667 agr-leolis
318 3620 328 3657 ,·
341 3597 434 3649 Noster
445 3597 487 3658 ll,
506 3601 552 3659 ιδ’,
569 3611 645 3646 metus
689 3596 756 3658 urit,
769 3595 879 3648 molesta
900 3591 1028 3646 est.Vide
1046 3611 1113 3646 vers.
1137 3598 1203 3658 249,

134 3681 212 3737 deum,
219 3695 268 3748 pro
275 3676 333 3728 loco
341 3673 587 3728 metuendo.Vi‹l.et
594 3676 644 3737 IV,
689 3680 767 3726 virtus
783 3678 854 3726 baud
868 3678 925 3724 lata
946 3687 1065 3739 ςγναιηιο,
1085 3687 1143 3743 quae
1154 3670 1203 3742 ipsi

53 3812 57 3826 ⁵
135 3757 269 3820 201,3no.
689 3753 831 3807 metuendo
845 3761 921 3805 esset.

170 3836 292 3889 ²3.Tum
302 3833 368 3886 fines
378 3833 481 3904 imperii
492 3831 645 3885 describun-
727 3835 769 3886 31.
787 3836 901 3892 Arreer're,
920 3829 1079 3902 praevenire,
1096 3847 1205 3901 prseter-

132 3925 257 3967 turmore
267 3913 349 3984 poetis
359 3914 450 3976 solito,
463 3925 492 3964 ut
502 3911 644 3965 fluminuet
689 3924 743 3965 tere
750 3915 876 3963 AEsonium
877 3915 1003 3980 juvenem,
1012 3907 1103 3980 viginti
1110 3925 1204 3979 nempe

132 4005 234 4046 montes
253 4003 279 4045 et
298 3993 395 4044 fertiles
414 3992 501 4062 carupi
520 4011 571 4064 pro
590 4003 644 4044 tota
689 4002 888 4044 annosnstum.
902 3988 980 4042 Pind.
994 3987 1148 4060 Pytb.182,
1162 4007 1204 4038 es·-

131 4073 237 4144 regione
247 4079 395 4144 ponantur.'
405 4075 524 4122 Versabae
532 4091 643 4130 ssonsere,
689 4074 809 4138 stinguere
824 4073 924 4138 pes-gie,
947 4078 1044 4139 perstet
1064 4067 1127 4118 infr.
1146 4066 1202 4127 IV,

133 4152 202 4224 quod
215 4164 241 4204 et
251 4152 336 4222 ipsum
347 4151 494 4221 poeticum,
507 4149 524 4202 ἰ.
535 4150 646 4220 e.in1pe-
692 4167 753 4212 2215
764 4149 847 4221 pergit
857 4147 891 4200 de
901 4165 932 4200 eo
941 4144 1123 4199 interficiendo
1132 4144 1204 4213 cogi·
1286 4211 1291 4224 Ι

131 4231 171 4283 rio
180 4233 237 4304 ejus
246 4228 343 4283 subditi
353 4241 441 4293 erant,
452 4231 498 4302 qui
507 4229 540 4282 sd
551 4229 645 4300 Olym·
690 4240 755 4280 tare.
771 4227 848 4281 llsud
861 4246 923 4281 raro
935 4227 970 4279 its
982 4226 1060 4278 verba
1075 4233 1204 4311 usurpant

132 4310 158 4383 pi
171 4310 268 4364 montis
275 4307 395 4363 radicem
409 4327 485 4381 agros
499 4310 630 4362 colebant.
690 4307 847 4378 scriptores,
861 4318 955 4360 utnon
966 4305 1204 4375 tamipsamtctto·
