3192 5128
355 542 423 588 cxx
659 517 812 587 PETRI
842 519 1118 590 BURMANNI

354 669 390 711 se
400 644 553 726 Ovidius,
567 648 681 712 Amor.
693 647 758 729 111,
776 644 834 730 15,
849 645 889 732 3,
906 647 1001 732 dioit,
1015 647 1145 735 Peligni
1157 651 1237 712 ruris
1247 645 1422 716 alumnum.

355 751 498 815 Ennium
517 750 633 816 Rudiis
649 767 763 816 natum
782 751 880 817 finisse
897 767 1041 835 constat,
1056 769 1090 818 et
1102 777 1179 819 eum
1192 753 1358 819 alumnum
1373 779 1425 820 vo-

292 865 297 872 '
355 871 407 920 cat
422 856 603 921 Rudiarum
619 857 731 939 Silius,
749 857 805 921 lib.
822 858 904 940 XII,
923 879 996 944 297.

481 1023 559 1076 Nunc
570 1017 662 1074 Rudiae
674 1020 733 1074 solo
742 1022 914 1075 memorabile
924 1039 1021 1076 nomen
1033 1026 1151 1078 alumno,

352 1181 510 1250 Putidum
530 1194 615 1245 esset
631 1178 724 1265 plura
746 1199 922 1266 congerere
939 1175 1034 1264 (nam
1052 1193 1202 1243 sexcenta
1217 1178 1333 1268 licet),
1350 1180 1424 1269 qui·

354 1291 417 1355 bus
432 1287 577 1352 adamatos
590 1285 654 1348 loci
669 1285 718 1348 vel
734 1283 823 1348 urbis
837 1299 973 1365 vocant,
987 1283 1034 1348 ibi
1053 1299 1166 1365 natos,
1186 1299 1290 1373 poetae
1310 1301 1343 1349 et
1360 1286 1423 1352 alii.

353 1394 418 1460 Sed
441 1392 550 1458 mirari
572 1404 725 1479 praeterea
744 1387 914 1453 corradini
938 1411 1075 1453 acumen
1099 1389 1196 1472 licet,
1220 1391 1277 1478 qui
1294 1414 1426 1480 arguere

355 1497 591 1591 Quinttdianum
607 1517 630 1559 a
646 1517 795 1584 generoso
820 1495 897 1558 vino
920 1493 985 1584 ejus
1001 1497 1140 1583 patriae„
1160 1497 1273 1578 idest,
1296 1497 1403 1562 Setino
1412 1546 1423 1578 ,

353 1605 444 1698 opud
457 1605 607 1694 antiquos
625 1599 867 1683 laudatissimo,
881 1601 930 1664 ad
942 1601 1007 1690 qus
1024 1603 1201 1690 ingenium,
1218 1601 1318 1667 addit.
1341 1604 1427 1667 Citat

354 1735 431 1777 vero
449 1711 589 1794 Quintil.
606 1710 641 1772 iu
655 1707 711 1774 lib.
726 1707 768 1772 ad
783 1707 925 1772 Marcell.
947 1723 979 1772 et
1001 1706 1042 1771 de
1055 1708 1170 1772 lustin
1182 1723 1262 1772 orat.
1275 1756 1284 1790 ,
1301 1707 1358 1773 lib.
1376 1710 1424 1785 X,

356 1841 426 1906 cap.
448 1815 592 1900 13unde
609 1814 724 1902 aliquis
742 1801 934 1895 oonficeret,
952 1813 1046 1877 illum
1062 1835 1232 1901 nunquam
1251 1813 1426 1896 Quintilia-

355 1947 436 1988 num
448 1921 664 2003 oonsuluisse,
679 1936 713 1983 et
726 1919 809 1983 duos
823 1918 966 1984 diversos
980 1920 1080 1984 libros
1096 1922 1221 2001 facere,
1234 1919 1275 1984 ad
1289 1921 1426 1986 Marcel·

353 2031 441 2112 lum,
460 2045 493 2092 et
515 2027 556 2092 de
578 2025 786 2090 institutione
807 2025 966 2104 oratoria3
987 2047 1092 2111 quum
1112 2040 1220 2113 pateat
1241 2027 1426 2114 inspicienti

357 2135 611 2218 Quintilianum,
629 2130 729 2194 libros
745 2128 838 2192 illum
852 2151 929 2193 suos
944 2127 984 2193 de
998 2119 1207 2193 Institutione
1221 2133 1360 2195 oratoria
1374 2132 1425 2195 in·

353 2242 517 2330 scripsisse
540 2236 692 2303 Marcello
714 2234 871 2298 Victorio.
899 2233 962 2297 Sed
982 2235 1015 2298 in
1040 2235 1152 2299 hisne
1174 2237 1371 2320 haereamus,
1392 2254 1426 2302 et

355 2348 579 2414 condonemus
600 2343 685 2406 hane
707 2341 923 2429 ignorantiam
946 2341 1016 2404 viro
1037 2341 1072 2404 in
1096 2342 1163 2405 aliis
1190 2342 1305 2407 studiis
1325 2367 1424 2409 oceu-

354 2469 441 2543 pato.
464 2451 529 2515 Ubi
554 2470 631 2512 vero
653 2447 758 2535 arguit
780 2445 898 2510 Fabius
922 2467 941 2508 a
963 2446 1040 2510 vino
1065 2448 1177 2512 Setino
1199 2447 1240 2512 ad
1255 2449 1424 2539 ingenium

353 2558 471 2624 Valerii
487 2554 615 2646 poete?
633 2553 758 2634 omnia,
772 2573 835 2639 que
849 2551 890 2615 de
902 2552 1030 2616 Valerio
1044 2551 1122 2618 dicit
1132 2553 1268 2636 Fabius,
1285 2578 1341 2620 sex
1353 2579 1426 2622 ver·

348 2666 398 2730 bis
409 2663 634 2741 absolvuntur,
645 2657 787 2724 Multum
804 2660 839 2720 in
854 2656 983 2722 Valerio
994 2657 1111 2721 Flacco
1125 2681 1225 2747 nuper
1241 2663 1403 2727 omistmus
1411 2689 1425 2744 ,·

352 2770 410 2836 sed
421 2771 548 2835 bonum
563 2767 671 2830 virum
689 2763 880 2828 fefellerunt
889 2762 974 2826 forte
986 2764 1153 2849 sequentia
1167 2765 1282 2848 verba,
1299 2790 1371 2855 quae
1384 2767 1425 2832 de

351 2879 415 2943 alio
433 2891 536 2966 agunt
547 2890 660 2963 poeta,
679 2871 783 2936 Saleio
802 2871 916 2933 Basso:
933 2869 1103 2934 Vehemens
1120 2884 1151 2933 et
1160 2874 1321 2958 poeticum
1338 2877 1425 2963 inge·

353 2985 442 3048 nium
458 2979 558 3044 Saleii
571 2975 757 3064 Bassifitit,
775 2998 830 3038 nee
846 2978 945 3064 ipsum
961 2989 1114 3040 senectute
1128 2993 1299 3043 maturum.
1319 2979 1424 3059 Hujus

354 3090 529 3154 vehemens
557 3083 725 3173 ingenium
749 3081 832 3144 forte
853 3080 895 3146 ab
917 3096 1014 3144 acuto
1037 3081 1147 3169 aliquo
1169 3083 1326 3170 scriptore
1348 3086 1424 3150 vino

352 3194 467 3260 Setino
480 3205 589 3281 posset
600 3185 795 3275 comparari,
814 3184 890 3248 licet
902 3207 963 3250 nee
974 3186 1009 3251 id
1019 3186 1132 3250 fecisse
1146 3189 1282 3253 Fabium
1295 3189 1423 3254 credam

352 3302 386 3364 in
409 3300 525 3376 anso,
544 3293 647 3356 multo
666 3291 774 3353 minus
802 3289 838 3352 in
863 3289 978 3354 Flacco
1000 3307 1134 3355 nostro:
1156 3291 1213 3357 sed
1231 3294 1421 3376 verisimile,

354 3404 570 3472 Corradinum
591 3401 676 3464 hano
696 3397 914 3476 conjecturam
937 3398 1082 3464 hausisse
1104 3423 1142 3464 ex
1165 3402 1279 3465 Criniti
1299 3403 1422 3486 verbis,

352 3513 409 3578 liu.
424 3510 480 3592 lV,
497 3507 538 3572 de
552 3503 659 3570 Poetis
674 3503 800 3584 latinis,
816 3524 884 3589 cap.
899 3501 963 3584 68,
980 3505 1036 3590 qui
1053 3503 1094 3567 de
1107 3505 1234 3569 Valerio
1248 3529 1363 3597 agens,
1383 3510 1423 3571 li·

353 3637 405 3685 cet
416 3617 608 3683 Patauinum
621 3612 748 3694 credat,
765 3610 854 3675 addit
865 3628 991 3694 tamen,
1005 3613 1084 3676 alios
1101 3614 1248 3679 Setinum
1267 3617 1369 3680 i'acere
1383 3639 1423 3680 ex

355 3727 459 3806 Setia,
472 3723 560 3814 eujus
573 3723 650 3783 nino
662 3722 696 3782 in
707 3741 826 3805 magno
831 3718 934 3806 pretio
932 3717 1031 3804 suere
1041 3719 1151 3783 habita
1158 3743 1172 3800 ,⁰
1183 3737 1217 3784 et
1228 3721 1335 3786 statim
1346 3723 1423 3787 sub-

350 3832 477 3922 jungit:
492 3829 606 3892 mirum
621 3825 728 3890 videri
741 3824 845 3906 debet,
858 3841 979 3912 quanto
990 3827 1101 3914 spiritu
1112 3825 1248 3891 Flaccus
1260 3831 1420 3915 insurgat,

353 3951 536 4030 quantaque
550 3933 668 4020 ingenii
668 3929 830 4019 felicitate
849 3931 1056 3995 inscribendo
1071 3934 1208 3996 cannino
1211 3946 1351 4021 praestet.
1364 3935 1424 3999 Hic

355 4059 399 4108 est
416 4041 470 4106 ille
490 4039 521 4104 V
521 4037 565 4102 al.
584 4037 736 4117 Flacem,
756 4039 788 4100 in
805 4037 894 4126 cujus
912 4037 995 4100 obitu
1015 4035 1148 4101 multum
1152 4035 1258 4124 fuisse
1276 4042 1423 4105 amissum

355 4145 618 4238 querituanbius
626 4141 842 4231 Quintilianus
848 4142 881 4204 in
889 4141 975 4205 libris
983 4141 1030 4204 ad
1039 4141 1228 4208 Marcellum
1237 4145 1272 4207 V
1268 4146 1420 4210 interium.
1473 4219 1478 4230 Ι

356 4255 432 4319 Haec
444 4274 511 4316 non
525 4265 611 4314 reete
628 4249 669 4312 ab
685 4271 725 4313 eo
744 4247 905 4312 intellecta
923 4247 1031 4328 farere,
1050 4247 1107 4334 qui
1126 4265 1157 4312 et
1173 4249 1250 4314 inde
1268 4249 1367 4316 libros
1376 4249 1422 4316 ¹ad
