3246 5112
427 482 816 549 ARGONAUTICON
844 486 931 550 LlB.
955 487 981 551 l.
1027 575 1029 585 .
1196 489 1233 553 61

217 615 282 680 llas
301 615 441 695 animas,
459 615 634 703 patriaque
651 615 801 703 amplecti
820 617 938 684 liminae
955 633 1065 706 portoe.

215 731 301 794 Tum
322 751 532 817 quocumque
549 730 622 794 loco
640 730 768 794 meritas
785 730 843 794 tihi
861 733 1020 820 plurimus
1035 757 1103 798 aras

215 846 329 908 Pascat
343 844 466 922 honos,
483 844 681 931 uhictunquc
697 845 776 908 rotis
791 845 973 912 horrendus
990 850 1120 936 eqtrisrc

216 961 302 1040 Stas,
316 974 422 1047 pater,
438 974 536 1046 atque
552 959 665 1047 ingens
682 959 846 1046 utrimque
861 957 992 1024 fluentia
1005 963 1117 1026 Triton

217 1077 320 1139 Frena
335 1089 438 1155 tenet,
456 1088 565 1136 tantus
580 1088 705 1136 nostras
722 1073 862 1137 condere
878 1096 937 1162 per
953 1071 1081 1140 urbes.»
1199 1104 1238 1141 aa.

262 1189 393 1252 Dixerat
409 1188 494 1268 hae03
514 1187 617 1251 oritur
636 1188 772 1268 clamor,
791 1186 975 1276 dextraeque
991 1209 1183 1279 sequentum

217 1302 324 1366 Verba
340 1301 441 1365 ducis.
463 1302 530 1382 Sic,
548 1323 651 1388 quum
671 1302 803 1366 stabulis
819 1317 852 1365 ct
871 1303 1029 1371 messibus
1043 1304 1158 1394 ingens
1212 1339 1216 1354 r

218 1420 270 1482 Ira
285 1415 382 1479 deum
399 1431 431 1480 et
446 1416 562 1480 calabri
578 1417 752 1504 populator
764 1417 865 1480 Sirius
879 1419 944 1480 arvi

218 1532 388 1613 Incubuit,
406 1533 471 1595 coit
486 1547 648 1620 agrestiun
664 1552 779 1594 manus
794 1532 893 1594 inscia
909 1533 1051 1620 priscum

219 1649 258 1710 In
276 1647 407 1727 nemus,
424 1663 457 1711 et
471 1646 595 1710 miseris
611 1644 710 1709 dictat
727 1645 779 1733 pia
797 1662 870 1708 vota
889 1645 1046 1711 sacerdos.
1200 1675 1239 1712 aas
1303 1677 1306 1684 ¹

219 1761 302 1824 Ecce
316 1775 424 1824 autem
441 1760 531 1832 molli
547 1760 714 1849 Zephyros
729 1758 924 1824 descendere
940 1762 1031 1849 lapsu

219 1875 407 1962 Aspiciunt3
423 1873 509 1937 volat
524 1874 674 1938 immissis
690 1896 765 1938 cava
781 1875 878 1961 pinus
894 1874 1043 1956 habenis,

219 1985 416 2074 Infinditque
431 1987 549 2066 salum,
566 2003 598 2052 et
613 2008 743 2074 spumas
758 1987 861 2050 vomit
877 2009 938 2050 aare
956 1985 1105 2052 tridenti:

205 2185 260 2244 ⁶17.
270 2185 368 2229 limina
379 2185 468 2229 Boron.
480 2182 532 2229 cod.
545 2193 569 2229 et
581 2182 635 2229 edd.
647 2191 701 2228 ante
710 2183 831 2228 Heinsium
845 2183 962 2230 revocavit
971 2185 1082 2244 Wagner.
1094 2201 1138 2245 pro
1150 2185 1237 2234 limine.

174 2263 269 2322 -678.
281 2263 367 2308 Pascit.
374 2262 479 2308 vatican.
496 2271 519 2307 et
533 2261 623 2308 Bonon.
640 2259 710 2308 codd.
730 2263 853 2324 Equt'sque.
871 2263 960 2308 Boron.
976 2261 1028 2308 cod.
1046 2265 1136 2310 Boron.
1151 2266 1160 2309 l
1174 2276 1197 2311 et
1208 2267 1238 2311 ll.

174 2351 199 2388 et
208 2341 259 2388 alia
269 2349 324 2387 ante
334 2341 439 2387 Carrion.
448 2367 479 2376 -
487 2341 543 2402 679.
555 2340 688 2390 Statuas
700 2349 723 2388 et
731 2343 821 2388 Boron.
836 2340 906 2387 codd.
923 2341 949 2386 ln
961 2343 1048 2386 Boron
1061 2342 1114 2390 cod.
1128 2347 1181 2390 Staa
1193 2361 1238 2406 pro

174 2421 238 2468 ntia
247 2421 398 2467 1666066-
408 2422 462 2470 680.
474 2425 577 2467 Tantum.
591 2423 682 2467 Boron.
697 2421 767 2468 codd.
781 2430 805 2466 et
820 2419 874 2466 cdd.
893 2422 1002 2470 Concede.
1018 2422 1093 2469 Codd.
1106 2433 1129 2470 ct
1143 2423 1196 2472 edd.
1206 2454 1236 2462 -

173 2499 229 2548 681.
239 2503 372 2562 Dexuaqae
377 2509 518 2563 requestam.
529 2500 604 2546 Codd.
614 2511 638 2546 ct
647 2499 700 2547 edd.
709 2501 846 2561 nexaeque
853 2508 983 2561 sequantur.
992 2499 1141 2558 tta-ott.
1149 2483 1236 2553 Aine.

174 2580 251 2626 Codd.
264 2589 288 2625 ct
301 2579 352 2626 add.
366 2589 420 2626 ante
431 2579 536 2626 Carrion.
546 2581 590 2626 En.

174 2733 329 2806 doopoetau
343 2732 404 2786 vide
413 2733 483 2786 infra
494 2735 544 2795 IV,
558 2734 605 2802 34)
614 2735 683 2800 ‚jam
727 2730 1136 2803 quodArgonautasoumimcr'is,
1148 2755 1236 2808 super-

174 2817 347 2873 sintmeliora,
359 2813 443 2884 magis
450 2813 574 2885 propitia.
727 2811 832 2863 stitiosis
842 2809 1004 2882 stupidisque
1013 2815 1158 2883 agrestibus
1167 2835 1238 2869 com-

209 2897 275 2960 677.
290 2889 369 2957 Quod
383 2893 405 2945 si
417 2893 516 2954 facias,
535 2895 631 2944 meritas
644 2893 685 2941 tibi
726 2907 821 2962 parare
828 2890 1068 2943 voluiachalerius
1080 2893 1119 2945 vix
1130 2895 1237 2948 creden·

174 2975 544 3039 amphrbmpascetltonos
557 2970 683 3042 plurima·
727 2968 777 3020 dus
805 2972 860 3036 est)
884 2972 909 3020 in
928 2972 1054 3035 priscum,
1081 2974 1236 3044 andquitate

173 3067 237 3102 rum
249 3049 417 3104 victimarum
430 3050 556 3122 sanguiue
566 3061 592 3102 et
600 3049 683 3102 carhi-
725 3048 891 3119 religiosum,
905 3053 1055 3110 manuscrit,
1069 3063 1095 3103 et
1105 3067 1237 3122 praeeunte

175 3131 226 3182 bna
232 3130 349 3182 onerabo
358 3129 520 3191 altmarus,
532 3141 559 3182 et
568 3138 682 3200 quantus
726 3127 863 3179 sacerdote
876 3137 937 3179 rota
952 3141 1098 3200 nuncupat.

175 3210 205 3262 in
225 3209 284 3262 aliia
303 3209 416 3262 urhihua
434 3225 483 3261 stas
503 3213 561 3260 ratis
587 3210 684 3275 aquisve
762 3208 823 3260 686,
843 3205 942 3259 Placidi
956 3211 1012 3281 jam
1031 3209 1131 3280 spirant
1146 3214 1235 3277 venti,

176 3291 324 3348 dromades,
342 3306 423 3340 curru
439 3299 512 3340 vaslo
527 3285 683 3340 amerahilis
727 3285 798 3339 volat
807 3287 932 3346 immissis,
948 3285 1078 3348 incitatis,
1093 3309 1153 3340 cava
1160 3295 1235 3359 pimts

178 3367 250 3438 (sine
262 3365 344 3419 dubio
358 3368 394 3420 ob
408 3368 498 3420 oculos
512 3366 605 3419 hahuit
617 3383 684 3436 opus
727 3367 839 3426 habenis,
862 3383 929 3436 quas
950 3383 1017 3436 saepe
1038 3367 1151 3419 navibus
1169 3369 1236 3424 dant

176 3446 317 3518 antiquum
325 3449 434 3516 poeta),
449 3457 552 3498 tautum
563 3457 589 3498 et
601 3445 630 3497 in
642 3463 685 3496 ur·
727 3455 827 3514 poetam
845 3442 906 3496 vide
921 3442 971 3508 IV,
988 3446 1117 3514 679680,
1130 3450 1237 3519 irfindit-

176 3525 364 3596 hihnserigam
376 3526 481 3578 nostris.
728 3529 876 3591 querebam,
889 3523 1237 3599 aulcostrahitperarqnor,

212 3608 274 3657 681.
289 3603 364 3658 Idem
377 3604 428 3656 tati
440 3616 536 3659 vovent
548 3605 685 3674 Argonau·
728 3614 754 3654 et
762 3621 860 3670 :prunas
869 3607 1004 3656 vomicam
1011 3607 1119 3665 tridenti,
1131 3609 1237 3673 rostaim

177 3691 224 3743 tat,
241 3681 293 3736 hoc
313 3683 384 3736 enlm
403 3695 442 3736 est
461 3697 593 3752 seqaunatr
608 3685 684 3733 verda
728 3679 1235 3752 videVirg.AEu.V,143,elScl1effer,

177 3764 259 3822 dacis,
273 3779 329 3814 non
345 3780 420 3814 secus
437 3780 485 3825 ac,
501 3777 584 3833 quum
600 3759 686 3830 gregi·
730 3757 764 3812 dc
779 3759 872 3812 militia
891 3761 996 3823 natali,
1015 3763 1058 3825 Π,
1083 3765 1114 3827 6,
1135 3784 1163 3835 p.
1177 3774 1237 3822 ¹26.

175 3839 261 3892 haret
268 3841 368 3909 campis
379 3844 476 3892 &labri
478 3841 686 3908 populatorfflus
730 3835 904 3890 Adumbravit
917 3838 1005 3890 locum
1018 3858 1048 3892 ex
1056 3841 1131 3912 Virg.
1139 3846 1237 3911 ΕΜ,

175 3921 247 3978 arvi,
267 3918 364 3972 nimius
384 3919 445 3972 solis
464 3931 541 3970 astus
560 3915 686 3970 damnum
731 3917 887 3985 sarpanas
903 3921 1028 3969 salisam
1043 3923 1155 3982 mebant,
1173 3925 1237 3990 sed,
1257 3955 1263 3983 r

174 3996 284 4060 intulit,
296 4012 419 4066 agrestam
431 4017 519 4050 monus
532 3997 688 4063 inscia(ma·
731 3994 803 4066 quod
819 3995 961 4049 imitatores
976 3996 1077 4060 solent,
1096 3998 1167 4054 idem
1181 4006 1241 4074 pul-

174 4075 218 4146 gis
226 4076 313 4146 placet
322 4081 416 4135 maia,
431 4075 504 4149 quod
517 4087 611 4147 prater
624 4074 688 4128 alios
732 4073 822 4126 chrias
835 4075 931 4128 efferre
944 4075 1096 4140 affectavit,
1112 4097 1161 4131 nco
1172 4082 1239 4136 infe-

175 4153 282 4208 codioea
295 4155 464 4210 Harlesianus
476 4156 556 4210 ctiam
568 4151 689 4226 profert,
732 4152 815 4206 liciter
828 4152 863 4206 ad
880 4169 969 4212 meam
987 4171 1108 4220 sensum,
1127 4159 1238 4212 Noster:

176 4233 368 4306 etplaoeteam
382 4233 501 4306 inprimis
515 4235 687 4296 clamosam,
732 4232 808 4285 navis
827 4251 879 4286 aare
898 4235 1008 4294 tridenti,
1029 4246 1113 4288 rostro
1135 4236 1239 4303 trifido,
