3116 5102
375 458 501 526 Novl
531 455 777 522 EDITORIS
806 455 963 524 NOTAE.
1146 458 1209 524 383

144 579 262 632 Gravidae
280 593 345 648 ergo
363 588 442 638 soram
455 591 511 628 non
526 581 565 626 est
585 570 727 644 quodvult
742 571 929 636 Burmannus,
947 591 998 628 eaeo
1008 575 1107 644 graus,-
1121 585 1209 646 pater·

143 661 267 725 familias,
276 678 357 732 quern
365 658 487 714 Valerius
497 656 579 712 morti
590 657 740 728 proximum
751 657 844 730 fingit,
855 677 911 710 non
922 669 962 710 est
974 657 1047 712 sessio
1056 659 1193 714 coniectus
1203 700 1211 726 ,

143 747 163 801 si
173 745 280 819 quidem
294 749 351 819 ejus
363 743 441 797 liberi
450 751 513 796 sunt
522 739 610 796 adhue
620 739 742 812 parvuli,
752 752 782 794 ut
790 739 906 794 indicant
917 739 974 794 huo
986 741 1065 794 verba
1076 777 1085 804 ,
1098 757 1209 794 natorum

136 850 217 902 pana
228 849 325 890 mnus,
336 841 364 883 et
376 843 436 900 que
445 836 593 899 sequuntur
610 841 617 876 :
634 836 760 896 preterea
772 826 930 878 immaturas
942 825 1055 900 quisque
1064 825 1210 880 luctuosior

141 927 179 968 est
191 914 292 976 exitus,
305 924 331 966 et
339 910 535 965 miserationem
545 907 633 962 minus
644 917 763 961 moveret
776 908 868 963 tabula
879 927 962 982 quam
974 909 1059 982 pingit
1068 910 1188 965 Valerius
1201 948 1209 974 ‚

141 997 162 1051 si
172 1009 249 1072 pater
260 995 304 1050 ille
314 1009 468 1068 supremum
477 989 551 1046 diem
559 1009 638 1044 senex
645 989 741 1044 obiret.

175 1131 209 1184 V.
223 1147 266 1199 s7.
277 1134 324 1183 1110
334 1147 419 1182 recens
427 1131 503 1182 oculis
513 1128 643 1180 intervolat
650 1129 751 1180 Idtnon.
760 1122 900 1180 -dtecem
913 1132 1014 1189 Idmon,
1029 1147 1079 1201 pro
1092 1133 1207 1200 cogitatio

140 1217 250 1266 Idmonis
268 1226 379 1266 recenter
395 1213 526 1271 exstincti,
542 1209 650 1264 concisa
664 1221 691 1262 et
707 1207 795 1264 audax
809 1221 849 1263 est
866 1210 980 1272 locutio,
1000 1213 1052 1267 hoo
1070 1213 1129 1269 loco
1147 1217 1210 1270 satis

139 1295 245 1360 lueida,
258 1295 335 1367 cujus
347 1303 436 1348 antem
451 1291 565 1348 imitatio
575 1291 741 1346 obscuritatis
751 1291 870 1365 periculo
882 1312 938 1347 nou
947 1307 1045 1350 careat.
1062 1299 1169 1352 Diversa
1181 1300 1209 1352 in

138 1397 169 1432 re
189 1379 332 1451 imaginem
348 1377 448 1452 prabet
462 1374 585 1430 eamdem
602 1375 713 1441 Cicero,
735 1375 769 1428 de
778 1377 851 1448 Lege
866 1378 991 1450 Agraria,
1009 1391 1076 1434 orat.
1090 1383 1135 1445 ΙΙ,
1156 1385 1208 1450 59;

143 1465 238 1515 Volitat
245 1465 310 1516 enim
323 1476 382 1515 ante
394 1463 478 1514 oculos
491 1461 591 1512 isonam
601 1461 670 1512 tuba
679 1462 742 1529 regis
742 1463 816 1532 filius
829 1466 983 1526 adolescens,
996 1483 1046 1516 non
1060 1467 1140 1517 mium
1151 1470 1212 1519 bene

140 1561 280 1600 nummatus
289 1585 297 1610 ,
314 1565 390 1616 quam
399 1547 460 1597 bene
467 1546 606 1614 capillatus.

173 1681 209 1734 V.
224 1679 268 1733 28.
284 1680 435 1732 Exanimem
441 1678 541 1748 frustra
558 1678 654 1742 Minya
666 1680 774 1728 elamore
785 1690 921 1732 maranata.
934 1707 971 1720 -
981 1681 1092 1732 &amore
1104 1685 1197 1734 morati
1203 1723 1210 1743 ,
1279 1730 1283 1755 ι

138 1762 301 1838 periphrasis
312 1773 352 1818 est
360 1761 461 1835 poetica
471 1778 521 1833 pro
532 1763 702 1819 onosma,
718 1759 739 1812 i.
755 1777 781 1812 e.
797 1770 917 1814 mortuos
930 1777 1027 1833 magua
1040 1781 1106 1816 voce
1116 1763 1212 1818 iterum

138 1860 221 1919 atque
235 1844 331 1900 iterum
349 1861 462 1909 vocare,
479 1861 540 1916 quaa
550 1842 681 1896 Veterum
698 1841 864 1898 eonsuetado
884 1843 1212 1912 init30vid.1rist.111,

140 1933 168 1996 3,
182 1932 237 1999 43:

328 2029 523 2048 .............
527 2011 601 2060 quum
611 1996 714 2043 clamore
724 2009 835 2058 supremo

327 2074 444 2122 hbentes
454 2072 536 2120 oeulos
546 2070 634 2118 oondet
643 2069 719 2118 amioa
729 2085 820 2118 manus.

139 2182 241 2236 Lucan.
253 2181 292 2248 11,
307 2199 339 2234 as
349 2197 357 2232 ε
368 2199 444 2248 qaum
454 2197 559 2248 sarpam
571 2177 681 2232 nondum
693 2177 953 2246 auciamutajseeat.
964 2177 1033 2234 vide
1041 2178 1125 2234 Servii
1134 2193 1210 2236 notas

141 2265 489 2339 inVirgit.AEn.V1,srs.

175 2390 213 2444 V.
222 2395 266 2454 44.
276 2393 329 2442 Nos
335 2393 388 2441 ulia
396 2391 539 2442 movebimus
550 2391 615 2440 niun
623 2390 746 2454 AEquora.
758 2415 794 2428 -
804 2382 923 2439 Suhaudi
934 2386 1005 2436 remis
1018 2385 1060 2438 vel
1069 2389 1145 2439 tonsis
1152 2409 1163 2449 ,·
1172 2388 1210 2441 sic

140 2471 221 2526 Ovid.
231 2473 323 2526 Amor.
332 2473 378 2538 11,
398 2490 448 2532 rr,
465 2469 498 2524 5:
519 2475 557 2522 0!
568 2472 675 2530 ua'nam,
689 2487 755 2520 remo
771 2487 803 2522 ne
816 2470 871 2535 quis
873 2469 943 2536 freta
955 2472 1033 2536 ionga
1045 2479 1170 2522 moveret!
1184 2485 1211 2525 et

140 2555 244 2608 Lucan.
254 2559 290 2618 V,
302 2556 368 2620 448:
379 2557 468 2606 inertia
481 2555 558 2605 tonsis
572 2555 684 2620 AEquora
692 2565 804 2604 motura.

177 2655 214 2734 'v'
229 2682 273 2744 46.
283 2685 316 2731 Et
323 2694 425 2750 agentes
436 2681 546 2732 nostibus
558 2681 650 2745 Argos.
662 2707 697 2719 -
707 2674 832 2729 Heinsius
844 2675 968 2748 proponit
977 2693 1074 2746 egentes
1077 2681 1210 2748 flucaims,

141 2763 258 2836 eoquod
271 2765 400 2837 majorae
415 2761 503 2816 minor
515 2760 585 2814 Ursa
598 2759 657 2813 orbi
674 2771 765 2813 nostro
781 2777 919 2830 nunquam
933 2757 1072 2824 occidant,
1086 2761 1159 2832 quod
1176 2765 1211 2817 ita

141 2849 266 2922 exprimit
277 2847 374 2920 Virgil.
393 2846 492 2917 Georg.
508 2845 539 2912 I,
558 2847 625 2908 246:
641 2848 730 2895 Arctos
751 2846 847 2895 Occasu
866 2857 999 2895 memsam
1019 2862 1118 2912 aquare
1139 2849 1210 2915 sagi.

141 2927 194 2984 Sed
208 2928 309 2982 inutilis
325 2938 366 2982 est
378 2926 422 2980 iila
436 2921 587 2980 emendatio
596 2940 603 2976 :
612 2927 642 2979 τὸ
656 2937 755 2992 agerem
768 2920 847 2975 facile
864 2921 979 2994 explicat
991 2921 1055 2976 Pius
1067 2927 1143 2997 cujas
1154 2926 1211 2978 haec

143 3023 269 3066 notaest:
284 3023 404 3080 «agentes
422 3005 565 3062 inoooiduo
580 3006 682 3060 lumine
692 3007 857 3078 Argonautas
867 3029 891 3058 ι.
900 3003 1119 3060 subaudiendum
1132 3008 1211 3079 igitur

140 3099 183 3151 vel
192 3099 354 3170 Argonautas
368 3113 431 3149 oum
448 3092 511 3159 Pio,
527 3093 570 3146 vel
584 3109 682 3146 navem
699 3108 763 3144 cum
778 3089 837 3162 ipso
851 3087 1019 3157 Valerio,1,
1037 3091 1105 3161 689:
1122 3096 1209 3162 tiphys

141 3184 203 3252 agit.
214 3181 314 3236 Seneoa
323 3178 357 3234 de
370 3177 440 3232 Ursa
452 3177 554 3250 majore
564 3176 617 3239 ait,
627 3175 704 3229 Hero.
714 3174 768 3228 iar.
779 3192 805 3227 v.
819 3177 848 3227 6:

357 3295 419 3342 liino
429 3296 513 3342 Arctos
525 3293 572 3341 alta
583 3302 651 3356 parte
660 3290 765 3354 glacialia
773 3289 825 3354 poli

359 3369 464 3418 dublime
472 3370 558 3417 oiassea
566 3368 632 3416 sidus
641 3368 761 3430 Argolicas
773 3366 830 3429 agit.

176 3495 211 3546 V.
219 3491 262 3548 58.
270 3497 323 3546 Nes
330 3512 416 3561 separe
424 3505 536 3562 coauget
543 3495 745 3560 uram-Sem
753 3485 876 3542 notabilis
885 3487 1032 3545 est‘locutio
1042 3509 1100 3564 quae
1109 3497 1208 3567 reperi·

140 3591 185 3633 tur
192 3589 296 3632 tantum
304 3574 377 3648 apud
387 3575 529 3641 Nostrum,
541 3573 733 3647 scriptoresque
743 3571 889 3626 admodum
902 3591 1017 3646 psucoe,
1030 3590 1055 3631 et
1074 3577 1130 3633 iilos
1147 3586 1207 3654 qui.

140 3663 202 3717 dem
211 3659 319 3714 Valerio
329 3657 495 3731 posteriores.
506 3657 569 3711 vid.
583 3659 646 3713 Stat.
658 3657 742 3711 Theb.
758 3657 807 3720 IV,
824 3659 892 3722 48²3
907 3657 1032 3713 Prudent.
1046 3661 1074 3714 in
1091 3664 1208 3718 Unionit.

141 3749 174 3801 In
186 3742 345 3819 quibusdam
357 3741 445 3795 lexicis
453 3740 586 3796 invenitur
595 3762 683 3811 seper,
699 3752 827 3813 tanquam
838 3758 854 3794 a
864 3741 975 3796 Phadro
987 3783 995 3810 ,
1006 3743 1091 3810 lib.'I,
1103 3749 1158 3803 sab.
1171 3752 1204 3814 3,

143 3849 172 3900 7,
186 3826 356 3890 adhibitum
369 3823 416 3879 sed
424 3824 500 3880 locus
511 3825 545 3878 ad
556 3843 636 3898 quem
643 3825 799 3898 respiciunt,
810 3824 839 3878 in
851 3828 1003 3898 conjectura
1013 3830 1102 3886 cubat.

176 3959 210 4010 V.
224 3976 281 4011 too.
295 3959 413 4024 Odrysius
423 3959 481 4009 dum
495 3959 539 4008 rite
548 3971 634 4009 movet.
642 3953 793 4010 -Codices
802 3956 900 4009 habent
912 3961 966 4009 dux
975 3981 985 4018 ,·
1000 3972 1025 4012 et
1037 3965 1093 4013 dam
1103 3966 1211 4034 protulit

141 4040 268 4107 Carrion,
279 4057 435 4113 perperam
448 4059 503 4094 nou
513 4039 584 4094 enirn
594 4039 694 4094 interea
703 4040 776 4094 naus
786 4041 814 4093 in
826 4041 911 4093 altum
921 4044 1087 4112 provehitur,
1096 4047 1161 4101 dum
1177 4050 1209 4103 ii-

141 4128 188 4180 bat
201 4125 326 4196 Mopsus,
343 4119 461 4198 dumipue
475 4123 546 4180 canit
563 4123 702 4196 Orpheus,
717 4123 764 4178 sed
778 4136 917 4196 postquam
933 4125 977 4180 ille
990 4126 1130 4192 libatione,
1144 4133 1210 4189 alter

142 4207 258 4263 carmine
267 4209 388 4264 umbram
394 4207 512 4266 Stheneli
523 4208 652 4282 placavit:
664 4209 843 4264 narrationem
854 4227 959 4283 nempe,
969 4211 1086 4268 Stheneli
1094 4215 1211 4286 episodio
