3198 5106
405 473 796 553 inconnumco'u
823 489 910 552 nm.
933 490 959 552 1.
1172 512 1212 574 29

194 623 241 684 Ut
256 641 338 709 puer
350 618 392 683 ad
408 635 500 684 notes
516 634 658 684 erectum
672 620 764 684 Pelea
780 641 874 683 voces

195 734 302 815 Vidit,
314 747 347 797 et
359 734 484 822 ingenti
498 732 683 797 tendentem
698 732 828 797 brachia
841 755 952 820 passu,

196 847 351 928 Adsilnit,
364 870 500 934 caraque
516 847 574 911 diu
586 848 710 912 cervice
724 845 888 934 pependit.
1160 928 1163 933 Ι

195 963 292 1027 Illum
307 984 368 1025 nec
381 960 486 1025 valido
500 962 682 1050 spumantia
695 961 811 1048 pocula
824 959 948 1024 Baccho
1177 987 1214 1024 260

195 1075 389 1157 Sollicitam,
401 1076 500 1139 veteri
516 1097 575 1139 nec
589 1074 816 1163 conspicienda
830 1075 958 1141 metallo

196 1189 295 1277 Signa
308 1204 435 1269 tenent3
445 1202 555 1277 stupet
569 1189 603 1252 in
620 1188 772 1269 ducibtu,
785 1210 1005 1277 magnumque
1019 1206 1168 1256 sonantes

198 1302 328 1383 Haurit,
341 1316 374 1365 et
388 1302 541 1366 herculeo
555 1301 618 1365 fert
633 1303 815 1368 cornminus
831 1326 888 1368 ora
901 1303 998 1367 leoni.

198 1418 303 1480 Laetus
317 1431 350 1478 at
362 1415 509 1503 impliciti
523 1417 636 1480 Peleus
650 1417 734 1504 repit
750 1417 859 1480 oscula
873 1417 955 1498 nati,
991 1476 994 1504 ,

199 1530 446 1617 suspiciensque
460 1531 572 1618 polum
586 1554 593 1595 :
607 1530 759 1595 “Placido
773 1531 799 1592 si
814 1552 943 1594 currere
957 1528 1057 1594 fluctu
1181 1553 1217 1592 ,οε

200 1643 293 1707 Pelea
306 1643 417 1724 vultis,
428 1645 487 1725 ait,
499 1660 677 1732 ventosque
692 1660 804 1732 optare
819 1645 974 1725 ferentes,

137 1755 138 1761 '
199 1759 287 1838 Hoc,
298 1759 422 1845 superi,
434 1774 556 1823 servate
570 1773 675 1847 caput.
688 1759 739 1822 Tu
753 1774 880 1839 cetera,
890 1758 1028 1838 Chiron,

201 1871 249 1935 Da
264 1870 344 1933 mihi
358 1895 365 1934 :
380 1888 411 1935 te
426 1895 543 1960 parvus
557 1873 655 1936 lituos
670 1887 703 1934 et
717 1873 800 1936 bella
813 1872 1001 1959 loquentem

201 1985 355 2049 Miretur:
370 1985 477 2048 subite
491 1986 625 2074 puerilia
639 1985 700 2048 tela
715 1985 868 2073 magistro

201 2097 343 2160 Venator
355 2097 496 2180 ferat,et
509 2115 652 2162 nostram
667 2098 797 2161 festinet
810 2097 851 2161 ad
864 2098 1020 2162 hastam.»
1182 2136 1218 2176 ψ

159 2300 242 2353 operte
258 2282 372 2353 pretium
389 2287 448 2338 crit.
471 2289 558 2338 Chiron
575 2285 666 2356 igitur,
711 2287 757 2337 len
773 2286 832 2338 loco
847 2285 974 2340 Hercules
990 2285 1123 2350 utebatur,
1139 2285 1220 2338 immo

158 2367 228 2413 Peleo
237 2363 307 2433 patri
319 2363 419 2415 ebitum
433 2365 538 2434 paranti
549 2364 668 2436 inopina·
712 2365 819 2436 propius
835 2364 937 2419 aceedit
946 2403 954 2430 ,
960 2367 1016 2435 sort
1029 2369 1160 2417 comminus
1176 2385 1220 2417 ora

157 2441 332 2494 temlretitinm
340 2441 668 2506 allaturus,lilinmAclil·
714 2448 787 2496 leoni.

158 2525 204 2572 lem
217 2518 337 2584 advehit,
342 2527 432 2590 procul
442 2537 548 2573 ostentat
559 2521 667 2593 (Virgil.
751 2527 810 2584 elil.
826 2522 929 2586 Quibus
941 2521 1002 2576 risis
1017 2535 1104 2594 peter,
1123 2523 1221 2596 gaudio

157 2597 262 2652 AEueid.
270 2601 312 2662 Π,
326 2603 392 2669 674,
403 2627 416 2646 α
426 2619 591 2673 parvumque
599 2599 668 2671 patri
713 2601 991 2672 cxsulmns(01phens
1001 2603 1166 2666 emmanue
1177 2602 1223 2657 sd·

157 2676 411 2746 tendebatlulum»)
424 2684 583 2740 clamantem,
596 2679 670 2750 quod
712 2678 752 2732 dit
760 2679 907 2750 lacrymas,
918 2678 1140 2752 δακρυόινγιλόων,
1149 2681 1221 2754 quod

157 2774 299 2828 puerorum
309 2769 348 2810 est
357 2757 539 2829 gaudentium.
549 2758 625 2811 Peter
635 2755 670 2810 sd
713 2767 800 2814 temen
811 2759 967 2811 annumero
977 2771 1127 2829 sumptum,
1136 2761 1222 2826 ltvl,

157 2849 345 2889 notemvocem
356 2853 459 2898 erectis,
474 2837 615 2900 elicimus,
624 2836 669 2888 ol)-
714 2836 794 2904 lli),
812 2837 927 2890 brachiis
935 2836 1004 2889 collo
1013 2836 1088 2890 lilioli
1100 2838 1126 2889 in
1127 2840 1221 2909 jectis,

157 2915 227 2967 viem
245 2914 380 2987 procedit,
400 2916 447 2970 scd
467 2919 561 2984 ingenti
572 2936 665 2984 passu,
712 2918 777 2981 rapit
788 2915 895 2979 oscula,
909 2915 992 2968 oculis
1004 2914 1038 2967 sd
1051 2915 1144 2968 culum
1158 2936 1223 2969 con·

156 2997 306 3061 tendensque
315 2997 423 3047 tractio.
436 2994 504 3048 Puer
513 2998 609 3055 adsilit,
626 3013 668 3047 cs·
712 2993 792 3046 vertis
808 3011 815 3045 t
834 2992 887 3056 dii,
908 2993 1013 3064 inquit,
1034 2993 1057 3045 si
1076 2993 1141 3046 mihi
1161 2993 1222 3048 licet

157 3091 241 3142 reque
259 3072 415 3145 dispendet
434 3074 544 3127 cervice.
565 3073 668 3126 Puerile
712 3083 803 3125 tentos
825 3083 916 3144 optare
928 3074 1055 3141 serentes,
1075 3071 1221 3138 secundos,

158 3151 289 3222 ejusmodi
313 3153 434 3205 osculum
454 3164 561 3206 venuste
584 3152 669 3224 pingit
712 3151 903 3225 felicemquein
915 3149 1222 3224 petriemreditum,lroo

156 3229 258 3282 Tibull.
272 3232 312 3293 11,
330 3232 358 3293 5,
372 3249 417 3300 91,
438 3247 559 3300 namsque
573 3236 670 3299 parenti
712 3234 770 3283 milti
780 3247 866 3300 caput,
880 3232 1068 3302 lampredam
1079 3231 1222 3285 minentem

159 3313 253 3360 Oscula
262 3313 408 3378 comprensis
417 3313 513 3362 auribus
522 3314 614 3378 eripuit.
712 3307 796 3364 filium
805 3349 812 3374 ,
827 3327 928 3363 serrato.

195 3390 255 3440 260.
272 3388 381 3459 Propius
397 3388 527 3442 accedunt
541 3390 669 3460 epulenti-
750 3390 918 3459 267.Cectern
926 3391 988 3454 tibi,
999 3389 1154 3442 amicissime
1161 3388 1222 3443 Chi·
1269 3409 1272 3414 ·

158 3467 225 3529 bus,
245 3467 292 3520 ubi
305 3467 342 3518 nil
357 3480 431 3520 curat
443 3469 571 3541 puerulus
577 3473 668 3540 pocula
712 3487 777 3532 rou,
787 3467 962 3532 commendo,
972 3467 1143 3540 quifilioturn
1150 3487 1223 3541 egre·

159 3548 246 3596 valido
257 3550 394 3615 spernanda
404 3552 516 3610 Baccho,
533 3566 582 3601 nec
594 3560 668 3602 tene·
712 3547 771 3618 gius
779 3545 873 3602 ductor
881 3547 1029 3620 contigisti:
1042 3547 1077 3600 its
1085 3549 1221 3612 institues,

158 3634 215 3687 tur,
228 3621 325 3694 quibus
336 3637 426 3678 tenera
436 3637 498 3679 etse
511 3645 669 3698 magnopere
713 3638 742 3680 ut
751 3633 868 3694 paruulus
879 3624 967 3680 adhuc
980 3630 1049 3678 limos
1065 3641 1091 3678 et
1106 3629 1169 3678 bello
1182 3627 1221 3680 lo·

159 3702 225 3754 elias
244 3702 404 3768 delectetur,
423 3705 617 3777 imagunculis,
635 3709 673 3757 sie
713 3716 873 3780 quentemtq
887 3708 974 3756 audiat
985 3705 1175 3771 mirabundus,
1193 3719 1224 3760 ut

156 3785 229 3847 gris,
244 3799 303 3852 qun
321 3783 422 3854 poculis
438 3783 520 3837 inseri
535 3785 670 3849 solebant,
709 3804 774 3851 puer
783 3789 847 3845 telo,
867 3783 913 3838 sed
927 3788 1224 3850 remunerantem

159 3859 317 3933 ίμίλήμισι,
338 3861 420 3914 immo
436 3877 514 3932 smper
528 3866 553 3914 in
572 3865 671 3913 &stilus
714 3863 857 3933 magistro,
877 3862 963 3916 diecet
981 3874 1113 3927 tractare,
1127 3864 1224 3918 ¹donec

159 3943 249 4006 (omen
257 3938 545 4010 futurillmagnumque
555 3957 670 3993 sonantes
715 3945 859 3994 adolescens
876 3946 913 3992 ad
929 3958 1037 3994 nostram
1054 3946 1164 4005 lostam,
1189 3944 1223 3997 sd

157 4020 251 4078 haurit,
265 4031 337 4072 totus
347 4018 443 4090 pendet
455 4039 487 4072 ex
500 4039 546 4073 ore
558 4039 669 4084 eorum,
715 4039 789 4074 arms
805 4020 897 4074 bellice
907 4059 915 4084 ,
923 4023 1035 4089 festinet.
1050 4021 1128 4075 Haud
1142 4025 1224 4094 preni-

159 4095 256 4168 cupide
263 4096 385 4151 andin-es
395 4117 410 4150 e
420 4119 448 4152 sc
458 4110 542 4171 gestas
551 4118 605 4152 uon
616 4111 676 4154 tam.
713 4100 779 4154 tebit
785 4099 838 4152 huc
845 4099 965 4154 conferre
970 4099 1224 4165 Evandmmfitium

158 4187 311 4240 narrantes,
323 4197 403 4248 wem
415 4181 559 4250 jactantes,
572 4199 622 4233 nec
631 4197 671 4232 co
715 4178 859 4233 Pallantem
866 4181 954 4232 AEneae
963 4179 1026 4232 fidei
1039 4180 1224 4233 commendan-

157 4252 250 4308 horret
259 4256 368 4310 terribili
380 4257 463 4312 leonia
474 4261 557 4323 rictu,
568 4278 621 4332 quo
630 4277 674 4330 ga·
716 4270 769 4315 tem
781 4260 854 4331 apud
860 4259 957 4332 Virgil.
966 4261 1095 4316 AEmvlll
1102 4299 1110 4325 ,
1125 4261 1221 4330 Srleq.
