<?xml version="1.0" encoding="UTF-8"?>
<!DOCTYPE html PUBLIC "-//W3C//DTD XHTML 1.0 Transitional//EN"
    "http://www.w3.org/TR/xhtml1/DTD/xhtml1-transitional.dtd">
<html xmlns="http://www.w3.org/1999/xhtml" xml:lang="en" lang="en">
 <head>
  <title>
</title>
<meta http-equiv="Content-Type" content="text/html;charset=utf-8" />
  <meta name='ocr-system' content='tesseract 3.04.00' />
  <meta name='ocr-capabilities' content='ocr_page ocr_carea ocr_par ocr_line ocrx_word'/>
</head>
<body>
  <div class='ocr_page' id='page_1' title='image "./cvaleriiflaccis00apolgoog_0620.png"; bbox 0 0 3116 5102; ppageno 0'>
   <div class='ocr_carea' id='block_1_1' title="bbox 175 501 1198 720">
    <p class='ocr_par' dir='ltr' id='par_1_1' title="bbox 175 501 1198 720">
     <span class='ocr_line' id='line_1_1' title="bbox 372 501 1198 594; baseline 0.002 -26"><span class='ocrx_word' id='word_1_1' title='bbox 372 502 498 568; x_wconf 89' lang='lat' dir='ltr'><strong>NOV1</strong></span> <span class='ocrx_word' id='word_1_2' title='bbox 530 502 775 570; x_wconf 79' lang='lat' dir='ltr'><strong>EDITORIS</strong></span> <span class='ocrx_word' id='word_1_3' title='bbox 805 501 964 568; x_wconf 83' lang='lat' dir='ltr'><strong>NOTAE.</strong></span> <span class='ocrx_word' id='word_1_4' title='bbox 1137 507 1198 594; x_wconf 82' lang='lat'><strong>397</strong></span> 
     </span>
     <span class='ocr_line' id='line_1_2' title="bbox 175 649 1048 720; baseline 0 -18"><span class='ocrx_word' id='word_1_5' title='bbox 175 651 210 702; x_wconf 94' lang='lat' dir='ltr'><strong>v.</strong></span> <span class='ocrx_word' id='word_1_6' title='bbox 226 653 286 719; x_wconf 73' lang='grc' dir='ltr'><strong>οη.</strong></span> <span class='ocrx_word' id='word_1_7' title='bbox 302 649 382 716; x_wconf 61' lang='lat' dir='ltr'><strong>req...</strong></span> <span class='ocrx_word' id='word_1_8' title='bbox 393 669 423 700; x_wconf 70' lang='lat'><strong>0.</strong></span> <span class='ocrx_word' id='word_1_9' title='bbox 433 651 621 718; x_wconf 62' lang='lat' dir='ltr'><strong>...susurras</strong></span> <span class='ocrx_word' id='word_1_10' title='bbox 633 679 668 689; x_wconf 89' lang='lat'>-</span> <span class='ocrx_word' id='word_1_11' title='bbox 680 649 966 714; x_wconf 61' lang='lat' dir='ltr'><strong>nomentanus,</strong></span> <span class='ocrx_word' id='word_1_12' title='bbox 982 651 1048 720; x_wconf 75' lang='lat'>⁸72:</span> 
     </span>
    </p>
   </div>
   <div class='ocr_carea' id='block_1_2' title="bbox 291 779 963 856">
    <p class='ocr_par' dir='ltr' id='par_1_2' title="bbox 291 779 963 856">
     <span class='ocr_line' id='line_1_3' title="bbox 291 779 963 856; baseline 0.001 -22"><span class='ocrx_word' id='word_1_13' title='bbox 291 788 336 835; x_wconf 69' lang='grc' dir='ltr'><strong>Ζεῦ</strong></span> <span class='ocrx_word' id='word_1_14' title='bbox 349 782 442 854; x_wconf 73' lang='lat' dir='ltr'><strong>nsltsp,</strong></span> <span class='ocrx_word' id='word_1_15' title='bbox 454 785 480 834; x_wconf 84' lang='grc' dir='ltr'><strong>οὐ</strong></span> <span class='ocrx_word' id='word_1_16' title='bbox 492 781 619 850; x_wconf 75' lang='grc' dir='ltr'><strong>νιμισῖζῃ,</strong></span> <span class='ocrx_word' id='word_1_17' title='bbox 631 785 689 851; x_wconf 70' lang='lat' dir='ltr'><strong>ipius</strong></span> <span class='ocrx_word' id='word_1_18' title='bbox 699 779 879 856; x_wconf 73' lang='lat' dir='ltr'><strong>rtlds&#39;uaprspit</strong></span> <span class='ocrx_word' id='word_1_19' title='bbox 889 785 963 855; x_wconf 66' lang='grc' dir='ltr'><strong>ἕργας</strong></span> 
     </span>
    </p>
   </div>
   <div class='ocr_carea' id='block_1_3' title="bbox 140 927 1203 1165">
    <p class='ocr_par' dir='ltr' id='par_1_3' title="bbox 140 927 1203 1165">
     <span class='ocr_line' id='line_1_4' title="bbox 175 927 1201 1002; baseline 0.007 -24"><span class='ocrx_word' id='word_1_20' title='bbox 175 928 209 980; x_wconf 89' lang='lat' dir='ltr'><strong>V.</strong></span> <span class='ocrx_word' id='word_1_21' title='bbox 221 929 284 992; x_wconf 66' lang='lat'><strong>634.</strong></span> <span class='ocrx_word' id='word_1_22' title='bbox 294 932 351 979; x_wconf 83' lang='lat' dir='ltr'><strong>Non</strong></span> <span class='ocrx_word' id='word_1_23' title='bbox 361 947 420 996; x_wconf 84' lang='lat' dir='ltr'><strong>opus</strong></span> <span class='ocrx_word' id='word_1_24' title='bbox 430 928 524 978; x_wconf 71' lang='lat' dir='ltr'><strong>auxilio</strong></span> <span class='ocrx_word' id='word_1_25' title='bbox 535 927 642 986; x_wconf 63' lang='lat' dir='ltr'><strong>Colchis,</strong></span> <span class='ocrx_word' id='word_1_26' title='bbox 655 927 802 995; x_wconf 73' lang='lat' dir='ltr'><strong>nesseden</strong></span> <span class='ocrx_word' id='word_1_27' title='bbox 811 943 905 981; x_wconf 79' lang='lat' dir='ltr'><strong>uestro.</strong></span> <span class='ocrx_word' id='word_1_28' title='bbox 917 959 949 970; x_wconf 86' lang='lat'>-</span> <span class='ocrx_word' id='word_1_29' title='bbox 961 929 1036 982; x_wconf 84' lang='lat' dir='ltr'><strong>Errat</strong></span> <span class='ocrx_word' id='word_1_30' title='bbox 1045 932 1201 1002; x_wconf 81' lang='lat' dir='ltr'><strong>Wagnerus</strong></span> 
     </span>
     <span class='ocr_line' id='line_1_5' title="bbox 140 1007 1203 1083; baseline 0.007 -21"><span class='ocrx_word' id='word_1_31' title='bbox 140 1010 188 1083; x_wconf 88' lang='lat' dir='ltr'><strong>qni</strong></span> <span class='ocrx_word' id='word_1_32' title='bbox 199 1025 283 1063; x_wconf 79' lang='lat' dir='ltr'><strong>uestro</strong></span> <span class='ocrx_word' id='word_1_33' title='bbox 297 1009 333 1062; x_wconf 85' lang='lat' dir='ltr'><strong>ed</strong></span> <span class='ocrx_word' id='word_1_34' title='bbox 342 1014 401 1062; x_wconf 80' lang='lat' dir='ltr'><strong>deos</strong></span> <span class='ocrx_word' id='word_1_35' title='bbox 410 1027 502 1062; x_wconf 87' lang='lat' dir='ltr'><strong>omnes</strong></span> <span class='ocrx_word' id='word_1_36' title='bbox 512 1009 608 1062; x_wconf 75' lang='lat' dir='ltr'><strong>refert:</strong></span> <span class='ocrx_word' id='word_1_37' title='bbox 622 1007 735 1062; x_wconf 82' lang='lat' dir='ltr'><strong>Palladis</strong></span> <span class='ocrx_word' id='word_1_38' title='bbox 748 1021 853 1062; x_wconf 82' lang='lat' dir='ltr'><strong>tentum</strong></span> <span class='ocrx_word' id='word_1_39' title='bbox 866 1023 892 1062; x_wconf 84' lang='lat' dir='ltr'><strong>et</strong></span> <span class='ocrx_word' id='word_1_40' title='bbox 905 1013 1116 1083; x_wconf 75' lang='lat' dir='ltr'><strong>Argonautarum</strong></span> <span class='ocrx_word' id='word_1_41' title='bbox 1129 1021 1203 1068; x_wconf 80' lang='lat' dir='ltr'><strong>auxi·</strong></span> 
     </span>
     <span class='ocr_line' id='line_1_6' title="bbox 140 1093 969 1165; baseline -0.002 -17"><span class='ocrx_word' id='word_1_42' title='bbox 140 1096 356 1165; x_wconf 51' lang='lat' dir='ltr'><strong>luendamque</strong></span> <span class='ocrx_word' id='word_1_43' title='bbox 367 1113 429 1148; x_wconf 89' lang='lat' dir='ltr'><strong>cum</strong></span> <span class='ocrx_word' id='word_1_44' title='bbox 440 1095 514 1147; x_wconf 78' lang='lat' dir='ltr'><strong>AEeta</strong></span> <span class='ocrx_word' id='word_1_45' title='bbox 527 1112 612 1165; x_wconf 82' lang='lat' dir='ltr'><strong>nuper</strong></span> <span class='ocrx_word' id='word_1_46' title='bbox 622 1093 721 1147; x_wconf 82' lang='lat' dir='ltr'><strong>sactum</strong></span> <span class='ocrx_word' id='word_1_47' title='bbox 730 1105 884 1165; x_wconf 81' lang='lat' dir='ltr'><strong>aspernatur</strong></span> <span class='ocrx_word' id='word_1_48' title='bbox 890 1093 969 1149; x_wconf 73' lang='lat' dir='ltr'><strong>tem.</strong></span> 
     </span>
    </p>
   </div>
   <div class='ocr_carea' id='block_1_4' title="bbox 176 1239 911 1390">
    <p class='ocr_par' dir='ltr' id='par_1_4' title="bbox 176 1239 911 1390">
     <span class='ocr_line' id='line_1_7' title="bbox 176 1239 876 1306; baseline -0.004 -15"><span class='ocrx_word' id='word_1_49' title='bbox 176 1240 210 1292; x_wconf 88' lang='lat' dir='ltr'><strong>V.</strong></span> <span class='ocrx_word' id='word_1_50' title='bbox 222 1241 272 1306; x_wconf 68' lang='lat'><strong>642</strong></span> <span class='ocrx_word' id='word_1_51' title='bbox 277 1275 491 1291; x_wconf 89' lang='grc'><strong>.............</strong></span> <span class='ocrx_word' id='word_1_52' title='bbox 507 1240 591 1290; x_wconf 72' lang='lat' dir='ltr'><strong>misas</strong></span> <span class='ocrx_word' id='word_1_53' title='bbox 599 1239 658 1290; x_wconf 90' lang='lat' dir='ltr'><strong>milu&#39;</strong></span> <span class='ocrx_word' id='word_1_54' title='bbox 669 1242 750 1300; x_wconf 85' lang='lat' dir='ltr'><strong>lucus,</strong></span> <span class='ocrx_word' id='word_1_55' title='bbox 762 1251 787 1288; x_wconf 83' lang='lat' dir='ltr'><strong>et</strong></span> <span class='ocrx_word' id='word_1_56' title='bbox 794 1255 876 1306; x_wconf 78' lang='lat' dir='ltr'><strong>agger</strong></span> 
     </span>
     <span class='ocr_line' id='line_1_8' title="bbox 283 1322 911 1390; baseline 0.003 -20"><span class='ocrx_word' id='word_1_57' title='bbox 283 1324 356 1388; x_wconf 83' lang='lat' dir='ltr'><strong>Quod</strong></span> <span class='ocrx_word' id='word_1_58' title='bbox 362 1322 440 1382; x_wconf 76' lang='lat' dir='ltr'><strong>rudis,</strong></span> <span class='ocrx_word' id='word_1_59' title='bbox 451 1334 474 1372; x_wconf 83' lang='lat' dir='ltr'><strong>st</strong></span> <span class='ocrx_word' id='word_1_60' title='bbox 486 1325 540 1372; x_wconf 87' lang='lat' dir='ltr'><strong>sola</strong></span> <span class='ocrx_word' id='word_1_61' title='bbox 548 1324 649 1372; x_wconf 81' lang='lat' dir='ltr'><em>colimur</em></span> <span class='ocrx_word' id='word_1_62' title='bbox 657 1323 797 1390; x_wconf 77' lang='lat' dir='ltr'><strong>rigentibus</strong></span> <span class='ocrx_word' id='word_1_63' title='bbox 807 1323 911 1372; x_wconf 74' lang='lat' dir='ltr'><strong>utnbral</strong></span> 
     </span>
    </p>
   </div>
   <div class='ocr_carea' id='block_1_5' title="bbox 140 1439 1204 1684">
    <p class='ocr_par' dir='ltr' id='par_1_5' title="bbox 140 1439 1204 1684">
     <span class='ocr_line' id='line_1_9' title="bbox 141 1439 1203 1516; baseline 0.005 -21"><span class='ocrx_word' id='word_1_64' title='bbox 141 1443 204 1496; x_wconf 83' lang='lat' dir='ltr'><strong>Pius</strong></span> <span class='ocrx_word' id='word_1_65' title='bbox 217 1445 244 1496; x_wconf 89' lang='lat' dir='ltr'><strong>iu</strong></span> <span class='ocrx_word' id='word_1_66' title='bbox 258 1443 442 1516; x_wconf 86' lang='lat' dir='ltr'><strong>antiquissimo</strong></span> <span class='ocrx_word' id='word_1_67' title='bbox 458 1443 602 1515; x_wconf 85' lang='lat' dir='ltr'><strong>exemplari</strong></span> <span class='ocrx_word' id='word_1_68' title='bbox 622 1441 719 1514; x_wconf 87' lang='lat' dir='ltr'><strong>reperit</strong></span> <span class='ocrx_word' id='word_1_69' title='bbox 735 1457 828 1493; x_wconf 76' lang='lat' dir='ltr'><strong>mutum</strong></span> <span class='ocrx_word' id='word_1_70' title='bbox 846 1461 896 1514; x_wconf 92' lang='lat' dir='ltr'><strong>pro</strong></span> <span class='ocrx_word' id='word_1_71' title='bbox 911 1443 997 1492; x_wconf 74' lang='lat' dir='ltr'><strong>tacius</strong></span> <span class='ocrx_word' id='word_1_72' title='bbox 1005 1463 1015 1503; x_wconf 91' lang='lat'><strong>,·</strong></span> <span class='ocrx_word' id='word_1_73' title='bbox 1027 1439 1105 1496; x_wconf 90' lang='lat' dir='ltr'><strong>lectio</strong></span> <span class='ocrx_word' id='word_1_74' title='bbox 1117 1450 1203 1500; x_wconf 79' lang='lat' dir='ltr'><strong>tacius</strong></span> 
     </span>
     <span class='ocr_line' id='line_1_10' title="bbox 141 1525 1204 1589; baseline 0.002 -9"><span class='ocrx_word' id='word_1_75' title='bbox 141 1539 199 1581; x_wconf 88' lang='lat' dir='ltr'><strong>orta</strong></span> <span class='ocrx_word' id='word_1_76' title='bbox 209 1546 223 1580; x_wconf 88' lang='lat' dir='ltr'><strong>e</strong></span> <span class='ocrx_word' id='word_1_77' title='bbox 232 1529 366 1581; x_wconf 85' lang='lat' dir='ltr'><strong>Carrionia</strong></span> <span class='ocrx_word' id='word_1_78' title='bbox 377 1527 468 1583; x_wconf 87' lang='lat' dir='ltr'><strong>codice</strong></span> <span class='ocrx_word' id='word_1_79' title='bbox 477 1528 528 1580; x_wconf 93' lang='lat' dir='ltr'><strong>hoc</strong></span> <span class='ocrx_word' id='word_1_80' title='bbox 537 1528 597 1580; x_wconf 89' lang='lat' dir='ltr'><strong>loco</strong></span> <span class='ocrx_word' id='word_1_81' title='bbox 605 1525 710 1581; x_wconf 79' lang='lat' dir='ltr'><strong>videtur</strong></span> <span class='ocrx_word' id='word_1_82' title='bbox 720 1527 829 1579; x_wconf 82' lang='lat' dir='ltr'><strong>absona.</strong></span> <span class='ocrx_word' id='word_1_83' title='bbox 838 1526 955 1589; x_wconf 78' lang='lat' dir='ltr'>Tacitus,</span> <span class='ocrx_word' id='word_1_84' title='bbox 967 1525 1001 1578; x_wconf 87' lang='lat' dir='ltr'><strong>dc</strong></span> <span class='ocrx_word' id='word_1_85' title='bbox 1011 1527 1128 1583; x_wconf 84' lang='lat' dir='ltr'><strong>moribus</strong></span> <span class='ocrx_word' id='word_1_86' title='bbox 1139 1531 1204 1586; x_wconf 65' lang='lat' dir='ltr'><strong>Gen</strong></span> 
     </span>
     <span class='ocr_line' id='line_1_11' title="bbox 140 1610 1202 1684; baseline 0.006 -22"><span class='ocrx_word' id='word_1_87' title='bbox 140 1629 296 1676; x_wconf 88' lang='lat' dir='ltr'><strong>manorum,</strong></span> <span class='ocrx_word' id='word_1_88' title='bbox 308 1613 416 1684; x_wconf 76' lang='lat' dir='ltr'><strong>capili</strong></span> <span class='ocrx_word' id='word_1_89' title='bbox 428 1611 592 1678; x_wconf 84' lang='lat' dir='ltr'><strong>,Germanos</strong></span> <span class='ocrx_word' id='word_1_90' title='bbox 602 1622 730 1664; x_wconf 84' lang='lat' dir='ltr'><strong>memorat</strong></span> <span class='ocrx_word' id='word_1_91' title='bbox 741 1612 814 1664; x_wconf 88' lang='lat' dir='ltr'><strong>lucos</strong></span> <span class='ocrx_word' id='word_1_92' title='bbox 824 1629 855 1663; x_wconf 90' lang='lat' dir='ltr'><strong>ac</strong></span> <span class='ocrx_word' id='word_1_93' title='bbox 866 1628 974 1663; x_wconf 86' lang='lat' dir='ltr'><strong>nemora</strong></span> <span class='ocrx_word' id='word_1_94' title='bbox 983 1610 1032 1665; x_wconf 88' lang='lat' dir='ltr'><strong>diis</strong></span> <span class='ocrx_word' id='word_1_95' title='bbox 1042 1631 1202 1670; x_wconf 84' lang='lat' dir='ltr'><strong>consecrare.</strong></span> 
     </span>
    </p>
   </div>
   <div class='ocr_carea' id='block_1_6' title="bbox 141 1753 1202 1909">
    <p class='ocr_par' dir='ltr' id='par_1_6' title="bbox 141 1753 1202 1909">
     <span class='ocr_line' id='line_1_12' title="bbox 177 1753 1202 1822; baseline 0.005 -18"><span class='ocrx_word' id='word_1_96' title='bbox 177 1753 211 1804; x_wconf 94' lang='lat' dir='ltr'><strong>V.</strong></span> <span class='ocrx_word' id='word_1_97' title='bbox 228 1753 290 1817; x_wconf 64' lang='lat'><strong>645.</strong></span> <span class='ocrx_word' id='word_1_98' title='bbox 300 1759 332 1804; x_wconf 83' lang='lat' dir='ltr'><strong>Et</strong></span> <span class='ocrx_word' id='word_1_99' title='bbox 341 1757 397 1815; x_wconf 79' lang='lat' dir='ltr'><strong>tili,</strong></span> <span class='ocrx_word' id='word_1_100' title='bbox 411 1771 502 1822; x_wconf 80' lang='lat' dir='ltr'><strong>magne</strong></span> <span class='ocrx_word' id='word_1_101' title='bbox 510 1767 593 1821; x_wconf 83' lang='lat' dir='ltr'><strong>pater,</strong></span> <span class='ocrx_word' id='word_1_102' title='bbox 602 1755 671 1804; x_wconf 85' lang='lat' dir='ltr'><strong>terris</strong></span> <span class='ocrx_word' id='word_1_103' title='bbox 681 1756 788 1804; x_wconf 79' lang='lat' dir='ltr'><strong>donaria</strong></span> <span class='ocrx_word' id='word_1_104' title='bbox 800 1765 902 1806; x_wconf 71' lang='lat' dir='ltr'><strong>censeat.</strong></span> <span class='ocrx_word' id='word_1_105' title='bbox 915 1781 950 1792; x_wconf 89' lang='lat'><strong>·-</strong></span> <span class='ocrx_word' id='word_1_106' title='bbox 963 1757 1075 1804; x_wconf 65' lang='lat' dir='ltr'><strong>Donanu</strong></span> <span class='ocrx_word' id='word_1_107' title='bbox 1088 1755 1202 1808; x_wconf 85' lang='lat' dir='ltr'><strong>sunthic</strong></span> 
     </span>
     <span class='ocr_line' id='line_1_13' title="bbox 141 1835 1202 1909; baseline 0.003 -21"><span class='ocrx_word' id='word_1_108' title='bbox 141 1841 244 1905; x_wconf 79' lang='lat' dir='ltr'><strong>templa,</strong></span> <span class='ocrx_word' id='word_1_109' title='bbox 256 1847 286 1889; x_wconf 86' lang='lat' dir='ltr'><strong>ut</strong></span> <span class='ocrx_word' id='word_1_110' title='bbox 300 1836 328 1890; x_wconf 88' lang='lat' dir='ltr'><strong>in</strong></span> <span class='ocrx_word' id='word_1_111' title='bbox 347 1837 399 1891; x_wconf 83' lang='lat' dir='ltr'><strong>lroc</strong></span> <span class='ocrx_word' id='word_1_112' title='bbox 407 1835 512 1909; x_wconf 83' lang='lat' dir='ltr'><strong>Virgilii</strong></span> <span class='ocrx_word' id='word_1_113' title='bbox 529 1836 604 1899; x_wconf 86' lang='lat' dir='ltr'><strong>loco,</strong></span> <span class='ocrx_word' id='word_1_114' title='bbox 619 1835 714 1907; x_wconf 82' lang='lat' dir='ltr'><strong>Georg.</strong></span> <span class='ocrx_word' id='word_1_115' title='bbox 732 1837 789 1899; x_wconf 83' lang='lat'>111,</span> <span class='ocrx_word' id='word_1_116' title='bbox 805 1837 873 1890; x_wconf 77' lang='lat'><strong>533:</strong></span> <span class='ocrx_word' id='word_1_117' title='bbox 888 1839 971 1887; x_wconf 73' lang='lat' dir='ltr'><strong>durem</strong></span> <span class='ocrx_word' id='word_1_118' title='bbox 980 1840 1033 1888; x_wconf 84' lang='lat' dir='ltr'><strong>alta</strong></span> <span class='ocrx_word' id='word_1_119' title='bbox 1047 1842 1083 1890; x_wconf 81' lang='lat' dir='ltr'><strong>ad</strong></span> <span class='ocrx_word' id='word_1_120' title='bbox 1097 1843 1202 1892; x_wconf 73' lang='grc' dir='ltr'><em>ἀοηαήα</em></span> 
     </span>
    </p>
   </div>
   <div class='ocr_carea' id='block_1_7' title="bbox 129 1939 234 1974">
    <p class='ocr_par' dir='ltr' id='par_1_7' title="bbox 129 1939 234 1974">
     <span class='ocr_line' id='line_1_14' title="bbox 129 1939 234 1974; baseline 0.01 -5"><span class='ocrx_word' id='word_1_121' title='bbox 129 1939 234 1974; x_wconf 58' lang='lat' dir='ltr'><strong>«cumn.</strong></span> 
     </span>
    </p>
   </div>
   <div class='ocr_carea' id='block_1_8' title="bbox 179 2049 785 2122">
    <p class='ocr_par' dir='ltr' id='par_1_8' title="bbox 179 2049 785 2122">
     <span class='ocr_line' id='line_1_15' title="bbox 179 2049 785 2122; baseline 0.002 -23"><span class='ocrx_word' id='word_1_122' title='bbox 179 2050 212 2102; x_wconf 90' lang='lat' dir='ltr'><strong>V.</strong></span> <span class='ocrx_word' id='word_1_123' title='bbox 223 2049 280 2103; x_wconf 75' lang='lat'><strong>652.</strong></span> <span class='ocrx_word' id='word_1_124' title='bbox 294 2053 438 2111; x_wconf 80' lang='lat' dir='ltr'><strong>Bistonidoe,</strong></span> <span class='ocrx_word' id='word_1_125' title='bbox 448 2069 496 2122; x_wconf 90' lang='lat' dir='ltr'><strong>pro</strong></span> <span class='ocrx_word' id='word_1_126' title='bbox 505 2054 615 2103; x_wconf 74' lang='lat' dir='ltr'><strong>Bistones</strong></span> <span class='ocrx_word' id='word_1_127' title='bbox 625 2051 668 2104; x_wconf 82' lang='lat' dir='ltr'><strong>vel</strong></span> <span class='ocrx_word' id='word_1_128' title='bbox 676 2053 785 2102; x_wconf 81' lang='lat' dir='ltr'><strong>Bistonii.</strong></span> 
     </span>
    </p>
   </div>
   <div class='ocr_carea' id='block_1_9' title="bbox 141 2180 1203 2590">
    <p class='ocr_par' dir='ltr' id='par_1_9' title="bbox 141 2180 1203 2590">
     <span class='ocr_line' id='line_1_16' title="bbox 178 2180 1203 2250; baseline 0.005 -18"><span class='ocrx_word' id='word_1_129' title='bbox 178 2180 213 2232; x_wconf 88' lang='lat' dir='ltr'><strong>V.</strong></span> <span class='ocrx_word' id='word_1_130' title='bbox 227 2180 287 2235; x_wconf 82' lang='lat'><strong>656.</strong></span> <span class='ocrx_word' id='word_1_131' title='bbox 302 2187 334 2232; x_wconf 85' lang='lat' dir='ltr'><strong>Et</strong></span> <span class='ocrx_word' id='word_1_132' title='bbox 338 2185 423 2250; x_wconf 78' lang='lat' dir='ltr'><strong>primis</strong></span> <span class='ocrx_word' id='word_1_133' title='bbox 438 2183 546 2233; x_wconf 82' lang='lat' dir='ltr'><strong>adimam</strong></span> <span class='ocrx_word' id='word_1_134' title='bbox 562 2197 604 2233; x_wconf 82' lang='lat' dir='ltr'><strong>ura</strong></span> <span class='ocrx_word' id='word_1_135' title='bbox 622 2184 723 2233; x_wconf 82' lang='lat' dir='ltr'><strong>nomina</strong></span> <span class='ocrx_word' id='word_1_136' title='bbox 736 2182 811 2231; x_wconf 84' lang='lat' dir='ltr'><strong>bellis.</strong></span> <span class='ocrx_word' id='word_1_137' title='bbox 821 2183 942 2231; x_wconf 85' lang='lat' dir='ltr'><strong>-Prlma</strong></span> <span class='ocrx_word' id='word_1_138' title='bbox 956 2183 1019 2233; x_wconf 74' lang='lat' dir='ltr'><strong>tella</strong></span> <span class='ocrx_word' id='word_1_139' title='bbox 1036 2181 1102 2234; x_wconf 88' lang='lat' dir='ltr'><strong>mihi</strong></span> <span class='ocrx_word' id='word_1_140' title='bbox 1112 2182 1203 2237; x_wconf 79' lang='lat' dir='ltr'><strong>viden·</strong></span> 
     </span>
     <span class='ocr_line' id='line_1_17' title="bbox 143 2262 1200 2338; baseline 0.006 -23"><span class='ocrx_word' id='word_1_141' title='bbox 143 2276 186 2315; x_wconf 92' lang='lat' dir='ltr'><strong>tur</strong></span> <span class='ocrx_word' id='word_1_142' title='bbox 195 2263 239 2317; x_wconf 91' lang='lat' dir='ltr'><strong>hic</strong></span> <span class='ocrx_word' id='word_1_143' title='bbox 248 2262 318 2317; x_wconf 87' lang='lat' dir='ltr'><strong>idem</strong></span> <span class='ocrx_word' id='word_1_144' title='bbox 328 2265 475 2336; x_wconf 83' lang='lat' dir='ltr'><strong>significare</strong></span> <span class='ocrx_word' id='word_1_145' title='bbox 488 2264 561 2338; x_wconf 89' lang='lat' dir='ltr'><strong>quod</strong></span> <span class='ocrx_word' id='word_1_146' title='bbox 569 2269 651 2335; x_wconf 84' lang='lat' dir='ltr'><strong>prima</strong></span> <span class='ocrx_word' id='word_1_147' title='bbox 660 2266 748 2333; x_wconf 83' lang='lat' dir='ltr'><strong>proelia</strong></span> <span class='ocrx_word' id='word_1_148' title='bbox 757 2264 785 2314; x_wconf 95' lang='lat' dir='ltr'><strong>in</strong></span> <span class='ocrx_word' id='word_1_149' title='bbox 798 2263 916 2334; x_wconf 76' lang='lat' dir='ltr'>sequenti</span> <span class='ocrx_word' id='word_1_150' title='bbox 926 2263 1028 2335; x_wconf 79' lang='lat' dir='ltr'><strong>Virgilii</strong></span> <span class='ocrx_word' id='word_1_151' title='bbox 1036 2265 1094 2319; x_wconf 91' lang='lat' dir='ltr'><strong>loco</strong></span> <span class='ocrx_word' id='word_1_152' title='bbox 1101 2304 1109 2331; x_wconf 92' lang='lat'><em>,</em></span> <span class='ocrx_word' id='word_1_153' title='bbox 1122 2285 1200 2338; x_wconf 86' lang='lat' dir='ltr'><strong>quem</strong></span> 
     </span>
     <span class='ocr_line' id='line_1_18' title="bbox 142 2344 1202 2419; baseline 0.009 -24"><span class='ocrx_word' id='word_1_154' title='bbox 142 2344 251 2400; x_wconf 76' lang='lat' dir='ltr'><strong>fortasse</strong></span> <span class='ocrx_word' id='word_1_155' title='bbox 264 2348 377 2418; x_wconf 73' lang='lat' dir='ltr'><strong>respexit</strong></span> <span class='ocrx_word' id='word_1_156' title='bbox 386 2349 481 2400; x_wconf 88' lang='lat' dir='ltr'><strong>Noster</strong></span> <span class='ocrx_word' id='word_1_157' title='bbox 491 2385 499 2410; x_wconf 89' lang='lat'>,</span> <span class='ocrx_word' id='word_1_158' title='bbox 509 2347 614 2400; x_wconf 86' lang='lat' dir='ltr'><strong>AEneid.</strong></span> <span class='ocrx_word' id='word_1_159' title='bbox 626 2347 699 2411; x_wconf 84' lang='lat' dir='ltr'><strong>vll,</strong></span> <span class='ocrx_word' id='word_1_160' title='bbox 713 2345 779 2400; x_wconf 80' lang='lat'><strong>603:</strong></span> <span class='ocrx_word' id='word_1_161' title='bbox 793 2365 865 2413; x_wconf 84' lang='lat' dir='ltr'><strong>quum</strong></span> <span class='ocrx_word' id='word_1_162' title='bbox 872 2349 954 2415; x_wconf 78' lang='lat' dir='ltr'><strong>prima</strong></span> <span class='ocrx_word' id='word_1_163' title='bbox 965 2364 1062 2400; x_wconf 81' lang='lat' dir='ltr'><strong>movent</strong></span> <span class='ocrx_word' id='word_1_164' title='bbox 1073 2353 1098 2402; x_wconf 82' lang='lat' dir='ltr'><strong>in</strong></span> <span class='ocrx_word' id='word_1_165' title='bbox 1114 2357 1202 2419; x_wconf 66' lang='lat' dir='ltr'><strong>prelio</strong></span> 
     </span>
     <span class='ocr_line' id='line_1_19' title="bbox 142 2427 1201 2503; baseline 0.008 -25"><span class='ocrx_word' id='word_1_166' title='bbox 142 2435 257 2482; x_wconf 74' lang='lat' dir='ltr'><strong>Martem.</strong></span> <span class='ocrx_word' id='word_1_167' title='bbox 267 2429 301 2482; x_wconf 88' lang='lat' dir='ltr'><strong>Id</strong></span> <span class='ocrx_word' id='word_1_168' title='bbox 311 2430 409 2483; x_wconf 87' lang='lat' dir='ltr'><strong>scilicet</strong></span> <span class='ocrx_word' id='word_1_169' title='bbox 417 2430 496 2482; x_wconf 82' lang='lat' dir='ltr'><strong>Marti</strong></span> <span class='ocrx_word' id='word_1_170' title='bbox 506 2431 622 2482; x_wconf 85' lang='lat' dir='ltr'><strong>minatur</strong></span> <span class='ocrx_word' id='word_1_171' title='bbox 631 2428 759 2493; x_wconf 77' lang='lat' dir='ltr'><strong>Pullus,ei</strong></span> <span class='ocrx_word' id='word_1_172' title='bbox 773 2449 800 2481; x_wconf 90' lang='lat' dir='ltr'><strong>se</strong></span> <span class='ocrx_word' id='word_1_173' title='bbox 814 2427 959 2483; x_wconf 72' lang='lat' dir='ltr'><strong>oblaturam</strong></span> <span class='ocrx_word' id='word_1_174' title='bbox 972 2449 1028 2484; x_wconf 84' lang='lat' dir='ltr'><strong>esse</strong></span> <span class='ocrx_word' id='word_1_175' title='bbox 1040 2437 1201 2503; x_wconf 78' lang='lat' dir='ltr'><strong>Belliposeneis</strong></span> 
     </span>
     <span class='ocr_line' id='line_1_20' title="bbox 141 2511 1200 2590; baseline 0.008 -27"><span class='ocrx_word' id='word_1_176' title='bbox 141 2513 249 2564; x_wconf 88' lang='lat' dir='ltr'><strong>titulum</strong></span> <span class='ocrx_word' id='word_1_177' title='bbox 263 2531 295 2565; x_wconf 90' lang='lat' dir='ltr'><strong>ac</strong></span> <span class='ocrx_word' id='word_1_178' title='bbox 314 2531 425 2574; x_wconf 86' lang='lat' dir='ltr'><strong>munus,</strong></span> <span class='ocrx_word' id='word_1_179' title='bbox 437 2511 509 2584; x_wconf 88' lang='lat' dir='ltr'><strong>qnod</strong></span> <span class='ocrx_word' id='word_1_180' title='bbox 528 2511 656 2582; x_wconf 86' lang='lat' dir='ltr'><strong>quidem,</strong></span> <span class='ocrx_word' id='word_1_181' title='bbox 672 2511 752 2563; x_wconf 78' lang='lat' dir='ltr'><strong>Marti</strong></span> <span class='ocrx_word' id='word_1_182' title='bbox 769 2513 921 2584; x_wconf 86' lang='lat' dir='ltr'><strong>proprium,</strong></span> <span class='ocrx_word' id='word_1_183' title='bbox 939 2513 976 2565; x_wconf 87' lang='lat' dir='ltr'><strong>sic</strong></span> <span class='ocrx_word' id='word_1_184' title='bbox 994 2515 1115 2586; x_wconf 83' lang='lat' dir='ltr'><strong>exprimit</strong></span> <span class='ocrx_word' id='word_1_185' title='bbox 1124 2518 1200 2590; x_wconf 88' lang='lat' dir='ltr'><strong>Virg.</strong></span> 
     </span>
    </p>
   </div>
   <div class='ocr_carea' id='block_1_10' title="bbox 143 2597 899 2738">
    <p class='ocr_par' dir='ltr' id='par_1_10' title="bbox 143 2597 899 2738">
     <span class='ocr_line' id='line_1_21' title="bbox 143 2597 375 2661; baseline 0 -13"><span class='ocrx_word' id='word_1_186' title='bbox 143 2599 205 2648; x_wconf 83' lang='lat' dir='ltr'><strong>AEn.</strong></span> <span class='ocrx_word' id='word_1_187' title='bbox 221 2597 292 2661; x_wconf 86' lang='grc' dir='ltr'><strong>ΧΠ,</strong></span> <span class='ocrx_word' id='word_1_188' title='bbox 312 2597 375 2650; x_wconf 77' lang='lat'>180:</span> 
     </span>
     <span class='ocr_line' id='line_1_22' title="bbox 318 2677 899 2738; baseline -0.009 -12"><span class='ocrx_word' id='word_1_189' title='bbox 318 2711 589 2726; x_wconf 90' lang='lat'><strong>..................</strong></span> <span class='ocrx_word' id='word_1_190' title='bbox 594 2687 680 2738; x_wconf 87' lang='lat' dir='ltr'><strong>tuque,</strong></span> <span class='ocrx_word' id='word_1_191' title='bbox 696 2677 783 2734; x_wconf 77' lang='lat' dir='ltr'><strong>inclyte</strong></span> <span class='ocrx_word' id='word_1_192' title='bbox 792 2677 899 2731; x_wconf 81' lang='lat' dir='ltr'><strong>Mavors,</strong></span> 
     </span>
    </p>
   </div>
   <div class='ocr_carea' id='block_1_11' title="bbox 314 2749 941 2814">
    <p class='ocr_par' dir='ltr' id='par_1_11' title="bbox 314 2749 941 2814">
     <span class='ocr_line' id='line_1_23' title="bbox 314 2749 941 2814; baseline -0.01 -14"><span class='ocrx_word' id='word_1_193' title='bbox 314 2755 403 2801; x_wconf 87' lang='lat' dir='ltr'><strong>Cuncta</strong></span> <span class='ocrx_word' id='word_1_194' title='bbox 412 2757 452 2799; x_wconf 86' lang='lat' dir='ltr'><strong>tuo</strong></span> <span class='ocrx_word' id='word_1_195' title='bbox 462 2753 504 2814; x_wconf 84' lang='lat' dir='ltr'><strong>qni</strong></span> <span class='ocrx_word' id='word_1_196' title='bbox 511 2751 587 2804; x_wconf 83' lang='lat' dir='ltr'><strong>bella,</strong></span> <span class='ocrx_word' id='word_1_197' title='bbox 600 2761 674 2813; x_wconf 81' lang='lat' dir='ltr'><strong>pater,</strong></span> <span class='ocrx_word' id='word_1_198' title='bbox 683 2750 727 2796; x_wconf 85' lang='lat' dir='ltr'><strong>sub</strong></span> <span class='ocrx_word' id='word_1_199' title='bbox 736 2749 831 2796; x_wconf 81' lang='lat' dir='ltr'><strong>numine</strong></span> <span class='ocrx_word' id='word_1_200' title='bbox 839 2757 941 2809; x_wconf 75' lang='lat' dir='ltr'><strong>torques.</strong></span> 
     </span>
    </p>
   </div>
   <div class='ocr_carea' id='block_1_12' title="bbox 178 2885 1007 3038">
    <p class='ocr_par' dir='ltr' id='par_1_12' title="bbox 178 2885 1007 3038">
     <span class='ocr_line' id='line_1_24' title="bbox 178 2885 955 2956; baseline -0.008 -18"><span class='ocrx_word' id='word_1_201' title='bbox 178 2888 213 2940; x_wconf 91' lang='lat' dir='ltr'><strong>V.</strong></span> <span class='ocrx_word' id='word_1_202' title='bbox 225 2887 286 2956; x_wconf 81' lang='lat'><strong>657.</strong></span> <span class='ocrx_word' id='word_1_203' title='bbox 311 2889 374 2953; x_wconf 81' lang='lat' dir='ltr'><strong>Quin</strong></span> <span class='ocrx_word' id='word_1_204' title='bbox 386 2888 458 2938; x_wconf 87' lang='lat' dir='ltr'><strong>simili</strong></span> <span class='ocrx_word' id='word_1_205' title='bbox 467 2898 568 2936; x_wconf 79' lang='lat' dir='ltr'><strong>matrem</strong></span> <span class='ocrx_word' id='word_1_206' title='bbox 582 2888 681 2936; x_wconf 81' lang='lat' dir='ltr'><strong>demens</strong></span> <span class='ocrx_word' id='word_1_207' title='bbox 689 2885 811 2951; x_wconf 72' lang='lat' dir='ltr'><strong>grauitate</strong></span> <span class='ocrx_word' id='word_1_208' title='bbox 821 2895 936 2948; x_wconf 77' lang='lat' dir='ltr'><strong>sequutus</strong></span> <span class='ocrx_word' id='word_1_209' title='bbox 945 2901 955 2931; x_wconf 87' lang='grc'><strong>.-</strong></span> 
     </span>
     <span class='ocr_line' id='line_1_25' title="bbox 307 2969 1007 3038; baseline -0.009 -17"><span class='ocrx_word' id='word_1_210' title='bbox 307 2973 392 3038; x_wconf 79' lang='lat' dir='ltr'><strong>Digna</strong></span> <span class='ocrx_word' id='word_1_211' title='bbox 402 2973 519 3037; x_wconf 81' lang='lat' dir='ltr'><strong>quidem,</strong></span> <span class='ocrx_word' id='word_1_212' title='bbox 537 2983 667 3020; x_wconf 83' lang='lat' dir='ltr'><strong>monstrum</strong></span> <span class='ocrx_word' id='word_1_213' title='bbox 680 2969 771 3036; x_wconf 83' lang='lat' dir='ltr'><strong>superis</strong></span> <span class='ocrx_word' id='word_1_214' title='bbox 782 2985 838 3034; x_wconf 81' lang='lat' dir='ltr'><strong>quae</strong></span> <span class='ocrx_word' id='word_1_215' title='bbox 849 2969 899 3018; x_wconf 83' lang='lat' dir='ltr'><strong>tale</strong></span> <span class='ocrx_word' id='word_1_216' title='bbox 909 2969 1007 3020; x_wconf 71' lang='lat' dir='ltr'><strong>enavit.</strong></span> 
     </span>
    </p>
   </div>
   <div class='ocr_carea' id='block_1_13' title="bbox 144 3080 1262 4327">
    <p class='ocr_par' dir='ltr' id='par_1_13' title="bbox 144 3080 1262 4327">
     <span class='ocr_line' id='line_1_26' title="bbox 144 3080 1201 3156; baseline 0.003 -21"><span class='ocrx_word' id='word_1_217' title='bbox 144 3085 206 3138; x_wconf 82' lang='lat' dir='ltr'><strong>Haec</strong></span> <span class='ocrx_word' id='word_1_218' title='bbox 215 3096 253 3138; x_wconf 84' lang='lat' dir='ltr'><strong>est</strong></span> <span class='ocrx_word' id='word_1_219' title='bbox 260 3085 365 3155; x_wconf 78' lang='lat' dir='ltr'><strong>vulgata</strong></span> <span class='ocrx_word' id='word_1_220' title='bbox 375 3082 565 3155; x_wconf 82' lang='lat' dir='ltr'><strong>interpunctio:</strong></span> <span class='ocrx_word' id='word_1_221' title='bbox 576 3095 680 3148; x_wconf 85' lang='lat' dir='ltr'><strong>nostra,</strong></span> <span class='ocrx_word' id='word_1_222' title='bbox 690 3100 772 3156; x_wconf 82' lang='lat' dir='ltr'><strong>qnam</strong></span> <span class='ocrx_word' id='word_1_223' title='bbox 781 3080 840 3134; x_wconf 86' lang='lat' dir='ltr'><strong>vide</strong></span> <span class='ocrx_word' id='word_1_224' title='bbox 848 3099 876 3153; x_wconf 79' lang='lat' dir='ltr'><strong>p.</strong></span> <span class='ocrx_word' id='word_1_225' title='bbox 888 3082 949 3151; x_wconf 81' lang='lat'>377‚</span> <span class='ocrx_word' id='word_1_226' title='bbox 959 3099 1064 3134; x_wconf 87' lang='lat' dir='ltr'><strong>sensum</strong></span> <span class='ocrx_word' id='word_1_227' title='bbox 1074 3083 1201 3155; x_wconf 85' lang='lat' dir='ltr'><strong>aptiorem</strong></span> 
     </span>
     <span class='ocr_line' id='line_1_27' title="bbox 144 3165 1203 3240; baseline 0.002 -19"><span class='ocrx_word' id='word_1_228' title='bbox 144 3168 236 3221; x_wconf 78' lang='lat' dir='ltr'><strong>efficit:</strong></span> <span class='ocrx_word' id='word_1_229' title='bbox 247 3181 357 3222; x_wconf 87' lang='lat' dir='ltr'><strong>matrem</strong></span> <span class='ocrx_word' id='word_1_230' title='bbox 367 3169 437 3221; x_wconf 90' lang='lat' dir='ltr'><strong>enim</strong></span> <span class='ocrx_word' id='word_1_231' title='bbox 446 3187 480 3220; x_wconf 90' lang='lat' dir='ltr'><strong>ne</strong></span> <span class='ocrx_word' id='word_1_232' title='bbox 490 3165 597 3240; x_wconf 88' lang='lat' dir='ltr'><strong>oblique</strong></span> <span class='ocrx_word' id='word_1_233' title='bbox 612 3167 717 3240; x_wconf 88' lang='lat' dir='ltr'><strong>quidem</strong></span> <span class='ocrx_word' id='word_1_234' title='bbox 726 3167 879 3239; x_wconf 82' lang='lat' dir='ltr'><strong>perstrinxit</strong></span> <span class='ocrx_word' id='word_1_235' title='bbox 889 3165 960 3219; x_wconf 86' lang='lat' dir='ltr'><strong>Mars</strong></span> <span class='ocrx_word' id='word_1_236' title='bbox 970 3207 978 3233; x_wconf 85' lang='lat'><em>,</em></span> <span class='ocrx_word' id='word_1_237' title='bbox 993 3165 1091 3220; x_wconf 88' lang='lat' dir='ltr'><strong>nedum</strong></span> <span class='ocrx_word' id='word_1_238' title='bbox 1103 3169 1203 3223; x_wconf 80' lang='lat' dir='ltr'><strong>Palladi</strong></span> 
     </span>
     <span class='ocr_line' id='line_1_28' title="bbox 145 3249 1201 3324; baseline 0.005 -22"><span class='ocrx_word' id='word_1_239' title='bbox 145 3251 219 3305; x_wconf 87' lang='lat' dir='ltr'><strong>locus</strong></span> <span class='ocrx_word' id='word_1_240' title='bbox 232 3255 264 3304; x_wconf 88' lang='lat' dir='ltr'><strong>sit</strong></span> <span class='ocrx_word' id='word_1_241' title='bbox 274 3271 333 3305; x_wconf 90' lang='lat' dir='ltr'><strong>eum</strong></span> <span class='ocrx_word' id='word_1_242' title='bbox 349 3251 506 3306; x_wconf 79' lang='lat' dir='ltr'><strong>criminandi</strong></span> <span class='ocrx_word' id='word_1_243' title='bbox 520 3263 648 3323; x_wconf 85' lang='lat' dir='ltr'><strong>tanquam</strong></span> <span class='ocrx_word' id='word_1_244' title='bbox 662 3270 696 3305; x_wconf 86' lang='lat' dir='ltr'><strong>ne</strong></span> <span class='ocrx_word' id='word_1_245' title='bbox 709 3250 785 3304; x_wconf 81' lang='lat' dir='ltr'><strong>matri</strong></span> <span class='ocrx_word' id='word_1_246' title='bbox 794 3249 901 3322; x_wconf 87' lang='lat' dir='ltr'><strong>quidem</strong></span> <span class='ocrx_word' id='word_1_247' title='bbox 914 3252 1066 3321; x_wconf 84' lang='lat' dir='ltr'><strong>pepercerit.</strong></span> <span class='ocrx_word' id='word_1_248' title='bbox 1079 3254 1201 3324; x_wconf 86' lang='lat' dir='ltr'><strong>Wagne-</strong></span> 
     </span>
     <span class='ocr_line' id='line_1_29' title="bbox 145 3333 1202 3408; baseline 0.004 -21"><span class='ocrx_word' id='word_1_249' title='bbox 145 3354 190 3388; x_wconf 89' lang='lat' dir='ltr'><strong>rus</strong></span> <span class='ocrx_word' id='word_1_250' title='bbox 199 3337 332 3407; x_wconf 74' lang='lat' dir='ltr'><strong>vulgatam</strong></span> <span class='ocrx_word' id='word_1_251' title='bbox 343 3348 483 3408; x_wconf 86' lang='lat' dir='ltr'><strong>sequutus,</strong></span> <span class='ocrx_word' id='word_1_252' title='bbox 493 3335 549 3388; x_wconf 81' lang='lat' dir='ltr'><strong>haec</strong></span> <span class='ocrx_word' id='word_1_253' title='bbox 558 3336 655 3388; x_wconf 79' lang='lat' dir='ltr'><strong>habet:</strong></span> <span class='ocrx_word' id='word_1_254' title='bbox 674 3361 686 3380; x_wconf 71' lang='grc' dir='ltr'>ι</span> <span class='ocrx_word' id='word_1_255' title='bbox 695 3335 828 3388; x_wconf 73' lang='lat' dir='ltr'><strong>Hactenus</strong></span> <span class='ocrx_word' id='word_1_256' title='bbox 842 3333 876 3386; x_wconf 83' lang='lat' dir='ltr'><strong>ad</strong></span> <span class='ocrx_word' id='word_1_257' title='bbox 888 3335 1018 3398; x_wconf 86' lang='lat' dir='ltr'><strong>Martem,</strong></span> <span class='ocrx_word' id='word_1_258' title='bbox 1031 3354 1103 3389; x_wconf 87' lang='lat' dir='ltr'><strong>nuuc</strong></span> <span class='ocrx_word' id='word_1_259' title='bbox 1113 3337 1147 3390; x_wconf 88' lang='lat' dir='ltr'><strong>ad</strong></span> <span class='ocrx_word' id='word_1_260' title='bbox 1162 3357 1202 3391; x_wconf 86' lang='lat' dir='ltr'><strong>as-</strong></span> 
     </span>
     <span class='ocr_line' id='line_1_30' title="bbox 145 3418 1262 3492; baseline 0.002 -22"><span class='ocrx_word' id='word_1_261' title='bbox 145 3419 257 3473; x_wconf 84' lang='lat' dir='ltr'><strong>sidentes</strong></span> <span class='ocrx_word' id='word_1_262' title='bbox 270 3419 334 3474; x_wconf 86' lang='lat' dir='ltr'><strong>deos</strong></span> <span class='ocrx_word' id='word_1_263' title='bbox 353 3419 442 3492; x_wconf 81' lang='lat' dir='ltr'><strong>dirigit</strong></span> <span class='ocrx_word' id='word_1_264' title='bbox 452 3421 606 3474; x_wconf 84' lang='lat' dir='ltr'><strong>orationem.</strong></span> <span class='ocrx_word' id='word_1_265' title='bbox 618 3421 732 3474; x_wconf 76' lang='lat' dir='ltr'><strong>Hoeserat</strong></span> <span class='ocrx_word' id='word_1_266' title='bbox 747 3419 775 3471; x_wconf 89' lang='lat' dir='ltr'><strong>in</strong></span> <span class='ocrx_word' id='word_1_267' title='bbox 788 3418 915 3470; x_wconf 90' lang='lat' dir='ltr'><strong>hocloco</strong></span> <span class='ocrx_word' id='word_1_268' title='bbox 929 3418 1112 3483; x_wconf 80' lang='lat' dir='ltr'><strong>Burmannus,</strong></span> <span class='ocrx_word' id='word_1_269' title='bbox 1120 3426 1203 3489; x_wconf 80' lang='lat' dir='ltr'><strong>gravi·</strong></span> <span class='ocrx_word' id='word_1_270' title='bbox 1254 3436 1262 3452; x_wconf 86' lang='grc'><strong>’</strong></span> 
     </span>
     <span class='ocr_line' id='line_1_31' title="bbox 145 3504 1203 3576; baseline -0.005 -21"><span class='ocrx_word' id='word_1_271' title='bbox 145 3519 197 3555; x_wconf 82' lang='lat' dir='ltr'><strong>tate</strong></span> <span class='ocrx_word' id='word_1_272' title='bbox 205 3521 327 3573; x_wconf 65' lang='lat' dir='ltr'><strong>sequuntur</strong></span> <span class='ocrx_word' id='word_1_273' title='bbox 336 3505 421 3558; x_wconf 80' lang='lat' dir='ltr'><strong>rixae</strong></span> <span class='ocrx_word' id='word_1_274' title='bbox 435 3504 579 3575; x_wconf 85' lang='lat' dir='ltr'><strong>intelligere</strong></span> <span class='ocrx_word' id='word_1_275' title='bbox 594 3505 687 3558; x_wconf 78' lang='lat' dir='ltr'><strong>faesus.</strong></span> <span class='ocrx_word' id='word_1_276' title='bbox 698 3505 788 3570; x_wconf 90' lang='lat' dir='ltr'><strong>Quum</strong></span> <span class='ocrx_word' id='word_1_277' title='bbox 804 3521 866 3556; x_wconf 85' lang='lat' dir='ltr'><strong>vero</strong></span> <span class='ocrx_word' id='word_1_278' title='bbox 880 3505 964 3570; x_wconf 80' lang='lat' dir='ltr'><strong>lingua</strong></span> <span class='ocrx_word' id='word_1_279' title='bbox 971 3522 1087 3571; x_wconf 79' lang='lat' dir='ltr'><strong>gravem,</strong></span> <span class='ocrx_word' id='word_1_280' title='bbox 1098 3505 1145 3576; x_wconf 83' lang='lat' dir='ltr'><strong>qui</strong></span> <span class='ocrx_word' id='word_1_281' title='bbox 1158 3525 1203 3560; x_wconf 60' lang='grc' dir='ltr'><strong>οε.</strong></span> 
     </span>
     <span class='ocr_line' id='line_1_32' title="bbox 145 3584 1203 3660; baseline 0.001 -20"><span class='ocrx_word' id='word_1_282' title='bbox 145 3589 225 3640; x_wconf 90' lang='lat' dir='ltr'><strong>currit</strong></span> <span class='ocrx_word' id='word_1_283' title='bbox 234 3607 323 3659; x_wconf 83' lang='lat' dir='ltr'><strong>snpra,</strong></span> <span class='ocrx_word' id='word_1_284' title='bbox 333 3608 358 3641; x_wconf 90' lang='lat' dir='ltr'><strong>v.</strong></span> <span class='ocrx_word' id='word_1_285' title='bbox 375 3587 442 3660; x_wconf 77' lang='lat'>598,</span> <span class='ocrx_word' id='word_1_286' title='bbox 456 3589 511 3660; x_wconf 84' lang='lat' dir='ltr'><strong>ipse</strong></span> <span class='ocrx_word' id='word_1_287' title='bbox 525 3588 673 3641; x_wconf 81' lang='lat' dir='ltr'><strong>excitaverit</strong></span> <span class='ocrx_word' id='word_1_288' title='bbox 683 3589 860 3651; x_wconf 86' lang='lat' dir='ltr'><strong>Burmannus,</strong></span> <span class='ocrx_word' id='word_1_289' title='bbox 872 3587 916 3640; x_wconf 89' lang='lat' dir='ltr'><strong>cui</strong></span> <span class='ocrx_word' id='word_1_290' title='bbox 930 3584 992 3638; x_wconf 89' lang='lat' dir='ltr'><strong>addi</strong></span> <span class='ocrx_word' id='word_1_291' title='bbox 1000 3599 1096 3658; x_wconf 85' lang='lat' dir='ltr'><strong>potest,</strong></span> <span class='ocrx_word' id='word_1_292' title='bbox 1110 3590 1160 3653; x_wconf 89' lang='lat' dir='ltr'><strong>IV,</strong></span> <span class='ocrx_word' id='word_1_293' title='bbox 1176 3593 1203 3656; x_wconf 83' lang='lat'><strong>3,</strong></span> 
     </span>
     <span class='ocr_line' id='line_1_33' title="bbox 145 3669 1203 3742; baseline 0.005 -20"><span class='ocrx_word' id='word_1_294' title='bbox 145 3690 200 3724; x_wconf 90' lang='lat' dir='ltr'><strong>non</strong></span> <span class='ocrx_word' id='word_1_295' title='bbox 209 3671 297 3736; x_wconf 82' lang='lat' dir='ltr'><strong>video,</strong></span> <span class='ocrx_word' id='word_1_296' title='bbox 305 3691 353 3724; x_wconf 83' lang='lat' dir='ltr'><strong>cur</strong></span> <span class='ocrx_word' id='word_1_297' title='bbox 362 3672 551 3726; x_wconf 83' lang='lat' dir='ltr'><strong>substantivum</strong></span> <span class='ocrx_word' id='word_1_298' title='bbox 559 3675 669 3741; x_wconf 55' lang='lat' dir='ltr'><strong>gravit&amp;</strong></span> <span class='ocrx_word' id='word_1_299' title='bbox 678 3683 812 3742; x_wconf 82' lang='lat' dir='ltr'><strong>tantopere</strong></span> <span class='ocrx_word' id='word_1_300' title='bbox 821 3669 960 3723; x_wconf 79' lang='lat' dir='ltr'><strong>offenderit</strong></span> <span class='ocrx_word' id='word_1_301' title='bbox 970 3707 977 3734; x_wconf 86' lang='lat'>,</span> <span class='ocrx_word' id='word_1_302' title='bbox 987 3687 1046 3742; x_wconf 73' lang='lat' dir='ltr'><strong>ques</strong></span> <span class='ocrx_word' id='word_1_303' title='bbox 1055 3671 1121 3724; x_wconf 89' lang='lat' dir='ltr'><strong>nihil</strong></span> <span class='ocrx_word' id='word_1_304' title='bbox 1131 3674 1203 3727; x_wconf 83' lang='lat' dir='ltr'><strong>eliud</strong></span> 
     </span>
     <span class='ocr_line' id='line_1_34' title="bbox 146 3753 1205 3830; baseline 0.004 -24"><span class='ocrx_word' id='word_1_305' title='bbox 146 3767 198 3822; x_wconf 88' lang='lat' dir='ltr'><strong>est,</strong></span> <span class='ocrx_word' id='word_1_306' title='bbox 219 3773 298 3828; x_wconf 85' lang='lat' dir='ltr'><strong>quam</strong></span> <span class='ocrx_word' id='word_1_307' title='bbox 313 3755 453 3808; x_wconf 84' lang='lat' dir='ltr'><strong>verborum</strong></span> <span class='ocrx_word' id='word_1_308' title='bbox 466 3753 628 3808; x_wconf 85' lang='lat' dir='ltr'><strong>immodestia</strong></span> <span class='ocrx_word' id='word_1_309' title='bbox 640 3794 648 3818; x_wconf 90' lang='lat'>‚</span> <span class='ocrx_word' id='word_1_310' title='bbox 658 3755 798 3808; x_wconf 85' lang='lat' dir='ltr'><strong>Germanis</strong></span> <span class='ocrx_word' id='word_1_311' title='bbox 810 3756 929 3806; x_wconf 83' lang='lat' dir='ltr'><strong>Grnbleit.</strong></span> <span class='ocrx_word' id='word_1_312' title='bbox 943 3755 998 3806; x_wconf 88' lang='lat' dir='ltr'><strong>Nec</strong></span> <span class='ocrx_word' id='word_1_313' title='bbox 1008 3757 1079 3822; x_wconf 80' lang='lat' dir='ltr'><strong>sequi</strong></span> <span class='ocrx_word' id='word_1_314' title='bbox 1086 3776 1136 3830; x_wconf 88' lang='lat' dir='ltr'><strong>pro</strong></span> <span class='ocrx_word' id='word_1_315' title='bbox 1143 3778 1205 3826; x_wconf 81' lang='lat' dir='ltr'><strong>per·</strong></span> 
     </span>
     <span class='ocr_line' id='line_1_35' title="bbox 146 3838 1205 3910; baseline 0.005 -21"><span class='ocrx_word' id='word_1_316' title='bbox 146 3843 215 3906; x_wconf 83' lang='lat' dir='ltr'><strong>sequi</strong></span> <span class='ocrx_word' id='word_1_317' title='bbox 225 3839 358 3893; x_wconf 86' lang='lat' dir='ltr'><strong>insolitum</strong></span> <span class='ocrx_word' id='word_1_318' title='bbox 368 3857 376 3903; x_wconf 84' lang='lat'>3</span> <span class='ocrx_word' id='word_1_319' title='bbox 388 3840 425 3893; x_wconf 86' lang='lat' dir='ltr'><strong>sic</strong></span> <span class='ocrx_word' id='word_1_320' title='bbox 443 3838 572 3904; x_wconf 81' lang='lat' dir='ltr'><strong>Ovidius,</strong></span> <span class='ocrx_word' id='word_1_321' title='bbox 587 3839 695 3891; x_wconf 87' lang='lat' dir='ltr'><strong>Metam.</strong></span> <span class='ocrx_word' id='word_1_322' title='bbox 711 3840 754 3901; x_wconf 84' lang='lat'><strong>11,</strong></span> <span class='ocrx_word' id='word_1_323' title='bbox 769 3840 836 3907; x_wconf 71' lang='lat'><strong>498,</strong></span> <span class='ocrx_word' id='word_1_324' title='bbox 852 3842 921 3906; x_wconf 81' lang='lat' dir='ltr'><strong>sequi</strong></span> <span class='ocrx_word' id='word_1_325' title='bbox 925 3838 1008 3906; x_wconf 81' lang='lat' dir='ltr'><strong>seras.</strong></span> <span class='ocrx_word' id='word_1_326' title='bbox 1023 3839 1055 3890; x_wconf 93' lang='lat' dir='ltr'><strong>In</strong></span> <span class='ocrx_word' id='word_1_327' title='bbox 1068 3841 1205 3910; x_wconf 85' lang='lat' dir='ltr'><strong>posteriori</strong></span> 
     </span>
     <span class='ocr_line' id='line_1_36' title="bbox 145 3920 1204 3995; baseline 0.005 -22"><span class='ocrx_word' id='word_1_328' title='bbox 145 3924 274 3976; x_wconf 79' lang='lat' dir='ltr'><strong>versiculo</strong></span> <span class='ocrx_word' id='word_1_329' title='bbox 284 3935 352 3987; x_wconf 82' lang='lat' dir='ltr'><strong>erat,</strong></span> <span class='ocrx_word' id='word_1_330' title='bbox 366 3923 411 3975; x_wconf 89' lang='lat' dir='ltr'><strong>ubi</strong></span> <span class='ocrx_word' id='word_1_331' title='bbox 424 3921 549 3975; x_wconf 80' lang='lat' dir='ltr'><strong>haererem</strong></span> <span class='ocrx_word' id='word_1_332' title='bbox 561 3922 633 3993; x_wconf 85' lang='lat' dir='ltr'><strong>ipse,</strong></span> <span class='ocrx_word' id='word_1_333' title='bbox 645 3923 691 3995; x_wconf 85' lang='lat' dir='ltr'><strong>qui</strong></span> <span class='ocrx_word' id='word_1_334' title='bbox 701 3924 786 3995; x_wconf 84' lang='lat' dir='ltr'><strong>ptimo</strong></span> <span class='ocrx_word' id='word_1_335' title='bbox 799 3921 895 3974; x_wconf 91' lang='lat' dir='ltr'><strong>intuitu</strong></span> <span class='ocrx_word' id='word_1_336' title='bbox 907 3920 1065 3994; x_wconf 83' lang='lat' dir='ltr'><strong>persuadere</strong></span> <span class='ocrx_word' id='word_1_337' title='bbox 1077 3924 1143 3978; x_wconf 90' lang='lat' dir='ltr'><strong>mihi</strong></span> <span class='ocrx_word' id='word_1_338' title='bbox 1151 3945 1204 3978; x_wconf 90' lang='lat' dir='ltr'><strong>non</strong></span> 
     </span>
     <span class='ocr_line' id='line_1_37' title="bbox 146 4005 1205 4078; baseline 0.003 -21"><span class='ocrx_word' id='word_1_339' title='bbox 146 4007 405 4078; x_wconf 87' lang='lat' dir='ltr'><strong>possem‚Palladem</strong></span> <span class='ocrx_word' id='word_1_340' title='bbox 415 4007 514 4059; x_wconf 85' lang='lat' dir='ltr'><strong>lunoni</strong></span> <span class='ocrx_word' id='word_1_341' title='bbox 527 4023 558 4058; x_wconf 88' lang='lat' dir='ltr'><strong>eo</strong></span> <span class='ocrx_word' id='word_1_342' title='bbox 572 4017 706 4076; x_wconf 87' lang='lat' dir='ltr'><strong>tempore,</strong></span> <span class='ocrx_word' id='word_1_343' title='bbox 721 4024 775 4077; x_wconf 91' lang='lat' dir='ltr'><strong>quo</strong></span> <span class='ocrx_word' id='word_1_344' title='bbox 789 4023 897 4077; x_wconf 77' lang='lat' dir='ltr'><strong>operum</strong></span> <span class='ocrx_word' id='word_1_345' title='bbox 915 4005 997 4058; x_wconf 74' lang='lat' dir='ltr'><strong>amhn</strong></span> <span class='ocrx_word' id='word_1_346' title='bbox 1011 4005 1038 4057; x_wconf 90' lang='lat' dir='ltr'><strong>in</strong></span> <span class='ocrx_word' id='word_1_347' title='bbox 1050 4007 1146 4059; x_wconf 82' lang='lat' dir='ltr'><strong>lasonc</strong></span> <span class='ocrx_word' id='word_1_348' title='bbox 1159 4006 1205 4060; x_wconf 88' lang='lat' dir='ltr'><strong>ad-</strong></span> 
     </span>
     <span class='ocr_line' id='line_1_38' title="bbox 145 4087 1203 4159; baseline 0 -18"><span class='ocrx_word' id='word_1_349' title='bbox 145 4088 262 4159; x_wconf 85' lang='lat' dir='ltr'><strong>juvando</strong></span> <span class='ocrx_word' id='word_1_350' title='bbox 273 4092 465 4144; x_wconf 86' lang='lat' dir='ltr'><strong>consociassent</strong></span> <span class='ocrx_word' id='word_1_351' title='bbox 474 4092 544 4158; x_wconf 82' lang='lat' dir='ltr'><strong>(nam</strong></span> <span class='ocrx_word' id='word_1_352' title='bbox 555 4088 619 4142; x_wconf 86' lang='lat' dir='ltr'><strong>alias</strong></span> <span class='ocrx_word' id='word_1_353' title='bbox 629 4106 684 4140; x_wconf 91' lang='lat' dir='ltr'><strong>non</strong></span> <span class='ocrx_word' id='word_1_354' title='bbox 695 4107 798 4159; x_wconf 85' lang='lat' dir='ltr'><strong>semper</strong></span> <span class='ocrx_word' id='word_1_355' title='bbox 807 4088 905 4140; x_wconf 84' lang='lat' dir='ltr'><strong>amicas</strong></span> <span class='ocrx_word' id='word_1_356' title='bbox 916 4087 995 4142; x_wconf 80' lang='lat' dir='ltr'><strong>luisse</strong></span> <span class='ocrx_word' id='word_1_357' title='bbox 1004 4089 1203 4159; x_wconf 88' lang='lat' dir='ltr'><strong>memineram),</strong></span> 
     </span>
     <span class='ocr_line' id='line_1_39' title="bbox 146 4169 1205 4244; baseline -0.002 -20"><span class='ocrx_word' id='word_1_358' title='bbox 146 4171 251 4236; x_wconf 87' lang='lat' dir='ltr'><strong>dicere,</strong></span> <span class='ocrx_word' id='word_1_359' title='bbox 263 4174 335 4244; x_wconf 88' lang='lat' dir='ltr'><strong>quod</strong></span> <span class='ocrx_word' id='word_1_360' title='bbox 346 4173 391 4228; x_wconf 88' lang='lat' dir='ltr'><strong>illa</strong></span> <span class='ocrx_word' id='word_1_361' title='bbox 403 4174 483 4227; x_wconf 90' lang='lat' dir='ltr'><strong>nollet</strong></span> <span class='ocrx_word' id='word_1_362' title='bbox 494 4171 602 4236; x_wconf 88' lang='lat' dir='ltr'><strong>audire,</strong></span> <span class='ocrx_word' id='word_1_363' title='bbox 615 4171 735 4224; x_wconf 82' lang='lat' dir='ltr'><strong>voluisse.</strong></span> <span class='ocrx_word' id='word_1_364' title='bbox 745 4169 797 4225; x_wconf 90' lang='lat' dir='ltr'><strong>Sed</strong></span> <span class='ocrx_word' id='word_1_365' title='bbox 806 4189 866 4224; x_wconf 82' lang='lat' dir='ltr'><strong>sana</strong></span> <span class='ocrx_word' id='word_1_366' title='bbox 879 4170 982 4236; x_wconf 86' lang='lat' dir='ltr'><strong>omnia,</strong></span> <span class='ocrx_word' id='word_1_367' title='bbox 990 4171 1012 4225; x_wconf 88' lang='lat' dir='ltr'><strong>si</strong></span> <span class='ocrx_word' id='word_1_368' title='bbox 1022 4170 1057 4223; x_wconf 88' lang='lat' dir='ltr'><strong>ita</strong></span> <span class='ocrx_word' id='word_1_369' title='bbox 1068 4170 1156 4223; x_wconf 87' lang='lat' dir='ltr'><strong>locum</strong></span> <span class='ocrx_word' id='word_1_370' title='bbox 1167 4172 1205 4223; x_wconf 92' lang='lat' dir='ltr'><strong>in·</strong></span> 
     </span>
     <span class='ocr_line' id='line_1_40' title="bbox 147 4253 1205 4327; baseline 0 -21"><span class='ocrx_word' id='word_1_371' title='bbox 147 4257 308 4327; x_wconf 86' lang='lat' dir='ltr'><strong>terpreteris:</strong></span> <span class='ocrx_word' id='word_1_372' title='bbox 323 4259 382 4312; x_wconf 89' lang='lat' dir='ltr'><strong>Nou</strong></span> <span class='ocrx_word' id='word_1_373' title='bbox 396 4277 438 4311; x_wconf 91' lang='lat' dir='ltr'><strong>me</strong></span> <span class='ocrx_word' id='word_1_374' title='bbox 453 4255 554 4320; x_wconf 88' lang='lat' dir='ltr'><strong>solam,</strong></span> <span class='ocrx_word' id='word_1_375' title='bbox 567 4254 613 4310; x_wconf 87' lang='lat' dir='ltr'><strong>aed</strong></span> <span class='ocrx_word' id='word_1_376' title='bbox 625 4269 734 4308; x_wconf 73' lang='lat' dir='ltr'><strong>matrem</strong></span> <span class='ocrx_word' id='word_1_377' title='bbox 748 4254 814 4308; x_wconf 84' lang='lat' dir='ltr'><strong>adeo</strong></span> <span class='ocrx_word' id='word_1_378' title='bbox 828 4255 935 4308; x_wconf 83' lang='lat' dir='ltr'><strong>demens</strong></span> <span class='ocrx_word' id='word_1_379' title='bbox 948 4253 1101 4306; x_wconf 85' lang='lat' dir='ltr'><strong>criminibus</strong></span> <span class='ocrx_word' id='word_1_380' title='bbox 1114 4272 1205 4306; x_wconf 82' lang='lat' dir='ltr'><strong>onera·</strong></span> 
     </span>
    </p>
   </div>
   <div class='ocr_carea' id='block_1_14' title="bbox 0 0 1571 5102">
    <p class='ocr_par' dir='ltr' id='par_1_14' title="bbox 0 0 1571 5102">
     <span class='ocr_line' id='line_1_41' title="bbox 0 0 1571 5102; baseline 0 0"><span class='ocrx_word' id='word_1_381' title='bbox 0 0 1571 5102; x_wconf 95' lang='lat' dir='ltr'><strong> </strong></span> 
     </span>
    </p>
   </div>
  </div>
 </body>
</html>
