<?xml version="1.0" encoding="UTF-8"?>
<!DOCTYPE html PUBLIC "-//W3C//DTD XHTML 1.0 Transitional//EN"
    "http://www.w3.org/TR/xhtml1/DTD/xhtml1-transitional.dtd">
<html xmlns="http://www.w3.org/1999/xhtml" xml:lang="en" lang="en">
 <head>
  <title>
</title>
<meta http-equiv="Content-Type" content="text/html;charset=utf-8" />
  <meta name='ocr-system' content='tesseract 3.04.00' />
  <meta name='ocr-capabilities' content='ocr_page ocr_carea ocr_par ocr_line ocrx_word'/>
</head>
<body>
  <div class='ocr_page' id='page_1' title='image "./cvaleriiflaccis00apolgoog_0336.png"; bbox 0 0 3246 5112; ppageno 0'>
   <div class='ocr_carea' id='block_1_1' title="bbox 373 507 1189 582">
    <p class='ocr_par' dir='ltr' id='par_1_1' title="bbox 373 507 1189 582">
     <span class='ocr_line' id='line_1_1' title="bbox 373 507 1189 582; baseline 0.012 -10"><span class='ocrx_word' id='word_1_1' title='bbox 373 507 762 576; x_wconf 83' lang='lat' dir='ltr'><strong>ARGONAUTICON</strong></span> <span class='ocrx_word' id='word_1_2' title='bbox 793 515 878 579; x_wconf 87' lang='lat' dir='ltr'>LIB.</span> <span class='ocrx_word' id='word_1_3' title='bbox 904 517 950 580; x_wconf 88' lang='grc' dir='ltr'><strong>ΙΙ.</strong></span> <span class='ocrx_word' id='word_1_4' title='bbox 1131 522 1189 582; x_wconf 70' lang='lat' dir='ltr'><strong>rrll</strong></span> 
     </span>
    </p>
   </div>
   <div class='ocr_carea' id='block_1_2' title="bbox 169 625 1193 2250">
    <p class='ocr_par' dir='ltr' id='par_1_2' title="bbox 169 625 1193 2250">
     <span class='ocr_line' id='line_1_2' title="bbox 173 625 1190 705; baseline 0.009 -21"><span class='ocrx_word' id='word_1_5' title='bbox 173 626 275 685; x_wconf 71' lang='lat' dir='ltr'><strong>belluae</strong></span> <span class='ocrx_word' id='word_1_6' title='bbox 296 625 427 704; x_wconf 67' lang='lat' dir='ltr'><strong>marina,</strong></span> <span class='ocrx_word' id='word_1_7' title='bbox 446 646 463 684; x_wconf 92' lang='lat' dir='ltr'><strong>a</strong></span> <span class='ocrx_word' id='word_1_8' title='bbox 483 631 620 705; x_wconf 77' lang='lat' dir='ltr'><strong>Neptuno</strong></span> <span class='ocrx_word' id='word_1_9' title='bbox 642 629 742 705; x_wconf 78' lang='lat' dir='ltr'><strong>patriae</strong></span> <span class='ocrx_word' id='word_1_10' title='bbox 765 630 909 703; x_wconf 74' lang='lat' dir='ltr'><strong>immissae,</strong></span> <span class='ocrx_word' id='word_1_11' title='bbox 930 631 1123 692; x_wconf 81' lang='lat' dir='ltr'>devorandam</span> <span class='ocrx_word' id='word_1_12' title='bbox 1144 635 1190 700; x_wconf 78' lang='lat' dir='ltr'><strong>liic</strong></span> 
     </span>
     <span class='ocr_line' id='line_1_3' title="bbox 171 725 1191 810; baseline 0.009 -28"><span class='ocrx_word' id='word_1_13' title='bbox 171 726 329 802; x_wconf 80' lang='lat' dir='ltr'>expositam</span> <span class='ocrx_word' id='word_1_14' title='bbox 343 745 419 796; x_wconf 83' lang='lat' dir='ltr'><strong>esse,</strong></span> <span class='ocrx_word' id='word_1_15' title='bbox 436 725 579 800; x_wconf 73' lang='lat' dir='ltr'><strong>451·l9⁶·</strong></span> <span class='ocrx_word' id='word_1_16' title='bbox 601 726 699 784; x_wconf 88' lang='lat' dir='ltr'><strong>Bellua</strong></span> <span class='ocrx_word' id='word_1_17' title='bbox 717 729 780 806; x_wconf 82' lang='lat' dir='ltr'><strong>ipsa</strong></span> <span class='ocrx_word' id='word_1_18' title='bbox 799 730 917 788; x_wconf 90' lang='lat' dir='ltr'><strong>accedit.</strong></span> <span class='ocrx_word' id='word_1_19' title='bbox 935 732 1073 790; x_wconf 90' lang='lat' dir='ltr'><strong>Hercules</strong></span> <span class='ocrx_word' id='word_1_20' title='bbox 1088 734 1191 810; x_wconf 77' lang='lat' dir='ltr'>arripit</span> 
     </span>
     <span class='ocr_line' id='line_1_4' title="bbox 171 823 1189 900; baseline 0.007 -20"><span class='ocrx_word' id='word_1_21' title='bbox 171 841 282 893; x_wconf 89' lang='lat' dir='ltr'><strong>arcum,</strong></span> <span class='ocrx_word' id='word_1_22' title='bbox 297 823 470 900; x_wconf 75' lang='lat' dir='ltr'>sagittasque</span> <span class='ocrx_word' id='word_1_23' title='bbox 484 823 571 881; x_wconf 89' lang='lat' dir='ltr'><strong>mittit</strong></span> <span class='ocrx_word' id='word_1_24' title='bbox 585 823 762 897; x_wconf 80' lang='lat' dir='ltr'><strong>innumeras3</strong></span> <span class='ocrx_word' id='word_1_25' title='bbox 776 839 807 883; x_wconf 88' lang='lat' dir='ltr'><strong>at</strong></span> <span class='ocrx_word' id='word_1_26' title='bbox 823 827 937 886; x_wconf 79' lang='lat' dir='ltr'><strong>frustra.</strong></span> <span class='ocrx_word' id='word_1_27' title='bbox 951 833 1025 886; x_wconf 88' lang='lat' dir='ltr'><strong>Tum</strong></span> <span class='ocrx_word' id='word_1_28' title='bbox 1038 848 1109 887; x_wconf 83' lang='lat' dir='ltr'><strong>vem</strong></span> <span class='ocrx_word' id='word_1_29' title='bbox 1125 850 1189 887; x_wconf 90' lang='lat' dir='ltr'><strong>ma-</strong></span> 
     </span>
     <span class='ocr_line' id='line_1_5' title="bbox 170 921 1190 1004; baseline 0.008 -26"><span class='ocrx_word' id='word_1_30' title='bbox 170 941 257 998; x_wconf 78' lang='lat' dir='ltr'><strong>gnum</strong></span> <span class='ocrx_word' id='word_1_31' title='bbox 270 939 371 978; x_wconf 84' lang='lat' dir='ltr'><strong>saxum</strong></span> <span class='ocrx_word' id='word_1_32' title='bbox 389 941 406 978; x_wconf 89' lang='lat' dir='ltr'><strong>a</strong></span> <span class='ocrx_word' id='word_1_33' title='bbox 422 933 520 978; x_wconf 91' lang='lat' dir='ltr'><strong>monte</strong></span> <span class='ocrx_word' id='word_1_34' title='bbox 535 923 681 981; x_wconf 87' lang='lat' dir='ltr'><strong>revulsum</strong></span> <span class='ocrx_word' id='word_1_35' title='bbox 699 922 790 999; x_wconf 87' lang='lat' dir='ltr'>injicit</span> <span class='ocrx_word' id='word_1_36' title='bbox 809 921 913 982; x_wconf 84' lang='lat' dir='ltr'><strong>belluae</strong></span> <span class='ocrx_word' id='word_1_37' title='bbox 932 927 1054 997; x_wconf 80' lang='lat' dir='ltr'><strong>certici,</strong></span> <span class='ocrx_word' id='word_1_38' title='bbox 1077 947 1136 1004; x_wconf 93' lang='lat' dir='ltr'><strong>quo</strong></span> <span class='ocrx_word' id='word_1_39' title='bbox 1156 949 1190 986; x_wconf 91' lang='lat' dir='ltr'><strong>ea</strong></span> 
     </span>
     <span class='ocr_line' id='line_1_6' title="bbox 171 1016 1191 1100; baseline 0.008 -25"><span class='ocrx_word' id='word_1_40' title='bbox 171 1017 335 1086; x_wconf 86' lang='lat' dir='ltr'><strong>conficitur,</strong></span> <span class='ocrx_word' id='word_1_41' title='bbox 357 1016 500 1092; x_wconf 73' lang='lat'><strong>497-549.</strong></span> <span class='ocrx_word' id='word_1_42' title='bbox 516 1017 644 1075; x_wconf 85' lang='lat' dir='ltr'><strong>Puellam</strong></span> <span class='ocrx_word' id='word_1_43' title='bbox 656 1017 779 1076; x_wconf 91' lang='lat' dir='ltr'><strong>vinculis</strong></span> <span class='ocrx_word' id='word_1_44' title='bbox 793 1019 915 1077; x_wconf 84' lang='lat' dir='ltr'><strong>solutam</strong></span> <span class='ocrx_word' id='word_1_45' title='bbox 928 1019 1014 1079; x_wconf 89' lang='lat' dir='ltr'><strong>heros</strong></span> <span class='ocrx_word' id='word_1_46' title='bbox 1027 1025 1102 1100; x_wconf 80' lang='lat' dir='ltr'><strong>patri</strong></span> <span class='ocrx_word' id='word_1_47' title='bbox 1113 1029 1191 1082; x_wconf 86' lang='lat' dir='ltr'><strong>Lao-</strong></span> 
     </span>
     <span class='ocr_line' id='line_1_7' title="bbox 171 1111 1189 1192; baseline 0.005 -21"><span class='ocrx_word' id='word_1_48' title='bbox 171 1113 298 1171; x_wconf 89' lang='lat' dir='ltr'><strong>medonti</strong></span> <span class='ocrx_word' id='word_1_49' title='bbox 311 1111 422 1184; x_wconf 85' lang='lat' dir='ltr'>reddit,</span> <span class='ocrx_word' id='word_1_50' title='bbox 437 1113 486 1189; x_wconf 93' lang='lat' dir='ltr'><strong>qui</strong></span> <span class='ocrx_word' id='word_1_51' title='bbox 507 1113 588 1172; x_wconf 88' lang='lat' dir='ltr'><strong>laetus</strong></span> <span class='ocrx_word' id='word_1_52' title='bbox 610 1112 728 1191; x_wconf 89' lang='lat' dir='ltr'><strong>quidem</strong></span> <span class='ocrx_word' id='word_1_53' title='bbox 745 1127 861 1192; x_wconf 88' lang='lat' dir='ltr'><strong>recepta</strong></span> <span class='ocrx_word' id='word_1_54' title='bbox 879 1116 952 1188; x_wconf 87' lang='lat' dir='ltr'><strong>lilia,</strong></span> <span class='ocrx_word' id='word_1_55' title='bbox 966 1131 1082 1177; x_wconf 86' lang='lat' dir='ltr'><strong>moestus</strong></span> <span class='ocrx_word' id='word_1_56' title='bbox 1096 1131 1189 1177; x_wconf 82' lang='lat' dir='ltr'><strong>tamen</strong></span> 
     </span>
     <span class='ocr_line' id='line_1_8' title="bbox 171 1207 1191 1293; baseline 0.007 -27"><span class='ocrx_word' id='word_1_57' title='bbox 171 1209 209 1267; x_wconf 92' lang='lat' dir='ltr'><strong>ob</strong></span> <span class='ocrx_word' id='word_1_58' title='bbox 221 1229 328 1286; x_wconf 84' lang='lat' dir='ltr'><strong>equos,</strong></span> <span class='ocrx_word' id='word_1_59' title='bbox 341 1207 459 1287; x_wconf 81' lang='lat' dir='ltr'><strong>praemia</strong></span> <span class='ocrx_word' id='word_1_60' title='bbox 475 1207 625 1268; x_wconf 87' lang='lat' dir='ltr'><strong>liberatori</strong></span> <span class='ocrx_word' id='word_1_61' title='bbox 646 1209 803 1288; x_wconf 89' lang='lat' dir='ltr'><strong>promissa,</strong></span> <span class='ocrx_word' id='word_1_62' title='bbox 822 1211 993 1284; x_wconf 86' lang='lat' dir='ltr'><strong>tradendos,</strong></span> <span class='ocrx_word' id='word_1_63' title='bbox 1007 1213 1109 1272; x_wconf 85' lang='lat' dir='ltr'><strong>invitat</strong></span> <span class='ocrx_word' id='word_1_64' title='bbox 1123 1217 1191 1293; x_wconf 84' lang='lat' dir='ltr'><strong>qui·</strong></span> 
     </span>
     <span class='ocr_line' id='line_1_9' title="bbox 171 1304 1190 1383; baseline 0.006 -21"><span class='ocrx_word' id='word_1_65' title='bbox 171 1304 235 1364; x_wconf 90' lang='lat' dir='ltr'><strong>dem</strong></span> <span class='ocrx_word' id='word_1_66' title='bbox 245 1305 280 1364; x_wconf 91' lang='lat' dir='ltr'><strong>ad</strong></span> <span class='ocrx_word' id='word_1_67' title='bbox 293 1305 392 1383; x_wconf 88' lang='lat' dir='ltr'><strong>epulas</strong></span> <span class='ocrx_word' id='word_1_68' title='bbox 401 1305 555 1364; x_wconf 80' lang='lat' dir='ltr'><strong>Herculem</strong></span> <span class='ocrx_word' id='word_1_69' title='bbox 567 1323 633 1364; x_wconf 90' lang='lat' dir='ltr'><strong>cum</strong></span> <span class='ocrx_word' id='word_1_70' title='bbox 644 1305 741 1376; x_wconf 86' lang='lat' dir='ltr'><strong>sociis,</strong></span> <span class='ocrx_word' id='word_1_71' title='bbox 753 1325 789 1364; x_wconf 90' lang='lat' dir='ltr'><strong>eo</strong></span> <span class='ocrx_word' id='word_1_72' title='bbox 802 1320 897 1366; x_wconf 88' lang='lat' dir='ltr'><strong>tamen</strong></span> <span class='ocrx_word' id='word_1_73' title='bbox 909 1307 1038 1380; x_wconf 89' lang='lat' dir='ltr'><strong>consilio,</strong></span> <span class='ocrx_word' id='word_1_74' title='bbox 1049 1321 1082 1366; x_wconf 91' lang='lat' dir='ltr'><strong>ut</strong></span> <span class='ocrx_word' id='word_1_75' title='bbox 1090 1329 1190 1368; x_wconf 88' lang='lat' dir='ltr'><strong>somno</strong></span> 
     </span>
     <span class='ocr_line' id='line_1_10' title="bbox 170 1401 1191 1480; baseline 0.004 -20"><span class='ocrx_word' id='word_1_76' title='bbox 170 1403 295 1480; x_wconf 83' lang='lat' dir='ltr'><strong>sopitum</strong></span> <span class='ocrx_word' id='word_1_77' title='bbox 313 1401 473 1459; x_wconf 89' lang='lat' dir='ltr'><strong>interliciat.</strong></span> <span class='ocrx_word' id='word_1_78' title='bbox 489 1402 631 1460; x_wconf 87' lang='lat' dir='ltr'><strong>Hercules</strong></span> <span class='ocrx_word' id='word_1_79' title='bbox 648 1403 748 1480; x_wconf 78' lang='lat' dir='ltr'>epulas</span> <span class='ocrx_word' id='word_1_80' title='bbox 760 1415 889 1473; x_wconf 80' lang='lat' dir='ltr'>recusat,</span> <span class='ocrx_word' id='word_1_81' title='bbox 907 1403 936 1459; x_wconf 92' lang='lat' dir='ltr'><strong>in</strong></span> <span class='ocrx_word' id='word_1_82' title='bbox 953 1403 1047 1463; x_wconf 86' lang='lat' dir='ltr'><strong>reditu</strong></span> <span class='ocrx_word' id='word_1_83' title='bbox 1060 1419 1155 1464; x_wconf 89' lang='lat' dir='ltr'><strong>autem</strong></span> <span class='ocrx_word' id='word_1_84' title='bbox 1175 1428 1191 1464; x_wconf 91' lang='lat' dir='ltr'><strong>c</strong></span> 
     </span>
     <span class='ocr_line' id='line_1_11' title="bbox 171 1498 1191 1576; baseline 0.002 -19"><span class='ocrx_word' id='word_1_85' title='bbox 171 1498 308 1558; x_wconf 87' lang='lat' dir='ltr'><strong>Colchide</strong></span> <span class='ocrx_word' id='word_1_86' title='bbox 328 1518 358 1556; x_wconf 90' lang='lat' dir='ltr'><strong>se</strong></span> <span class='ocrx_word' id='word_1_87' title='bbox 379 1516 470 1574; x_wconf 88' lang='lat' dir='ltr'><strong>equos</strong></span> <span class='ocrx_word' id='word_1_88' title='bbox 489 1516 587 1555; x_wconf 90' lang='lat' dir='ltr'><strong>secum</strong></span> <span class='ocrx_word' id='word_1_89' title='bbox 609 1511 793 1576; x_wconf 89' lang='lat' dir='ltr'><strong>sumpturum</strong></span> <span class='ocrx_word' id='word_1_90' title='bbox 813 1498 897 1570; x_wconf 91' lang='lat' dir='ltr'><strong>dicit,</strong></span> <span class='ocrx_word' id='word_1_91' title='bbox 918 1499 1059 1576; x_wconf 82' lang='lat'><strong>550-579.</strong></span> <span class='ocrx_word' id='word_1_92' title='bbox 1081 1502 1191 1559; x_wconf 86' lang='lat' dir='ltr'><strong>Relicta</strong></span> 
     </span>
     <span class='ocr_line' id='line_1_12' title="bbox 170 1593 1191 1672; baseline 0.002 -18"><span class='ocrx_word' id='word_1_93' title='bbox 170 1593 301 1667; x_wconf 81' lang='lat' dir='ltr'><strong>Troade,</strong></span> <span class='ocrx_word' id='word_1_94' title='bbox 323 1599 499 1672; x_wconf 76' lang='lat' dir='ltr'><strong>Argonautae</strong></span> <span class='ocrx_word' id='word_1_95' title='bbox 522 1593 647 1652; x_wconf 90' lang='lat' dir='ltr'><strong>subeunt</strong></span> <span class='ocrx_word' id='word_1_96' title='bbox 670 1595 905 1672; x_wconf 81' lang='lat' dir='ltr'><strong>Hellespontum,</strong></span> <span class='ocrx_word' id='word_1_97' title='bbox 933 1595 983 1654; x_wconf 91' lang='lat' dir='ltr'><strong>ubi</strong></span> <span class='ocrx_word' id='word_1_98' title='bbox 1010 1597 1111 1670; x_wconf 84' lang='lat' dir='ltr'><strong>Helle,</strong></span> <span class='ocrx_word' id='word_1_99' title='bbox 1137 1597 1191 1656; x_wconf 89' lang='lat' dir='ltr'><strong>dea</strong></span> 
     </span>
     <span class='ocr_line' id='line_1_13' title="bbox 170 1690 1191 1770; baseline 0 -20"><span class='ocrx_word' id='word_1_100' title='bbox 170 1712 246 1750; x_wconf 92' lang='lat' dir='ltr'><strong>nunc</strong></span> <span class='ocrx_word' id='word_1_101' title='bbox 263 1691 387 1762; x_wconf 87' lang='lat' dir='ltr'><strong>marina,</strong></span> <span class='ocrx_word' id='word_1_102' title='bbox 402 1690 487 1748; x_wconf 89' lang='lat' dir='ltr'><strong>undis</strong></span> <span class='ocrx_word' id='word_1_103' title='bbox 505 1703 636 1761; x_wconf 86' lang='lat' dir='ltr'><strong>exstans,</strong></span> <span class='ocrx_word' id='word_1_104' title='bbox 656 1709 796 1768; x_wconf 86' lang='lat' dir='ltr'><strong>prospera</strong></span> <span class='ocrx_word' id='word_1_105' title='bbox 815 1691 914 1748; x_wconf 89' lang='lat' dir='ltr'><strong>Jasoni</strong></span> <span class='ocrx_word' id='word_1_106' title='bbox 936 1692 1032 1750; x_wconf 90' lang='lat' dir='ltr'><strong>omnin</strong></span> <span class='ocrx_word' id='word_1_107' title='bbox 1052 1712 1191 1770; x_wconf 76' lang='lat' dir='ltr'><strong>praenun-</strong></span> 
     </span>
     <span class='ocr_line' id='line_1_14' title="bbox 172 1784 1193 1864; baseline 0.002 -19"><span class='ocrx_word' id='word_1_108' title='bbox 172 1789 237 1861; x_wconf 90' lang='lat' dir='ltr'><strong>tiat,</strong></span> <span class='ocrx_word' id='word_1_109' title='bbox 255 1786 446 1864; x_wconf 91' lang='lat' dir='ltr'><strong>mandataque</strong></span> <span class='ocrx_word' id='word_1_110' title='bbox 461 1785 511 1845; x_wconf 92' lang='lat' dir='ltr'><strong>dat</strong></span> <span class='ocrx_word' id='word_1_111' title='bbox 527 1784 564 1844; x_wconf 89' lang='lat' dir='ltr'><strong>ad</strong></span> <span class='ocrx_word' id='word_1_112' title='bbox 577 1785 726 1864; x_wconf 77' lang='lat' dir='ltr'><strong>Phryxum</strong></span> <span class='ocrx_word' id='word_1_113' title='bbox 744 1785 877 1858; x_wconf 83' lang='lat' dir='ltr'><strong>fratrem,</strong></span> <span class='ocrx_word' id='word_1_114' title='bbox 893 1785 1029 1846; x_wconf 83' lang='lat'>580-613.</span> <span class='ocrx_word' id='word_1_115' title='bbox 1044 1789 1193 1848; x_wconf 85' lang='lat' dir='ltr'><strong>Translre-</strong></span> 
     </span>
     <span class='ocr_line' id='line_1_15' title="bbox 172 1881 1191 1963; baseline 0 -21"><span class='ocrx_word' id='word_1_116' title='bbox 172 1897 230 1942; x_wconf 86' lang='lat' dir='ltr'><strong>tato</strong></span> <span class='ocrx_word' id='word_1_117' title='bbox 249 1883 438 1960; x_wconf 86' lang='lat' dir='ltr'><strong>Hellesponto</strong></span> <span class='ocrx_word' id='word_1_118' title='bbox 457 1887 618 1954; x_wconf 84' lang='lat' dir='ltr'><strong>Percoten,</strong></span> <span class='ocrx_word' id='word_1_119' title='bbox 638 1881 770 1955; x_wconf 83' lang='lat' dir='ltr'><strong>Parium,</strong></span> <span class='ocrx_word' id='word_1_120' title='bbox 791 1881 921 1958; x_wconf 82' lang='lat' dir='ltr'><strong>Pityam,</strong></span> <span class='ocrx_word' id='word_1_121' title='bbox 944 1886 1191 1963; x_wconf 87' lang='lat' dir='ltr'><strong>Lampsacumque</strong></span> 
     </span>
     <span class='ocr_line' id='line_1_16' title="bbox 171 1977 1190 2058; baseline 0 -20"><span class='ocrx_word' id='word_1_122' title='bbox 171 1981 278 2058; x_wconf 88' lang='lat' dir='ltr'><strong>Priapo·</strong></span> <span class='ocrx_word' id='word_1_123' title='bbox 290 1997 398 2038; x_wconf 79' lang='lat' dir='ltr'><strong>sacram</strong></span> <span class='ocrx_word' id='word_1_124' title='bbox 413 1979 608 2056; x_wconf 79' lang='lat' dir='ltr'><strong>praetervecti,</strong></span> <span class='ocrx_word' id='word_1_125' title='bbox 622 1977 781 2035; x_wconf 81' lang='lat' dir='ltr'><strong>deveniunt</strong></span> <span class='ocrx_word' id='word_1_126' title='bbox 797 1977 833 2035; x_wconf 87' lang='lat' dir='ltr'><strong>ad</strong></span> <span class='ocrx_word' id='word_1_127' title='bbox 849 1978 1029 2055; x_wconf 86' lang='lat' dir='ltr'><strong>peninsulam</strong></span> <span class='ocrx_word' id='word_1_128' title='bbox 1040 1981 1190 2057; x_wconf 82' lang='lat' dir='ltr'><strong>Cyzicum,</strong></span> 
     </span>
     <span class='ocr_line' id='line_1_17' title="bbox 171 2073 1191 2154; baseline 0 -20"><span class='ocrx_word' id='word_1_129' title='bbox 171 2075 239 2146; x_wconf 91' lang='lat' dir='ltr'><strong>ubi,</strong></span> <span class='ocrx_word' id='word_1_130' title='bbox 260 2075 298 2134; x_wconf 89' lang='lat' dir='ltr'><strong>ab</strong></span> <span class='ocrx_word' id='word_1_131' title='bbox 313 2075 440 2152; x_wconf 89' lang='lat' dir='ltr'><strong>ejusdem</strong></span> <span class='ocrx_word' id='word_1_132' title='bbox 454 2074 579 2142; x_wconf 86' lang='lat' dir='ltr'><strong>nominis</strong></span> <span class='ocrx_word' id='word_1_133' title='bbox 592 2093 659 2151; x_wconf 81' lang='lat' dir='ltr'><strong>rege</strong></span> <span class='ocrx_word' id='word_1_134' title='bbox 668 2073 836 2132; x_wconf 80' lang='lat' dir='ltr'><strong>amicissime</strong></span> <span class='ocrx_word' id='word_1_135' title='bbox 846 2075 989 2152; x_wconf 86' lang='lat' dir='ltr'><strong>lautisque</strong></span> <span class='ocrx_word' id='word_1_136' title='bbox 1001 2077 1114 2154; x_wconf 85' lang='lat' dir='ltr'><strong>excepti</strong></span> <span class='ocrx_word' id='word_1_137' title='bbox 1125 2096 1191 2134; x_wconf 92' lang='lat' dir='ltr'><strong>con-</strong></span> 
     </span>
     <span class='ocr_line' id='line_1_18' title="bbox 169 2170 940 2250; baseline -0.004 -19"><span class='ocrx_word' id='word_1_138' title='bbox 169 2173 268 2244; x_wconf 84' lang='lat' dir='ltr'><strong>viviis,</strong></span> <span class='ocrx_word' id='word_1_139' title='bbox 283 2191 337 2250; x_wconf 90' lang='lat' dir='ltr'><strong>per</strong></span> <span class='ocrx_word' id='word_1_140' title='bbox 350 2172 464 2249; x_wconf 85' lang='lat' dir='ltr'><strong>aliquot</strong></span> <span class='ocrx_word' id='word_1_141' title='bbox 475 2170 537 2229; x_wconf 88' lang='lat' dir='ltr'><strong>dies</strong></span> <span class='ocrx_word' id='word_1_142' title='bbox 549 2184 782 2241; x_wconf 87' lang='lat' dir='ltr'><strong>commorantur,</strong></span> <span class='ocrx_word' id='word_1_143' title='bbox 797 2170 940 2238; x_wconf 75' lang='lat' dir='ltr'><strong>era-665.</strong></span> 
     </span>
    </p>
   </div>
   <div class='ocr_carea' id='block_1_3' title="bbox 176 2318 975 2438">
    <p class='ocr_par' dir='ltr' id='par_1_3' title="bbox 176 2318 975 2438">
     <span class='ocr_line' id='line_1_19' title="bbox 176 2318 975 2438; baseline -0.008 -20"><span class='ocrx_word' id='word_1_144' title='bbox 176 2318 350 2418; x_wconf 65' lang='lat' dir='ltr'><strong>Ianam</strong></span> <span class='ocrx_word' id='word_1_145' title='bbox 366 2347 523 2414; x_wconf 88' lang='lat' dir='ltr'><strong>scelerum</strong></span> <span class='ocrx_word' id='word_1_146' title='bbox 542 2349 714 2436; x_wconf 84' lang='lat' dir='ltr'><strong>luctusque</strong></span> <span class='ocrx_word' id='word_1_147' title='bbox 733 2347 862 2438; x_wconf 83' lang='lat' dir='ltr'><strong>ignarus</strong></span> <span class='ocrx_word' id='word_1_148' title='bbox 880 2350 975 2413; x_wconf 90' lang='lat' dir='ltr'><strong>lason</strong></span> 
     </span>
    </p>
   </div>
   <div class='ocr_carea' id='block_1_4' title="bbox 136 2462 1045 3008">
    <p class='ocr_par' dir='ltr' id='par_1_4' title="bbox 174 2462 1045 2893">
     <span class='ocr_line' id='line_1_20' title="bbox 174 2462 1045 2552; baseline 0.001 -24"><span class='ocrx_word' id='word_1_149' title='bbox 174 2466 242 2530; x_wconf 84' lang='lat' dir='ltr'><strong>Alta</strong></span> <span class='ocrx_word' id='word_1_150' title='bbox 259 2481 361 2546; x_wconf 78' lang='lat' dir='ltr'><strong>secat3</strong></span> <span class='ocrx_word' id='word_1_151' title='bbox 378 2464 586 2551; x_wconf 86' lang='lat' dir='ltr'><strong>nequeenim</strong></span> <span class='ocrx_word' id='word_1_152' title='bbox 605 2462 724 2550; x_wconf 80' lang='lat' dir='ltr'><strong>patrios</strong></span> <span class='ocrx_word' id='word_1_153' title='bbox 743 2484 936 2552; x_wconf 83' lang='lat' dir='ltr'><strong>cognoscere</strong></span> <span class='ocrx_word' id='word_1_154' title='bbox 954 2483 1045 2529; x_wconf 86' lang='lat' dir='ltr'><strong>casus</strong></span> 
     </span>
     <span class='ocr_line' id='line_1_21' title="bbox 174 2575 995 2660; baseline -0.004 -17"><span class='ocrx_word' id='word_1_155' title='bbox 174 2579 258 2643; x_wconf 89' lang='lat' dir='ltr'><strong>Juno</strong></span> <span class='ocrx_word' id='word_1_156' title='bbox 275 2578 368 2659; x_wconf 90' lang='lat' dir='ltr'><strong>sinit,</strong></span> <span class='ocrx_word' id='word_1_157' title='bbox 382 2577 496 2640; x_wconf 86' lang='lat' dir='ltr'><strong>mediis</strong></span> <span class='ocrx_word' id='word_1_158' title='bbox 514 2575 630 2640; x_wconf 87' lang='lat' dir='ltr'><strong>ardens</strong></span> <span class='ocrx_word' id='word_1_159' title='bbox 648 2598 690 2639; x_wconf 90' lang='lat' dir='ltr'><strong>ne</strong></span> <span class='ocrx_word' id='word_1_160' title='bbox 705 2575 811 2640; x_wconf 89' lang='lat' dir='ltr'><strong>flectat</strong></span> <span class='ocrx_word' id='word_1_161' title='bbox 823 2577 864 2640; x_wconf 90' lang='lat' dir='ltr'><strong>ab</strong></span> <span class='ocrx_word' id='word_1_162' title='bbox 880 2576 995 2660; x_wconf 87' lang='lat' dir='ltr'><strong>undis,</strong></span> 
     </span>
     <span class='ocr_line' id='line_1_22' title="bbox 174 2688 978 2779; baseline -0.002 -23"><span class='ocrx_word' id='word_1_163' title='bbox 174 2694 218 2756; x_wconf 87' lang='lat' dir='ltr'><strong>Ac</strong></span> <span class='ocrx_word' id='word_1_164' title='bbox 236 2708 357 2756; x_wconf 89' lang='lat' dir='ltr'><strong>temere</strong></span> <span class='ocrx_word' id='word_1_165' title='bbox 374 2693 408 2754; x_wconf 88' lang='lat' dir='ltr'><strong>in</strong></span> <span class='ocrx_word' id='word_1_166' title='bbox 425 2691 533 2755; x_wconf 90' lang='lat' dir='ltr'><strong>Pelian</strong></span> <span class='ocrx_word' id='word_1_167' title='bbox 549 2706 582 2754; x_wconf 87' lang='lat' dir='ltr'><strong>et</strong></span> <span class='ocrx_word' id='word_1_168' title='bbox 597 2688 703 2754; x_wconf 87' lang='lat' dir='ltr'><strong>adhuc</strong></span> <span class='ocrx_word' id='word_1_169' title='bbox 720 2691 877 2754; x_wconf 89' lang='lat' dir='ltr'><strong>obstantia</strong></span> <span class='ocrx_word' id='word_1_170' title='bbox 896 2690 978 2779; x_wconf 82' lang='lat' dir='ltr'><strong>regis</strong></span> 
     </span>
     <span class='ocr_line' id='line_1_23' title="bbox 175 2801 962 2893; baseline -0.004 -24"><span class='ocrx_word' id='word_1_171' title='bbox 175 2808 248 2870; x_wconf 83' lang='lat' dir='ltr'><strong>Fata</strong></span> <span class='ocrx_word' id='word_1_172' title='bbox 263 2819 352 2885; x_wconf 89' lang='lat' dir='ltr'><strong>ruat,</strong></span> <span class='ocrx_word' id='word_1_173' title='bbox 367 2803 566 2893; x_wconf 90' lang='lat' dir='ltr'><strong>placitosque</strong></span> <span class='ocrx_word' id='word_1_174' title='bbox 582 2801 650 2865; x_wconf 86' lang='lat' dir='ltr'><strong>deis</strong></span> <span class='ocrx_word' id='word_1_175' title='bbox 667 2823 709 2864; x_wconf 86' lang='lat' dir='ltr'><strong>nc</strong></span> <span class='ocrx_word' id='word_1_176' title='bbox 725 2801 849 2866; x_wconf 88' lang='lat' dir='ltr'><strong>deserat</strong></span> <span class='ocrx_word' id='word_1_177' title='bbox 863 2817 962 2867; x_wconf 86' lang='lat' dir='ltr'><strong>actus.</strong></span> 
     </span>
    </p>

    <p class='ocr_par' dir='ltr' id='par_1_5' title="bbox 136 2917 1039 3008">
     <span class='ocr_line' id='line_1_24' title="bbox 136 2917 1039 3008; baseline -0.006 -22"><span class='ocrx_word' id='word_1_178' title='bbox 136 2943 140 2952; x_wconf 88' lang='lat'><em>·</em></span> <span class='ocrx_word' id='word_1_179' title='bbox 218 2923 352 3008; x_wconf 89' lang='lat' dir='ltr'><strong>Jamque</strong></span> <span class='ocrx_word' id='word_1_180' title='bbox 370 2919 459 2983; x_wconf 73' lang='lat' dir='ltr'><strong>lictis</strong></span> <span class='ocrx_word' id='word_1_181' title='bbox 477 2939 619 2982; x_wconf 89' lang='lat' dir='ltr'><strong>summas</strong></span> <span class='ocrx_word' id='word_1_182' title='bbox 634 2932 795 3004; x_wconf 88' lang='lat' dir='ltr'><strong>aequatum</strong></span> <span class='ocrx_word' id='word_1_183' title='bbox 810 2917 923 2983; x_wconf 88' lang='lat' dir='ltr'><strong>Pelion</strong></span> <span class='ocrx_word' id='word_1_184' title='bbox 940 2939 1039 2981; x_wconf 87' lang='lat' dir='ltr'><strong>ornos</strong></span> 
     </span>
    </p>
   </div>
   <div class='ocr_carea' id='block_1_5' title="bbox 135 3125 1186 3258">
    <p class='ocr_par' dir='ltr' id='par_1_6' title="bbox 135 3125 1186 3258">
     <span class='ocr_line' id='line_1_25' title="bbox 161 3125 1186 3187; baseline -0.004 -9"><span class='ocrx_word' id='word_1_185' title='bbox 161 3134 185 3178; x_wconf 82' lang='lat'><strong>6.</strong></span> <span class='ocrx_word' id='word_1_186' title='bbox 202 3133 273 3178; x_wconf 71' lang='lat' dir='ltr'><strong>rem.</strong></span> <span class='ocrx_word' id='word_1_187' title='bbox 288 3131 379 3176; x_wconf 78' lang='lat' dir='ltr'><strong>Bonum</strong></span> <span class='ocrx_word' id='word_1_188' title='bbox 394 3127 447 3174; x_wconf 84' lang='lat' dir='ltr'><strong>eorl.</strong></span> <span class='ocrx_word' id='word_1_189' title='bbox 465 3129 554 3176; x_wconf 85' lang='lat' dir='ltr'><strong>Bonna.</strong></span> <span class='ocrx_word' id='word_1_190' title='bbox 571 3127 621 3173; x_wconf 85' lang='lat' dir='ltr'><strong>let</strong></span> <span class='ocrx_word' id='word_1_191' title='bbox 638 3127 669 3172; x_wconf 88' lang='grc' dir='ltr'><strong>Π.</strong></span> <span class='ocrx_word' id='word_1_192' title='bbox 684 3128 750 3173; x_wconf 70' lang='lat' dir='ltr'><strong>Facti.</strong></span> <span class='ocrx_word' id='word_1_193' title='bbox 762 3125 836 3172; x_wconf 67' lang='lat' dir='ltr'><strong>viiic.</strong></span> <span class='ocrx_word' id='word_1_194' title='bbox 851 3134 874 3172; x_wconf 80' lang='lat' dir='ltr'><strong>et</strong></span> <span class='ocrx_word' id='word_1_195' title='bbox 889 3125 978 3187; x_wconf 83' lang='lat' dir='ltr'><strong>priscus</strong></span> <span class='ocrx_word' id='word_1_196' title='bbox 995 3125 1048 3173; x_wconf 88' lang='lat' dir='ltr'><strong>eod.</strong></span> <span class='ocrx_word' id='word_1_197' title='bbox 1065 3127 1106 3173; x_wconf 86' lang='lat' dir='ltr'>Pii.</span> <span class='ocrx_word' id='word_1_198' title='bbox 1123 3129 1186 3174; x_wconf 79' lang='lat' dir='ltr'><strong>lunt.</strong></span> 
     </span>
     <span class='ocr_line' id='line_1_26' title="bbox 135 3211 296 3258; baseline 0 -2"><span class='ocrx_word' id='word_1_199' title='bbox 135 3211 184 3258; x_wconf 81' lang='lat' dir='ltr'><strong>ttd.</strong></span> <span class='ocrx_word' id='word_1_200' title='bbox 194 3220 239 3258; x_wconf 87' lang='lat' dir='ltr'><strong>etc.</strong></span> <span class='ocrx_word' id='word_1_201' title='bbox 252 3211 296 3256; x_wconf 82' lang='lat' dir='ltr'><strong>En.</strong></span> 
     </span>
    </p>
   </div>
   <div class='ocr_carea' id='block_1_6' title="bbox 133 3361 1186 4305">
    <p class='ocr_par' dir='ltr' id='par_1_7' title="bbox 133 3361 1186 4305">
     <span class='ocr_line' id='line_1_27' title="bbox 169 3361 1185 3432; baseline -0.003 -12"><span class='ocrx_word' id='word_1_202' title='bbox 169 3387 192 3422; x_wconf 86' lang='lat' dir='ltr'><strong>r.</strong></span> <span class='ocrx_word' id='word_1_203' title='bbox 205 3367 309 3420; x_wconf 82' lang='lat' dir='ltr'><strong>Interea</strong></span> <span class='ocrx_word' id='word_1_204' title='bbox 323 3366 457 3419; x_wconf 83' lang='lat' dir='ltr'><strong>altasecut</strong></span> <span class='ocrx_word' id='word_1_205' title='bbox 474 3365 569 3427; x_wconf 75' lang='lat' dir='ltr'><strong>lason,</strong></span> <span class='ocrx_word' id='word_1_206' title='bbox 584 3383 636 3416; x_wconf 85' lang='lat' dir='ltr'><strong>sce·</strong></span> <span class='ocrx_word' id='word_1_207' title='bbox 680 3361 757 3416; x_wconf 84' lang='lat' dir='ltr'><strong>adeat</strong></span> <span class='ocrx_word' id='word_1_208' title='bbox 788 3361 986 3415; x_wconf 86' lang='lat' dir='ltr'><strong>Schoenemanni</strong></span> <span class='ocrx_word' id='word_1_209' title='bbox 1011 3367 1185 3432; x_wconf 74' lang='lat' dir='ltr'><strong>geographiam</strong></span> 
     </span>
     <span class='ocr_line' id='line_1_28' title="bbox 134 3442 1186 3513; baseline -0.003 -15"><span class='ocrx_word' id='word_1_210' title='bbox 134 3451 205 3498; x_wconf 75' lang='lat' dir='ltr'><strong>lenam</strong></span> <span class='ocrx_word' id='word_1_211' title='bbox 224 3452 363 3513; x_wconf 80' lang='lat' dir='ltr'><strong>laetusque,</strong></span> <span class='ocrx_word' id='word_1_212' title='bbox 385 3444 456 3497; x_wconf 81' lang='lat' dir='ltr'><strong>necis</strong></span> <span class='ocrx_word' id='word_1_213' title='bbox 476 3444 636 3497; x_wconf 79' lang='lat' dir='ltr'><strong>accelerato</strong></span> <span class='ocrx_word' id='word_1_214' title='bbox 681 3449 901 3511; x_wconf 77' lang='lat' dir='ltr'><strong>Argonautamm,</strong></span> <span class='ocrx_word' id='word_1_215' title='bbox 930 3442 1085 3513; x_wconf 78' lang='lat' dir='ltr'><strong>Goettingae,</strong></span> <span class='ocrx_word' id='word_1_216' title='bbox 1115 3463 1186 3497; x_wconf 89' lang='lat' dir='ltr'><strong>anno</strong></span> 
     </span>
     <span class='ocr_line' id='line_1_29' title="bbox 133 3519 882 3597; baseline -0.004 -20"><span class='ocrx_word' id='word_1_217' title='bbox 133 3526 198 3578; x_wconf 82' lang='lat' dir='ltr'><strong>Pelia</strong></span> <span class='ocrx_word' id='word_1_218' title='bbox 210 3525 279 3597; x_wconf 87' lang='lat' dir='ltr'><strong>patri</strong></span> <span class='ocrx_word' id='word_1_219' title='bbox 295 3523 415 3584; x_wconf 79' lang='lat' dir='ltr'><strong>inflictae,</strong></span> <span class='ocrx_word' id='word_1_220' title='bbox 430 3525 545 3590; x_wconf 68' lang='lat' dir='ltr'><strong>ignauus,-</strong></span> <span class='ocrx_word' id='word_1_221' title='bbox 565 3522 636 3573; x_wconf 84' lang='lat' dir='ltr'><strong>Juno</strong></span> <span class='ocrx_word' id='word_1_222' title='bbox 683 3522 764 3590; x_wconf 81' lang='lat'><strong>1788,</strong></span> <span class='ocrx_word' id='word_1_223' title='bbox 778 3519 882 3574; x_wconf 84' lang='lat' dir='ltr'><strong>editam.</strong></span> 
     </span>
     <span class='ocr_line' id='line_1_30' title="bbox 133 3597 1184 3675; baseline -0.002 -19"><span class='ocrx_word' id='word_1_224' title='bbox 133 3605 201 3657; x_wconf 76' lang='lat' dir='ltr'><strong>enirn</strong></span> <span class='ocrx_word' id='word_1_225' title='bbox 219 3604 287 3658; x_wconf 85' lang='lat' dir='ltr'><strong>celat</strong></span> <span class='ocrx_word' id='word_1_226' title='bbox 303 3603 386 3675; x_wconf 86' lang='lat' dir='ltr'><strong>patris</strong></span> <span class='ocrx_word' id='word_1_227' title='bbox 402 3613 530 3663; x_wconf 86' lang='lat' dir='ltr'><strong>mortem,</strong></span> <span class='ocrx_word' id='word_1_228' title='bbox 549 3618 582 3652; x_wconf 88' lang='lat' dir='ltr'><strong>ne</strong></span> <span class='ocrx_word' id='word_1_229' title='bbox 607 3600 635 3651; x_wconf 92' lang='lat' dir='ltr'><strong>in</strong></span> <span class='ocrx_word' id='word_1_230' title='bbox 715 3597 1184 3674; x_wconf 72' lang='lat' dir='ltr'><strong>6.Jarnexpagasaeo&#39;llresstliaesinrt</strong></span> 
     </span>
     <span class='ocr_line' id='line_1_31' title="bbox 134 3675 1184 3754; baseline -0.004 -20"><span class='ocrx_word' id='word_1_231' title='bbox 134 3685 188 3753; x_wconf 82' lang='lat' dir='ltr'><strong>ipso</strong></span> <span class='ocrx_word' id='word_1_232' title='bbox 196 3682 368 3754; x_wconf 79' lang='lat' dir='ltr'><strong>navigationis</strong></span> <span class='ocrx_word' id='word_1_233' title='bbox 376 3680 469 3733; x_wconf 85' lang='lat' dir='ltr'><strong>ardore</strong></span> <span class='ocrx_word' id='word_1_234' title='bbox 475 3678 593 3741; x_wconf 82' lang='lat' dir='ltr'><strong>deficiat,</strong></span> <span class='ocrx_word' id='word_1_235' title='bbox 604 3697 635 3730; x_wconf 88' lang='lat' dir='ltr'><strong>ac</strong></span> <span class='ocrx_word' id='word_1_236' title='bbox 679 3677 706 3728; x_wconf 89' lang='lat' dir='ltr'><strong>in</strong></span> <span class='ocrx_word' id='word_1_237' title='bbox 716 3679 826 3746; x_wconf 80' lang='lat' dir='ltr'><strong>AEgeum</strong></span> <span class='ocrx_word' id='word_1_238' title='bbox 844 3697 915 3729; x_wconf 86' lang='lat' dir='ltr'><strong>mare</strong></span> <span class='ocrx_word' id='word_1_239' title='bbox 925 3675 1036 3728; x_wconf 86' lang='lat' dir='ltr'><strong>tendunt</strong></span> <span class='ocrx_word' id='word_1_240' title='bbox 1047 3679 1184 3748; x_wconf 79' lang='lat' dir='ltr'><strong>Argonau-</strong></span> 
     </span>
     <span class='ocr_line' id='line_1_32' title="bbox 135 3755 1186 3831; baseline -0.005 -18"><span class='ocrx_word' id='word_1_241' title='bbox 135 3779 233 3822; x_wconf 79' lang='lat' dir='ltr'><strong>tcmere,</strong></span> <span class='ocrx_word' id='word_1_242' title='bbox 251 3761 446 3830; x_wconf 81' lang='lat' dir='ltr'><strong>intempestive,</strong></span> <span class='ocrx_word' id='word_1_243' title='bbox 459 3762 483 3809; x_wconf 84' lang='lat' dir='ltr'><strong>in</strong></span> <span class='ocrx_word' id='word_1_244' title='bbox 497 3761 578 3808; x_wconf 74' lang='lat' dir='ltr'><strong>odiar</strong></span> <span class='ocrx_word' id='word_1_245' title='bbox 593 3759 636 3807; x_wconf 85' lang='lat' dir='ltr'><strong>ob·</strong></span> <span class='ocrx_word' id='word_1_246' title='bbox 651 3786 652 3789; x_wconf 63' lang='lat'><em>=</em></span> <span class='ocrx_word' id='word_1_247' title='bbox 679 3769 720 3807; x_wconf 78' lang='lat' dir='ltr'><strong>tae.</strong></span> <span class='ocrx_word' id='word_1_248' title='bbox 732 3759 830 3815; x_wconf 83' lang='lat' dir='ltr'><strong>Pelion,</strong></span> <span class='ocrx_word' id='word_1_249' title='bbox 842 3755 983 3831; x_wconf 70' lang='lat' dir='ltr'><strong>&#39;llnessaliae</strong></span> <span class='ocrx_word' id='word_1_250' title='bbox 991 3769 1108 3810; x_wconf 87' lang='lat' dir='ltr'><strong>montem</strong></span> <span class='ocrx_word' id='word_1_251' title='bbox 1118 3762 1186 3826; x_wconf 79' lang='lat' dir='ltr'><strong>,sre-</strong></span> 
     </span>
     <span class='ocr_line' id='line_1_33' title="bbox 133 3836 1185 3910; baseline -0.005 -17"><span class='ocrx_word' id='word_1_252' title='bbox 133 3846 222 3893; x_wconf 80' lang='lat' dir='ltr'><strong>ttantr&#39;a</strong></span> <span class='ocrx_word' id='word_1_253' title='bbox 235 3845 297 3910; x_wconf 66' lang='lat' dir='ltr'><strong>regis</strong></span> <span class='ocrx_word' id='word_1_254' title='bbox 309 3844 384 3909; x_wconf 77' lang='lat' dir='ltr'><strong>flata,</strong></span> <span class='ocrx_word' id='word_1_255' title='bbox 400 3838 433 3891; x_wconf 88' lang='lat' dir='ltr'><strong>ad</strong></span> <span class='ocrx_word' id='word_1_256' title='bbox 447 3837 565 3890; x_wconf 86' lang='lat' dir='ltr'><strong>nondum</strong></span> <span class='ocrx_word' id='word_1_257' title='bbox 578 3853 636 3888; x_wconf 83' lang='lat' dir='ltr'><strong>ma·</strong></span> <span class='ocrx_word' id='word_1_258' title='bbox 678 3838 710 3884; x_wconf 85' lang='lat' dir='ltr'><strong>tis</strong></span> <span class='ocrx_word' id='word_1_259' title='bbox 729 3854 835 3910; x_wconf 70' lang='lat' dir='ltr'><strong>stammas</strong></span> <span class='ocrx_word' id='word_1_260' title='bbox 854 3855 926 3886; x_wconf 82' lang='lat' dir='ltr'><strong>ornos</strong></span> <span class='ocrx_word' id='word_1_261' title='bbox 942 3849 1064 3902; x_wconf 82' lang='lat' dir='ltr'><strong>oeqnamm</strong></span> <span class='ocrx_word' id='word_1_262' title='bbox 1085 3836 1096 3902; x_wconf 88' lang='lat'>(</span> <span class='ocrx_word' id='word_1_263' title='bbox 1101 3855 1185 3906; x_wconf 80' lang='lat' dir='ltr'><strong>graeco</strong></span> 
     </span>
     <span class='ocr_line' id='line_1_34' title="bbox 134 3912 1185 3986; baseline -0.004 -16"><span class='ocrx_word' id='word_1_264' title='bbox 134 3931 216 3972; x_wconf 85' lang='lat' dir='ltr'><strong>turam</strong></span> <span class='ocrx_word' id='word_1_265' title='bbox 236 3921 311 3972; x_wconf 80' lang='lat' dir='ltr'><strong>Peliae</strong></span> <span class='ocrx_word' id='word_1_266' title='bbox 329 3930 439 3970; x_wconf 77' lang='lat' dir='ltr'><strong>mortem</strong></span> <span class='ocrx_word' id='word_1_267' title='bbox 455 3912 634 3976; x_wconf 80' lang='lat' dir='ltr'><strong>inserendam,</strong></span> <span class='ocrx_word' id='word_1_268' title='bbox 679 3928 752 3964; x_wconf 86' lang='lat' dir='ltr'><strong>more</strong></span> <span class='ocrx_word' id='word_1_269' title='bbox 769 3913 879 3984; x_wconf 79' lang='lat' dir='ltr'><strong>elatum)</strong></span> <span class='ocrx_word' id='word_1_270' title='bbox 899 3927 1023 3980; x_wconf 72' lang='lat' dir='ltr'><strong>mergunt,</strong></span> <span class='ocrx_word' id='word_1_271' title='bbox 1042 3925 1096 3966; x_wconf 90' lang='lat' dir='ltr'><strong>tam</strong></span> <span class='ocrx_word' id='word_1_272' title='bbox 1110 3915 1185 3986; x_wconf 83' lang='lat' dir='ltr'><strong>longe</strong></span> 
     </span>
     <span class='ocr_line' id='line_1_35' title="bbox 134 3991 1185 4066; baseline -0.006 -18"><span class='ocrx_word' id='word_1_273' title='bbox 134 4014 200 4058; x_wconf 83' lang='lat' dir='ltr'><strong>ruat,</strong></span> <span class='ocrx_word' id='word_1_274' title='bbox 204 4001 357 4066; x_wconf 80' lang='lat' dir='ltr'><strong>placitosque</strong></span> <span class='ocrx_word' id='word_1_275' title='bbox 363 4000 413 4048; x_wconf 85' lang='lat' dir='ltr'><strong>dcis</strong></span> <span class='ocrx_word' id='word_1_276' title='bbox 421 4015 451 4046; x_wconf 81' lang='lat' dir='ltr'><strong>ne</strong></span> <span class='ocrx_word' id='word_1_277' title='bbox 457 3999 635 4052; x_wconf 83' lang='lat' dir='ltr'><strong>descratactas,</strong></span> <span class='ocrx_word' id='word_1_278' title='bbox 680 4004 738 4062; x_wconf 83' lang='lat' dir='ltr'><strong>post</strong></span> <span class='ocrx_word' id='word_1_279' title='bbox 752 4010 779 4043; x_wconf 86' lang='lat' dir='ltr'><strong>se</strong></span> <span class='ocrx_word' id='word_1_280' title='bbox 790 3991 956 4062; x_wconf 84' lang='lat' dir='ltr'><strong>relinquunt,</strong></span> <span class='ocrx_word' id='word_1_281' title='bbox 970 4003 999 4042; x_wconf 90' lang='lat' dir='ltr'><strong>ut</strong></span> <span class='ocrx_word' id='word_1_282' title='bbox 1012 4011 1026 4043; x_wconf 90' lang='lat' dir='ltr'><strong>e</strong></span> <span class='ocrx_word' id='word_1_283' title='bbox 1040 3992 1185 4064; x_wconf 85' lang='lat' dir='ltr'><strong>longinquo</strong></span> 
     </span>
     <span class='ocr_line' id='line_1_36' title="bbox 135 4069 1184 4145; baseline -0.009 -16"><span class='ocrx_word' id='word_1_284' title='bbox 135 4077 240 4130; x_wconf 87' lang='lat' dir='ltr'><strong>consilia</strong></span> <span class='ocrx_word' id='word_1_285' title='bbox 258 4076 370 4128; x_wconf 83' lang='lat' dir='ltr'><strong>deorum</strong></span> <span class='ocrx_word' id='word_1_286' title='bbox 391 4074 506 4145; x_wconf 76' lang='lat' dir='ltr'><strong>negligat</strong></span> <span class='ocrx_word' id='word_1_287' title='bbox 521 4071 636 4140; x_wconf 86' lang='lat' dir='ltr'><strong>exsequi.</strong></span> <span class='ocrx_word' id='word_1_288' title='bbox 681 4069 1101 4140; x_wconf 81' lang='lat' dir='ltr'><strong>arboresinjugomontisstantes</strong></span> <span class='ocrx_word' id='word_1_289' title='bbox 1112 4091 1184 4124; x_wconf 88' lang='lat' dir='ltr'><strong>eam-</strong></span> 
     </span>
     <span class='ocr_line' id='line_1_37' title="bbox 134 4147 1185 4226; baseline -0.007 -18"><span class='ocrx_word' id='word_1_290' title='bbox 134 4155 235 4226; x_wconf 75' lang='lat' dir='ltr'><strong>siquis</strong></span> <span class='ocrx_word' id='word_1_291' title='bbox 259 4154 346 4225; x_wconf 82' lang='lat' dir='ltr'><strong>ampla</strong></span> <span class='ocrx_word' id='word_1_292' title='bbox 370 4153 403 4205; x_wconf 92' lang='lat' dir='ltr'><strong>de</strong></span> <span class='ocrx_word' id='word_1_293' title='bbox 428 4155 637 4224; x_wconf 79' lang='lat' dir='ltr'><strong>Argonautarum</strong></span> <span class='ocrx_word' id='word_1_294' title='bbox 681 4147 819 4201; x_wconf 84' lang='lat' dir='ltr'><strong>demeum</strong></span> <span class='ocrx_word' id='word_1_295' title='bbox 832 4148 896 4201; x_wconf 87' lang='lat' dir='ltr'><strong>mari</strong></span> <span class='ocrx_word' id='word_1_296' title='bbox 912 4147 1074 4219; x_wconf 84' lang='lat' dir='ltr'><strong>superficiem</strong></span> <span class='ocrx_word' id='word_1_297' title='bbox 1088 4149 1185 4202; x_wconf 82' lang='lat' dir='ltr'><strong>habere</strong></span> 
     </span>
     <span class='ocr_line' id='line_1_38' title="bbox 135 4225 840 4305; baseline -0.011 -19"><span class='ocrx_word' id='word_1_298' title='bbox 135 4235 298 4305; x_wconf 74' lang='lat' dir='ltr'><strong>navigatione</strong></span> <span class='ocrx_word' id='word_1_299' title='bbox 312 4232 470 4287; x_wconf 83' lang='lat' dir='ltr'><strong>documenta</strong></span> <span class='ocrx_word' id='word_1_300' title='bbox 493 4228 637 4290; x_wconf 83' lang='lat' dir='ltr'><strong>desiderat,</strong></span> <span class='ocrx_word' id='word_1_301' title='bbox 681 4225 840 4280; x_wconf 77' lang='lat' dir='ltr'><strong>riderentur.</strong></span> 
     </span>
    </p>
   </div>
   <div class='ocr_carea' id='block_1_7' title="bbox 240 4321 1051 4426">
    <p class='ocr_par' dir='ltr' id='par_1_8' title="bbox 240 4321 1051 4426">
     <span class='ocr_line' id='line_1_39' title="bbox 240 4321 1051 4426; baseline -0.011 -32"><span class='ocrx_word' id='word_1_302' title='bbox 240 4331 266 4394; x_wconf 93' lang='grc'><strong>1.</strong></span> <span class='ocrx_word' id='word_1_303' title='bbox 765 4382 789 4426; x_wconf 17' lang='grc' dir='ltr'><strong>,Α</strong></span> <span class='ocrx_word' id='word_1_304' title='bbox 1032 4321 1051 4385; x_wconf 92' lang='grc'><strong>8</strong></span> 
     </span>
    </p>
   </div>
   <div class='ocr_carea' id='block_1_8' title="bbox 0 0 1628 5108">
    <p class='ocr_par' dir='ltr' id='par_1_9' title="bbox 0 0 1628 5108">
     <span class='ocr_line' id='line_1_40' title="bbox 0 0 1628 5108; baseline 0 0"><span class='ocrx_word' id='word_1_305' title='bbox 0 0 1628 5108; x_wconf 95' lang='lat' dir='ltr'><strong> </strong></span> 
     </span>
    </p>
   </div>
  </div>
 </body>
</html>
