3196 5120
414 513 807 580 ARGONAUTICON
836 519 924 583 ΜΒ.
948 519 1017 582 ΙΙΙ.
1184 545 1244 608 227

221 652 323 714 Cerva
336 669 481 738 gregem3
496 662 566 710 tum
583 647 679 735 gestit
691 670 785 735 aper,
802 650 979 739 reboatque
992 653 1140 740 superbis

223 763 414 829 Comminus
430 785 504 826 ursa
519 761 622 849 lupis,
637 785 740 850 quum
759 785 827 827 sese
845 766 958 830 martia
973 766 1063 855 tigris
1107 829 1113 842 ,
1207 791 1245 832 eas

223 879 380 959 Abstulit,
392 892 449 940 aut
461 900 560 942 curvo
576 878 691 942 tacitus
705 878 757 942 leo
776 879 923 944 condidit
940 897 1044 945 antro.

224 998 265 1060 At
279 996 352 1084 pius
370 995 496 1084 ingenti
510 995 665 1058 Telamon
680 996 745 1077 jam
765 995 899 1061 fluctuat
915 999 960 1062 ira

226 1112 312 1174 Cum
327 1109 477 1191 fremitu,
491 1109 649 1197 saevisque
666 1109 776 1174 furens
793 1111 827 1174 in
841 1111 948 1201 jurgia
963 1112 1057 1178 dictis

226 1223 429 1310 Insequitur,
447 1245 630 1312 magnoque
647 1223 798 1311 implorat
814 1227 950 1289 numina
964 1245 1092 1315 questu.

226 1338 317 1403 Idem
337 1360 432 1402 orans
449 1354 645 1426 prensatque
662 1340 766 1421 viros,
780 1339 984 1428 demissaque
1002 1343 1139 1431 supplex
1211 1367 1250 1412 eso

227 1454 336 1518 Haeret
353 1452 465 1516 adora
481 1451 591 1516 ducis:
611 1453 657 1516 nil
675 1475 709 1516 se
725 1476 823 1542 super
840 1455 980 1520 Hercule
996 1456 1073 1538 fari,

227 1564 291 1630 Sed
308 1565 395 1629 socio
411 1587 620 1653 quocumque
634 1587 787 1653 gemens,
805 1589 991 1654 quanquam
1010 1592 1122 1658 aspera
1138 1569 1223 1634 fama

229 1683 298 1745 Jam
315 1681 403 1760 loca,
416 1680 548 1767 jamque
562 1680 644 1744 feras
657 1702 716 1767 per
733 1680 868 1744 barbara
883 1683 975 1746 litora
990 1699 1119 1773 gentes,

228 1797 305 1860 Non
322 1795 422 1858 alium
435 1809 548 1858 contra
565 1795 719 1876 Alciden,
741 1818 808 1859 non
824 1812 954 1884 pectora
969 1813 1056 1862 tanta
1083 1833 1086 1838 ·

232 1912 331 1975 Posse
350 1909 428 1973 dari.
452 1911 595 1973 Rursum
614 1910 810 1988 instimulat,
827 1910 984 1999 ducitque
1003 1911 1146 1979 faventes
1213 1936 1251 1982 eu

216 2112 270 2160 638.
286 2115 370 2158 Ferene
377 2111 464 2174 jurgia.
476 2111 551 2158 Vatic.
565 2110 617 2156 cod.
628 2114 709 2158 Fertne
719 2111 837 2174 injurgia.
849 2115 939 2160 Bonon-
952 2112 1004 2160 eod.
1016 2115 1252 2176 Fereneserajurgr'a.

185 2198 275 2242 Borion.
290 2195 335 2238 let
348 2194 380 2238 ll.
395 2197 459 2240 lunt.
476 2193 550 2239 Colin.
562 2196 643 2240 Serene
644 2193 702 2254 sera
708 2193 797 2255 stagia
812 2194 863 2240 ttd.
880 2221 911 2230 -
926 2195 980 2250 oto.
1000 2197 1168 2244 Dememorans.
1188 2197 1253 2242 Carr.

187 2273 241 2320 eod.
253 2282 277 2319 et
287 2271 325 2317 ed.
339 2273 374 2325 11,
386 2271 541 2333 probantibus
551 2269 645 2318 Gifauio
655 2282 679 2318 et
689 2273 773 2318 Buluo.
785 2273 829 2318 lin.

186 2441 305 2514 intelligo
321 2460 328 2502 ς
351 2442 545 2514 intelligerem,
569 2445 591 2497 si
613 2464 697 2507 ursa,
743 2445 891 2508 convertit,
910 2461 1013 2514 prensat
1032 2467 1136 2511 munus,
1151 2452 1254 2516 supplex

186 2520 318 2594 quidquid
340 2522 543 2585 obmurmuret,
567 2525 698 2595 expulsa,
742 2527 832 2584 haret,
844 2522 958 2595 cupidus
977 2523 1123 2591 audiendi,
1140 2525 1255 2598 quidre-

186 2601 273 2673 legere
295 2601 401 2655 liceret:
423 2605 572 2670 redeantque
592 2607 698 2672 superbis
742 2620 886 2672 sponsurus
905 2604 1143 2664 esset‚Jasonisad
1154 2625 1198 2656 ora
1212 2611 1254 2658 de-

188 2685 320 2732 cemminas
333 2699 402 2733 aava
414 2683 506 2749 lupis),
520 2701 592 2749 quum
607 2702 660 2734 sese
672 2687 700 2733 ti-
743 2684 831 2740 missa,
854 2682 944 2752 qualia
963 2681 1047 2733 solent
1067 2701 1124 2734 esse
1146 2701 1254 2744 eorum,

184 2763 238 2828 gn's
250 2757 400 2828 martia(de
410 2759 582 2812 ferocioribus
590 2760 699 2814 omnino
743 2759 789 2828 qui
801 2759 949 2829 petentibus
967 2760 1147 2830 obtemperare
1164 2760 1256 2817 luben-

188 2839 278 2892 bestiis
288 2840 445 2910 usurpatur)
454 2842 563 2900 abstulit,
575 2854 618 2890 aaut
628 2860 698 2892 curve
743 2848 793 2902 ter,
804 2837 826 2890 si
838 2849 958 2907 possent,
968 2837 1075 2891 vellent.

187 2921 275 2969 tacittts
291 2922 328 2970 leo
339 2921 449 2969 condidit
464 2933 545 2970 annu.
560 2918 627 2983 Quat
640 2937 697 2970 orn·
778 2921 839 2980 641.
864 2920 909 2968 Nil
926 2937 952 2968 se
975 2937 1047 2985 super·
1064 2922 1166 2970 Hercule
1180 2921 1253 2985 sari,

187 2995 300 3049 niaeiad
307 2997 449 3049 Herculem
457 2995 700 3060 accommodentur,
744 2999 790 3046 sed
797 2999 863 3046 socio
875 3013 1026 3063 quocumque
1034 3016 1144 3064 gemens.
1157 2998 1254 3069 Capta-

188 3072 352 3138 videbimue‚
370 3074 436 3128 nihil
456 3077 491 3128 ab
504 3095 535 3128 eo
553 3075 699 3129 timendum
744 3075 798 3137 tio,
819 3093 900 3144 quarn
928 3086 1039 3135 vocant,
1058 3075 1253 3130 boncrmentiae.
1282 3119 1285 3124 ,

187 3153 267 3206 fuisse
280 3153 417 3215 sociis,uti
427 3173 508 3206 cervae
521 3154 621 3208 aleone
631 3173 639 3218 3
648 3174 701 3208 me-
743 3155 804 3208 Non
813 3153 847 3205 ita
858 3173 884 3206 se
895 3150 981 3204 studio
990 3152 1110 3206 Herculis
1119 3154 1216 3218 teneri,
1225 3168 1255 3208 ut

187 3230 238 3285 lius
263 3231 384 3302 procedit
404 3234 616 3304 Argonautarum
638 3253 700 3287 cum
743 3230 841 3284 nonde
853 3232 919 3284 alius
933 3234 1062 3304 cujusque
1081 3233 1256 3305 sociijactura

187 3309 257 3382 apris
265 3309 509 3381 lupisqueiuetituta
517 3313 697 3384 comparatio:
743 3329 818 3382 aeque
829 3308 957 3363 doliturus
968 3311 1014 3374 eit3
1030 3329 1111 3381 quum
1125 3323 1213 3364 tamen
1228 3313 1254 3364 in

190 3389 228 3441 uti
252 3389 313 3440 serae
328 3388 383 3440 istae
396 3389 524 3460 tigridum
548 3405 574 3444 et
593 3393 700 3445 leonum
745 3408 776 3442 eo
790 3391 901 3455 siut,ut
915 3391 973 3442 loca
985 3390 1099 3442 maxime
1108 3391 1254 3460 periculosa

188 3467 260 3519 abitu
274 3466 334 3520 ideo
348 3468 479 3537 gestiunt,
496 3469 568 3539 quod
586 3490 614 3523 se
632 3469 701 3522 solas
745 3468 856 3532 adeant,
868 3487 976 3540 remque
994 3469 1107 3522 habeant
1119 3489 1179 3522 cum
1194 3471 1256 3524 feris

189 3546 218 3598 in
227 3546 439 3618 campissilvieve
448 3546 702 3610 dominarirideant,
745 3549 894 3601 nationibus
909 3586 916 3610 ,
934 3568 983 3598 non
998 3551 1072 3599 alium
1086 3563 1171 3600 contra
1184 3554 1253 3602 Alci·

190 3627 227 3678 ita
245 3627 402 3698 Argonautas
413 3625 568 3691 Herculem,
583 3645 662 3699 quem
675 3647 702 3681 se
746 3631 814 3690 den,
830 3627 932 3679 nullum
957 3645 1034 3689 esse,
1054 3625 1100 3698 qui
1121 3629 1256 3682 meliorem

191 3705 351 3776 superiorem
357 3705 436 3758 tacite
446 3723 534 3758 secum
546 3705 702 3759 eonfiteren·
745 3718 867 3778 praestare
881 3723 987 3776 operam
997 3706 1087 3777 possit.

191 3781 530 3856 tur,abiissegaudebant.
783 3787 844 3849 645.
860 3789 976 3844 Rursum,
1002 3795 1106 3844 contra,
1124 3784 1255 3858 insurgit,

228 3864 289 3933 637.
301 3869 336 3916 At
343 3868 413 3933 pius,
426 3883 515 3917 amore
524 3863 645 3917 Herculis
655 3862 703 3917 du·
746 3869 858 3932 ducitque
862 3867 998 3934 faventes,
1014 3881 1066 3915 suet
1082 3863 1190 3917 factioni
1208 3864 1256 3918 ad·-

192 3947 391 4004 ctue,Telamon
399 3943 605 4016 omniaagit,ut
616 3943 702 3996 socios
746 3943 825 3998 dictis
851 3942 1010 4016 persuadere
1031 3953 1159 4006 conatur,
1184 3948 1256 4009 Caly·

193 4021 327 4073 aconsilio
338 4026 393 4096 ejus
403 4021 569 4095 'relinquendi
578 4034 700 4076 revocet:
747 4027 826 4085 done,
842 4022 943 4075 AEtolin
962 4021 1083 4083 civitate,
1098 4035 1180 4082 suase,
1200 4023 1257 4074 Me·

192 4102 341 4151 irascitur...
341 4102 427 4170 senuit
437 4139 443 4152 .
453 4142 458 4154 .
467 4140 473 4152 .
482 4105 604 4172 objurgat.
613 4141 633 4156 ..
644 4108 702 4155 deos
747 4103 849 4174 leager,
858 4105 935 4174 cujus
944 4100 1079 4172 ingenium
1089 4100 1197 4152 omnino
1205 4101 1256 4150 lroc

191 4180 313 4245 Implorat.
343 4179 446 4244 Quibus
472 4181 595 4234 omnibus
618 4201 703 4254 quum
747 4183 827 4236 luisse
848 4181 958 4246 dicitur,
973 4192 1002 4234 ut
1017 4178 1065 4232 eibi
1082 4179 1153 4230 solus
1167 4197 1259 4250 sapere

192 4253 258 4308 nibil
284 4257 459 4328 profecisset,
489 4259 524 4312 ad
555 4279 645 4332 preces
676 4281 703 4314 ee
748 4261 891 4316 videretur.

1020 4357 1073 4421 15.
