3192 5128
350 552 434 600 cvru
651 527 802 596 PETRI
834 527 1109 597 BURMANNI

348 659 481 738 offusae,
496 677 576 744 quas
590 655 777 743 posterioris
792 658 898 722 saeculi
912 657 973 720 viri
989 654 1077 721 docti
1091 656 1222 720 demere
1233 672 1416 740 tentarunt,

348 765 405 830 sed
427 786 495 852 quo
517 785 686 844 successu,
702 785 741 828 ex
764 763 887 828 Nicolai
910 763 1034 828 Heinsii
1054 763 1262 851 praefationc,
1280 764 1418 854 cupidus

347 871 450 934 lector
474 883 659 957 cognoscet.
687 868 768 948 Quae
796 883 905 931 autem
931 867 1030 932 hodie
1055 867 1293 933 absolutissima
1319 870 1418 951 hujus

347 993 451 1065 poetae
470 973 568 1038 editio
585 974 682 1062 vulgo
698 973 854 1055 hahetur,
872 988 922 1037 est
937 995 990 1054 ea,
1007 995 1105 1061 quam
1119 975 1309 1062 Lampertus
1325 977 1417 1040 Alar-

291 1159 295 1179 ,
346 1080 408 1146 dus
423 1102 511 1144 anno
527 1079 681 1167 praeteriti
696 1080 805 1142 saeculi
821 1079 985 1142 tricesimo
1002 1101 1077 1142 cum
1098 1080 1281 1162 Carrionis,
1300 1082 1417 1161 Buloei,

347 1184 477 1247 Weitzii
491 1196 525 1245 et
540 1181 606 1244 suis
624 1180 708 1244 notis
724 1180 856 1244 curavit.
874 1179 938 1244 Sed
952 1201 1050 1267 quam
1065 1202 1180 1268 parum
1193 1181 1238 1245 illi
1250 1182 1328 1263 viri,
1342 1184 1418 1245 Car-

346 1289 439 1352 rione
455 1300 609 1374 excepto,
627 1283 668 1348 ad
684 1301 850 1348 auctorem
864 1284 954 1348 hunc
967 1283 1195 1348 illustrandum
1208 1332 1216 1366 ,
1231 1286 1415 1367 contulere,

288 1431 293 1439 ·
347 1392 438 1457 facile
455 1390 633 1476 unicuique
646 1390 786 1477 patebit,
802 1389 859 1476 qui
873 1387 1020 1479 diligenti
1036 1389 1145 1452 labore
1159 1411 1214 1453 eos
1230 1391 1416 1456 excusserit.

347 1498 436 1588 Nihil
459 1498 547 1561 enim
572 1489 606 1558 in
629 1497 761 1560 illorum
785 1494 1024 1560 commentariis
1050 1494 1118 1559 fore
1141 1495 1417 1583 deprehenditur,

347 1627 445 1692 quam
465 1602 653 1666 tralatitium
669 1617 702 1665 et
716 1603 863 1691 vulgare,
884 1617 917 1666 et
932 1600 1023 1689 quod
1038 1601 1072 1664 in
1089 1601 1214 1684 lexicis,
1231 1618 1264 1666 et
1277 1603 1418 1690 antiqui·

350 1726 452 1775 tatum
471 1708 775 1797 compilationibus,
798 1708 839 1772 od
861 1730 1013 1773 nauseam
1029 1731 1134 1796 usque
1152 1709 1343 1797 repetitum,
1361 1731 1417 1773 ex·

350 1831 422 1879 stat.
443 1815 490 1879 Ea
501 1823 712 1904 saepe'magna
725 1836 800 1878 cum
813 1813 990 1878 ambitione
1012 1831 1218 1896 coacervant,
1232 1837 1304 1903 quae
1322 1817 1419 1878 nenio

345 1923 443 2011 paulo
466 1922 566 1986 modo
586 1920 833 1985 humanioribus
859 1921 958 1984 literis
980 1920 1146 2003 imbutus,
1167 1922 1314 2010 ignorat3
1335 1937 1368 1984 et
1384 1921 1418 1984 in

346 2029 436 2093 locos
460 2047 651 2093 communes
674 2025 807 2112 dilapsi,
831 2047 867 2088 ca
889 2026 1007 2107 verba,
1030 2025 1064 2088 in
1087 2025 1206 2112 quibus
1226 2026 1419 2090 eruditiores

346 2136 490 2214 haerent,
507 2133 594 2196 sicco
610 2130 693 2218 pede
707 2146 885 2194 transeunt.
905 2131 1056 2218 Denique
1069 2153 1246 2219 pauperem
1264 2155 1357 2197 suam
1369 2155 1421 2197 su·

346 2239 538 2330 pellectilem
552 2237 646 2301 furtis
664 2253 696 2300 et
706 2237 818 2326 plagiis
833 2253 1003 2301 auxerunt.
1018 2235 1081 2300 Sed
1098 2259 1139 2299 ne
1156 2259 1265 2301 mcum
1284 2238 1347 2302 hoc
1363 2237 1418 2318 ju·

347 2344 469 2409 dicium
495 2365 565 2407 esse
591 2359 706 2431 putes,
734 2363 808 2406 ecce
831 2341 890 2405 tibi
917 2341 1095 2406 doctissimi
1111 2342 1232 2405 Barthii
1255 2327 1353 2407 verba
1373 2342 1414 2406 ad

347 2451 425 2514 Stat.
435 2448 538 2513 Theb.
552 2447 602 2528 X,
615 2446 696 2532 787,
709 2447 767 2510 ubi
778 2468 876 2534 agens
888 2445 930 2510 de
942 2447 1015 2510 loco
1027 2447 1145 2510 Valerii
1156 2448 1279 2529 Flacci,
1291 2447 1347 2512 lib.
1358 2449 1418 2528 Ill,

348 2559 431 2635 442,
448 2554 517 2619 haec
540 2551 672 2618 scribit:
696 2550 777 2638 Quae
799 2551 847 2615 ad
865 2551 1032 2615 Valerium
1056 2565 1146 2616 notat
1168 2575 1304 2642 nuperus
1321 2553 1422 2618 editor

348 2662 360 2750 (
377 2659 534 2726 Alardum
552 2655 690 2744 innuit)
713 2670 787 2720 sunt
807 2680 851 2720 ex
871 2657 1004 2720 Meursii
1020 2660 1244 2721 commentario
1259 2658 1309 2722 ad
1321 2659 1421 2743 Lyco*-

343 2768 520 2856 phnonent,
535 2788 572 2853 p.
594 2763 672 2849 2693
694 2764 741 2826 W
737 2764 867 2826 ouwen'i
880 2763 926 2826 ad
944 2762 1142 2845 Petronium,
1152 2786 1190 2851 p.
1207 2764 1290 2850 4783
1308 2768 1421 2830 nostris

261 2908 264 2914 ·
351 2874 398 2940 ad
411 2873 639 2964 Chudtirnum,
650 2895 687 2960 p.
706 2870 789 2957 379,
799 2871 876 2960 jure
888 2871 1093 2960 qutilemjam
1102 2870 1204 2958 plano
1219 2871 1333 2937 talium
1351 2897 1421 2938 cot·-

351 3001 513 3058 rasorum,
527 2979 585 3066 qui
591 2976 816 3040 observationes
827 2976 991 3041 doctorum
1000 2979 1175 3065 constioare
1181 3024 1192 3057 ,
1207 2977 1418 3059 dissimulatis,

352 3088 408 3152 uhi
420 3084 581 3150 videretur
595 3080 785 3169 tessaram,
801 3082 978 3146 nominibus
986 3129 996 3162 ,
1017 3082 1054 3145 id
1061 3097 1185 3171 putant
1191 3083 1422 3171 philohgieum

352 3215 434 3270 esse,
459 3205 491 3254 et
513 3188 714 3276 interpretari
735 3199 878 3250 auctores
895 3209 997 3274 posse..
1024 3187 1064 3250 ln
1086 3190 1143 3251 isto
1169 3203 1273 3254 autem
1297 3189 1422 3253 bomin

352 3299 469 3387 quanti
471 3292 666 3382 faciendum
674 3305 772 3380 putas
781 3339 792 3370 ,
811 3291 901 3378 quod
914 3295 961 3354 ait
974 3291 1069 3371 alibi,
1087 3314 1121 3357 se
1136 3316 1254 3358 vocum
1271 3293 1422 3358 emenda·
1513 3303 1525 3321 ⁸

351 3404 456 3466 tiones
471 3400 539 3464 aliis
556 3397 761 3484 relinquere?
778 3396 844 3460 Sed
858 3396 936 3485 quid
947 3397 1022 3462 talis
1035 3397 1151 3487 aliquit
1164 3398 1341 3463 medaculas
1353 3423 1423 3463 ma-
1519 3455 1525 3468 ,

349 3506 489 3596 gistellus
511 3505 559 3568 ad
579 3518 704 3569 tantum
720 3506 881 3590 possm?
906 3527 999 3592 quem
1019 3507 1078 3592 qui
1098 3505 1259 3570 commode
1276 3530 1423 3572 enamans

354 3612 507 3690 voluerit,
527 3632 647 3674 omnem
659 3629 803 3695 groecam
815 3631 1040 3698 romanamque
1051 3609 1260 3698 aliquantium
1271 3615 1305 3677 in
1315 3636 1422 3676 nurne-

354 3733 426 3786 rato
445 3717 563 3780 babeat
577 3714 736 3802 oportebit.
755 3713 882 3779 Constat
897 3717 979 3779 enin
995 3718 1182 3802 graecismu,
1200 3732 1233 3780 ec
1243 3739 1420 3804 groecorrun

347 3839 516 3916 poetarum
529 3820 778 3910 expressionibus
791 3843 913 3908 magna
927 3821 992 3910 q'us
999 3844 1087 3911 pars.
1106 3824 1153 3886 Et
1156 3846 1219 3912 pro
1232 3845 1422 3888 stunmorum

356 3934 527 3998 uiuorum
536 3941 700 3992 auctorum
713 3947 775 3991 uno
782 3975 792 4007 ,
807 3931 916 3992 merto
928 3951 983 3994 suo
996 3929 1160 3993 habebitur
1168 3931 1310 4018 sapienti.
1323 3929 1421 3994 Vides

354 4041 467 4115 lector,
484 4055 581 4120 quam
596 4054 671 4096 rere
686 4031 728 4095 dc
743 4032 806 4096 hoc
822 4033 995 4098 hominum
1010 4057 1127 4123 genere
1140 4035 1189 4098 vir
1201 4035 1422 4123 sagacissimus

353 4141 551 4227 judicaverit.
571 4140 645 4204 Non
664 4138 749 4202 enirn
771 4139 809 4202 iis
829 4139 984 4227 praesidiis
1002 4141 1153 4205 instructi
1171 4156 1280 4222 erant,
1295 4163 1367 4228 quas
1383 4140 1422 4205 ad

357 4246 599 4326 doctissimum,
621 4260 653 4307 et
673 4244 769 4308 simul
790 4259 840 4309 tot
859 4245 938 4310 locis
962 4247 1046 4310 male
1065 4246 1237 4328 affectum,
1257 4263 1422 4312 auctorem
