3198 5106
414 481 670 552 PRAEFATIO
700 482 948 555 SECUNDA.
1094 505 1212 553 cuxvrr

137 609 321 675 verborum
340 609 651 698 interpretationem.
672 610 817 676 Alterum
841 611 966 676 furtum
988 633 1028 674 ex
1052 611 1212 678 Parrhasii

139 715 382 780 commentario
400 715 441 780 ad
457 714 569 782 Claud.
593 715 634 782 de
653 717 761 804 Raptu
781 718 930 806 Proserp.
948 718 1018 799 ΠΙ,
1036 739 1118 784 vers.
1136 719 1213 808 347,

140 822 176 886 in
198 822 266 888 suis
290 820 459 888 codicibus
483 822 625 910 reperire
644 845 679 888 se
700 845 770 888 nou
790 823 936 912 potuisse
956 825 1094 889 Crenius
1112 824 1213 893 addit.

141 927 246 1016 Atqui
269 950 331 1016 ego
356 927 494 992 totidem
515 928 641 1008 verbis,
657 929 778 1018 quibus
801 927 999 1018 produxerat
1021 929 1213 996 Brouclrhu·

140 1033 209 1098 sius
217 1079 227 1114 ,
235 1032 318 1098 illud
332 1032 532 1122 deprehendi
545 1033 580 1098 in
595 1034 738 1101 editione
749 1035 923 1100 ,Basileensi
936 1032 1031 1122 1539,
1043 1059 1214 1102 commen·

142 1140 215 1204 tatii
231 1139 437 1206 Parrhasiani
459 1161 531 1228 pag.
554 1139 628 1222 2513
642 1141 705 1206 nisi
721 1140 811 1230 quod
826 1141 991 1230 (ingenue
1011 1142 1098 1206 enirn
1112 1165 1213 1232 agen·

141 1243 225 1310 dum
240 1245 302 1334 est)
326 1267 395 1310 non
407 1244 534 1312 rideam
553 1247 779 1329 Parrhasium,
797 1269 907 1313 errore
930 1248 1114 1332 memorias,
1132 1249 1213 1314 Pro·

142 1352 239 1440 pertii
264 1351 428 1428 distichon
445 1352 563 1419 Oridio
582 1353 784 1430 adscribere,
807 1351 864 1418 sed
883 1375 960 1417 vero
980 1356 1116 1418 auctori.
1131 1355 1214 1432 ¹llaec

143 1457 211 1523 duo
233 1475 327 1540 sunt,
351 1483 423 1548 que
445 1460 488 1525 ad
500 1458 716 1524 Brouckhusii
731 1459 829 1524 verba
846 1458 969 1524 notavit
982 1459 1139 1546 Crenius,
1155 1460 1215 1526 sed

144 1565 274 1630 nullum
286 1563 423 1630 verbum
437 1563 580 1646 addidit,
595 1586 663 1652 quo
674 1563 723 1628 vel
738 1561 953 1628 Brouclrhusii
967 1561 1064 1627 fidem
1079 1563 1214 1630 dubiam

143 1675 285 1753 faceret,
303 1671 355 1737 vel
370 1671 493 1735 crimen
509 1670 607 1761 plagii
632 1669 673 1734 ab
694 1668 812 1740 Alsrdo
833 1670 1028 1758 repelleret:
1052 1687 1085 1735 et
1106 1688 1217 1738 tamen

143 1778 213 1842 haec
229 1799 250 1842 a
272 1777 397 1841 novitio
416 1776 472 1840 illo
488 1774 625 1858 Alardo,
642 1775 767 1865 priore,
788 1791 826 1838 ut
840 1761 978 1852 videtur,
993 1775 1102 1841 adhuc
1117 1778 1217 1843 indo·

144 1887 263 1966 ctiore,
280 1883 339 1950 sed
354 1882 557 1972 impudentia
576 1906 643 1948 non
660 1884 787 1948 minore
802 1880 956 1972 praedito,
980 1882 1050 1968 sine
1065 1884 1133 1948 ullo
1149 1908 1215 1973 pu·

145 1990 224 2056 dore
249 1988 325 2054 orbi
349 1989 477 2054 literato
502 1987 739 2054 obtruduntur.
765 1988 897 2052 Rectius
921 2010 999 2076 ergo
1023 1989 1217 2078 Lampertus

145 2097 216 2178 ille,
229 2095 288 2183 qui
305 2117 340 2159 se
361 2093 576 2160 ecclesiastico
590 2094 718 2158 muneri
731 2109 924 2175 sacraverat,
938 2092 1084 2175 fecisset,
1098 2093 1123 2157 si
1137 2117 1216 2183 poe·

144 2217 209 2266 tarn
225 2215 396 2282 nostrum,
412 2199 466 2264 rix
481 2200 575 2282 viris,
590 2200 649 2288 qui
663 2221 796 2264 omnem
811 2199 846 2262 in
862 2197 959 2264 bonis
975 2199 1075 2264 literis
1087 2215 1214 2266 aetatem

146 2307 387 2389 contriverunt,
402 2305 619 2386 intellectum,
634 2306 817 2393 reliquisset
828 2305 1007 2396 intactum,
1019 2322 1053 2368 et
1065 2328 1216 2394 peroran-

145 2411 206 2494 do,
223 2409 441 2500 disputando,
461 2410 631 2491 docendo,
658 2427 718 2476 etc.
744 2410 863 2476 famam
889 2411 952 2474 sibi
976 2411 1064 2500 apud
1085 2413 1214 2502 plebem

146 2519 303 2584 urbanam
322 2519 356 2581 in
370 2516 544 2584 Germania
562 2539 620 2580 sua
638 2533 790 2603 parasset.
806 2515 856 2580 Ad
872 2517 1115 2582 excusationem
1131 2543 1216 2608 prae·

147 2642 231 2690 terea
239 2623 394 2704 juvenilis
407 2622 525 2702 aetatis,
539 2645 603 2708 qua
618 2622 657 2686 cl.
671 2621 837 2686 Fabricius
849 2621 963 2706 utitur,
977 2621 1067 2710 quod
1080 2626 1214 2710 attinet,

146 2754 181 2796 ea
195 2747 283 2796 certe
299 2727 494 2817 patrocinari
510 2726 609 2806 hujus
621 2727 752 2791 liberarii
766 2727 847 2792 furis
861 2727 953 2792 alteri
969 2731 1129 2815 opusculo
1143 2753 1214 2804 non

146 2835 281 2924 poterit,
303 2833 394 2922 quod
416 2849 525 2914 sexto,
549 2834 624 2920 post
646 2831 771 2896 editum
789 2832 824 2894 in
843 2831 995 2896 Flaccum
1010 2851 1214 2901 commenta-

146 2943 249 3023 rium,
263 2962 352 3006 anno
368 2939 524 3030 protulit,
539 2953 635 3002 natus
654 2935 720 3017 jam
741 2959 844 3004 annos
866 2951 929 3002 tres
949 2954 982 3002 et
1000 2940 1141 3028 triginta.
1156 2943 1224 3006 In·-

147 3049 272 3136 scripsit
296 3061 407 3113 autem
431 3043 513 3110 illud
543 3043 763 3133 Epiplzyllides
786 3043 1017 3132 Philologiccs,
1042 3068 1115 3133 quaa
1139 3063 1216 3114 totae

148 3155 246 3232 etiam,
259 3153 400 3220 collectae
414 3175 454 3216 ex
466 3151 603 3216 aliorum
617 3151 763 3233 scriniis,
780 3151 862 3215 nihil
877 3151 1017 3233 babent,
1036 3152 1126 3241 quod
1138 3177 1215 3218 eru·

147 3258 229 3324 ditos
238 3259 326 3323 viros
337 3273 461 3337 teneat,
478 3271 534 3320 aut
549 3255 672 3320 doceat.
687 3255 751 3320 Sed
766 3255 837 3320 haec
852 3272 927 3320 uon·
937 3271 1014 3320 sunt
1027 3255 1125 3338 hujus
1136 3258 1214 3338 loci,

148 3381 179 3429 et
188 3365 411 3452 relinquamus
424 3362 513 3428 sures
527 3378 560 3426 et
574 3385 689 3426 eorum
704 3377 860 3451 patronos
878 3362 966 3442 iratis
983 3363 1050 3428 suis
1063 3364 1214 3454 ingeniis.

147 3471 270 3552 Adjecit
285 3468 423 3536 Alardus
443 3470 538 3534 etiarn
563 3483 656 3532 notas
670 3467 874 3556 Cristophori
889 3468 1005 3551 Bulaei,
1020 3492 1088 3534 non
1105 3475 1216 3562 magni

148 3579 278 3668 qttidem
295 3579 364 3642 illas
378 3575 491 3666 pretii,
511 3573 568 3640 sed
587 3597 659 3662 que
676 3574 834 3640 brevitate
851 3597 910 3642 sua
926 3575 1157 3662 obtinuerunt,
1180 3597 1216 3654 ut

147 3707 196 3753 eas
209 3687 244 3749 in
261 3705 380 3773 agmen
398 3698 431 3746 et
451 3681 580 3748 turbam
594 3680 758 3746 variorum
774 3680 979 3760 conjecerim.
994 3681 1128 3749 Fatetur
1145 3685 1214 3774 ipse

146 3791 290 3871 Bulaeus,
305 3811 341 3852 se
356 3788 391 3852 in
411 3787 545 3876 gratiam
567 3783 680 3850 Alardi
698 3785 769 3867 sui,
788 3807 887 3872 quern
905 3787 1077 3872 praeconiis
1095 3789 1214 3878 ineptis

146 3895 290 3976 extollit,
304 3910 342 3958 ut
354 3893 464 3958 mulus
481 3891 609 3958 mulum
627 3890 639 3978 (
648 3890 722 3955 ride
734 3890 776 3955 ad
789 3890 844 3954 lib.
859 3891 911 3972 II,
926 3889 1028 3978 583),
1049 3893 1107 3958 has
1122 3911 1215 3961 notas

146 4001 336 4068 desummrn
352 3999 506 4066 omnibus
529 3999 596 4062 fere
616 3996 726 4078 libris,
746 4011 862 4085 praeter
872 3995 1041 4085 Virgilium
1066 3998 1156 4085 (vide
1172 4001 1213 4065 ad

148 4107 275 4190 lib.Vl,
287 4106 383 4194 261),
394 4105 559 4193 scripsisse
573 4127 581 4169 :
596 4102 687 4191 quod
699 4103 726 4167 si
740 4102 871 4168 credere
883 4103 973 4184 licet,
985 4106 1140 4170 memoria
1151 4107 1212 4194 ipsi

148 4213 235 4280 firma
250 4231 411 4300 tenaxque
424 4211 564 4300 plurima
580 4195 788 4297 suppeditare
804 4207 937 4290 debuit;
954 4209 1015 4274 nisi
1030 4211 1119 4274 illurn
1137 4227 1212 4276 ante
