3246 5112
361 505 420 546 120
659 483 694 546 C.
719 483 912 548 VALERII
941 481 1108 546 FLACCI

397 613 561 678 Acclinem
575 613 708 701 scopulo
724 613 909 693 inveniunt,
924 613 1157 697 miserentque,
1170 610 1345 699 foventque

397 727 547 793 Alternus
565 750 651 816 esgro
669 745 874 792 cunctantem
892 727 1013 815 poplite
1029 747 1167 814 gressus.
1217 765 1220 772 ·

397 841 481 904 Hinc
498 840 610 905 reduci
626 861 755 928 superas
771 855 941 927 postquam
958 853 1048 927 pater
1062 838 1178 904 annuit
1195 861 1300 921 arces,

396 955 534 1018 Lomnos
550 975 622 1018 cara
638 951 717 1033 deo,
736 949 796 1016 nec
812 952 894 1014 fama
909 951 1018 1014 notior
1031 949 1130 1015 AEtne
1162 1019 1167 1036 x
1384 973 1411 1022 ,s
1494 961 1496 966 ’

394 1068 460 1131 Aut
475 1067 603 1155 Lipares
620 1065 756 1130 domus:
771 1065 828 1128 has
844 1064 971 1153 epulas,
989 1063 1058 1128 baeo
1071 1065 1207 1154 templa,
1224 1083 1351 1155 peracta

394 1179 523 1268 AEgide,
543 1196 575 1244 et
589 1179 733 1246 horrifici
750 1179 895 1243 formatis
909 1177 1054 1244 fulminis
1073 1180 1149 1262 alis,

395 1294 499 1357 Laetus
514 1293 597 1374 adit3
613 1309 725 1358 contra
738 1291 872 1356 Veneris
885 1307 947 1356 stat
963 1293 1079 1383 frigida
1091 1315 1219 1384 semper

394 1410 458 1470 Ara
471 1407 562 1488 loco,
582 1406 709 1469 meritas
726 1421 899 1493 postquam
918 1405 977 1470 dea
996 1403 1142 1496 conjugis
1158 1408 1220 1471 iras

395 1520 546 1601 Horruit,
560 1534 593 1582 et
608 1518 709 1582 tacitae
724 1516 861 1581 Martem
878 1533 1012 1582 tenuere
1030 1535 1160 1585 catenae.

395 1633 554 1714 Quocirca
570 1632 666 1695 stnrit
681 1631 732 1694 illa
749 1633 853 1716 nefas,
867 1633 1057 1720 Lemnoque
1073 1636 1210 1701 merenti

392 1745 535 1810 Exitium
549 1745 662 1810 furiale
678 1759 802 1824 movet3
815 1767 921 1832 neque
936 1746 1023 1810 enim
1039 1747 1122 1812 alma
1133 1748 1235 1813 videri

392 1861 460 1924 lam
478 1874 598 1939 tumet,
613 1875 670 1923 aut
689 1858 782 1922 tereti
800 1859 922 1922 crinem
941 1860 1146 1926 subnectitur
1159 1885 1258 1945 auro,

382 2107 434 2154 ros.
445 2109 500 2153 Jam
510 2117 557 2150 tum
567 2121 594 2151 ea
606 2122 655 2152 cum
666 2108 713 2152 reti
722 2108 774 2153 Vnt.
784 2106 837 2152 cod.
845 2109 899 2152 lem
910 2109 984 2154 tunica
994 2120 1034 2154 eut
1043 2112 1111 2156 tereti.
1123 2112 1209 2156 Bonon.
1226 2110 1376 2160 consonos.
1387 2113 1406 2156 l.

350 2187 401 2231 lum
413 2187 488 2234 tunica
499 2184 567 2230 lraud.
578 2187 666 2232 Bonou.
677 2185 707 2230 ll.
719 2185 772 2230 Jam
784 2195 830 2230 mm
840 2201 881 2240 ea,
894 2202 944 2232 cum
959 2188 1241 2235 unctionemque.
1254 2189 1296 2234 En.
1320 2245 1323 2255 Ι

350 2421 416 2463 esset
431 2425 549 2477 strepens,
568 2410 661 2481 ingens,
677 2409 814 2479 memor),
829 2425 857 2461 us
900 2411 984 2476 iraV,
1000 2413 1047 2479 56,
1062 2425 1088 2466 et
1097 2411 1220 2484 aprq.
1229 2413 1334 2480 AEnN,
1346 2414 1409 2486 3¹9)

296 2481 301 2488 ’
346 2491 451 2556 perculis
458 2492 552 2550 umen,
563 2499 728 2542 accurrentes
737 2490 806 2541 eires
816 2509 856 2540 ee·
899 2491 1061 2562 requiescere
1070 2489 1163 2554 vellet5
1173 2491 1218 2545 hio
1228 2495 1312 2559 epulis,
1325 2492 1351 2544 in
1359 2493 1409 2546 bo·

349 2569 435 2618 clinem
444 2571 541 2633 scopulo
550 2569 682 2626 invenirent,
700 2570 853 2628 miserantur,
900 2585 991 2622 norem
1004 2585 1080 2621 suum
1095 2569 1129 2621 sb
1142 2570 1232 2621 Lemni
1249 2569 1343 2624 incolis
1359 2591 1406 2642 pu·

342 2647 443 2713 servent,
455 2645 595 2707 sustinent,
605 2649 711 2698 alternos
720 2665 786 2714 oegm
795 2665 855 2697 cun-
899 2646 978 2712 ratis,
990 2645 1082 2700 lubens
1094 2651 1215 2718 latusque
1226 2648 1341 2701 interest.

349 2738 454 2774 stantem
467 2727 562 2791 poplite
574 2743 669 2791 gressus
675 2745 686 2784 ,·
707 2723 794 2776 vitlen'
813 2723 856 2776 vix
935 2725 979 2793 98.
993 2729 1089 2776 Veneris
1097 2741 1184 2777 eontra
1193 2729 1403 2796 altaresrigidum,

348 2800 512 2855 incedentem
519 2799 757 2855 etclaudicsntern?
765 2802 856 2855 oonler
899 2802 954 2855 sine
967 2803 1066 2856 bonore
1076 2802 1264 2857 sacrificiorum
1276 2805 1359 2870 stetit,
1373 2824 1406 2858 ex

348 2880 457 2933 omuino
475 2880 635 2946 Homerum,
650 2880 684 2933 11.
703 2881 733 2943 Ι,
752 2883 799 2948 591
814 2896 854 2951 sq.
899 2899 953 2951 quo
972 2881 1075 2934 Lemnii
1095 2899 1153 2934 eum
1167 2881 1280 2934 Vulcani
1296 2886 1407 2952 conjugis

347 2959 393 3012 ubi
407 2959 462 3030 ipse
479 2959 615 3012 Vulcanus
630 2977 687 3012 rem
702 2977 808 3012 omnem
821 2959 856 3012 le·
900 2957 1094 3022 immemorem,
1106 2959 1133 3010 in
1146 2959 1307 3029 amplexibus
1317 2965 1406 3014 Μαντὼ

347 3036 409 3107 pido
417 3050 515 3090 narrat.
523 3038 659 3091 Incestum
669 3036 773 3090 tardum
783 3037 855 3090 clau·
899 3036 1088 3109 deprehensam
1097 3073 1105 3100 ,
1115 3040 1248 3104 saeuaque,
1261 3037 1351 3090 furtim
1361 3058 1407 3111 pa-

347 3115 489 3169 dicentium
497 3113 567 3169 idem
576 3115 706 3169 Homerus
715 3153 722 3178 ,
732 3115 782 3181 XI,
792 3117 853 3180 546,
897 3123 1067 3178 remeantia,
1078 3115 1214 3168 subtilibus
1221 3115 1342 3169 retibues
1352 3135 1407 3170 me·

347 3196 452 3266 pingit,
467 3199 545 3266 ὀλὶγον
559 3197 616 3267 γόνυ
631 3199 712 3267 γουνὸς
727 3193 852 3266 ciuilium
897 3193 949 3246 rito
960 3191 1123 3256 adstrictam,
1137 3193 1183 3245 toti
1195 3192 1311 3265 Olympo
1322 3193 1357 3248 ad
1367 3185 1404 3248 ri-

347 3273 440 3342 Virgil.
451 3273 555 3326 AEneid.
571 3274 625 3328 ΧΠ
635 3311 643 3336 ,
654 3273 721 3337 386,
739 3276 855 3324 Alterrsos
897 3269 1015 3324 tiendum
1032 3272 1197 3344 propinatum
1215 3272 1385 3327 audivissent.

347 3357 421 3420 longa
434 3355 547 3403 nitentem
563 3354 662 3419 cuspide
671 3369 774 3419 gressus.
935 3366 993 3403 tot.
1009 3351 1088 3404 Hunc
1106 3350 1148 3404 sui
1164 3363 1342 3422 contemptum
1360 3353 1403 3404 ul·

380 3441 422 3499 94.
439 3433 516 3490 Huic,
535 3431 570 3482 ob
590 3430 660 3482 banc
680 3429 851 3482 Lemniorum
895 3438 955 3480 tura
974 3427 1024 3481 dea
1043 3431 1113 3496 ηψπ
1125 3431 1208 3489 struit,
1223 3426 1258 3481 de
1270 3429 1346 3480 nimis
1359 3429 1402 3480 in·

345 3511 372 3560 in
385 3527 413 3561 ee
424 3507 632 3562 benevolentium
645 3545 653 3572 ,
667 3507 745 3560 etiarn
761 3509 789 3558 in
800 3525 850 3561 cse-
892 3508 963 3576 justa
982 3505 1134 3577 crudelique
1155 3506 1251 3577 cogitat
1268 3505 1382 3559 vindicta
1394 3545 1403 3570 ,

344 3589 398 3638 lum
413 3584 504 3640 reduci
518 3587 601 3639 insule
616 3605 676 3640 cern
687 3586 752 3649 luit,
764 3587 850 3639 curios·
894 3587 1095 3654 enitinmfisrr'ale
1104 3599 1189 3636 movet.
1203 3585 1338 3638 Noueuim
1344 3587 1403 3655 jam

343 3663 487 3730 nde03uon
496 3663 684 3736 minus,quem
691 3663 850 3732 AErne(Grae·
893 3665 966 3712 alma
985 3661 1109 3727 nomine,
1128 3680 1181 3732 quo
1198 3663 1267 3716 nlius
1281 3663 1403 3716 mortales

343 3759 374 3792 cn
385 3739 469 3792 lor-ma
482 3740 677 3812 obsequentem
688 3741 805 3793 vocalem
816 3741 850 3808 A)
892 3739 1003 3794 laudare
1017 3758 1075 3792 earu
1087 3740 1223 3804 solebant,
1234 3756 1324 3804 tumet,
1336 3758 1402 3811 gau·

342 3829 388 3870 out
405 3819 507 3884 Lipare,
523 3820 569 3871 ubi
582 3819 726 3890 plurimum
736 3837 778 3872 ree
788 3829 849 3874 snus
893 3816 952 3884 det,
963 3837 1027 3884 nec,
1038 3830 1067 3870 ut
1078 3828 1172 3884 entes,
1182 3818 1262 3870 comit
1274 3836 1303 3871 se
1313 3817 1348 3870 de
1357 3837 1402 3871 or·

341 3907 419 3966 atque
428 3893 548 3948 officinas
557 3896 650 3948 babuit
660 3913 667 3959 ;
679 3896 708 3950 in
716 3898 848 3949 Lemnum
893 3909 959 3950 natu
969 3897 1095 3967 cultuque
1108 3895 1233 3948 sollicita:
1243 3916 1304 3948 arno
1317 3899 1400 3956 tereti,

340 3989 436 4043 nempe
453 3989 481 4026 se
502 3972 625 4032 contulit,
650 3973 672 4027 si
689 3973 795 4045 quando
814 3973 848 4025 eb
892 3973 920 4028 in
937 3973 982 4027 fila
1001 3973 1098 4040 ducto,
1112 3976 1204 4025 crinem
1219 3973 1302 4045 (quod
1318 3975 1403 4045 magis

339 4049 412 4118 grani
419 4047 590 4122 diuturnique
597 4052 693 4106 laboris
703 4070 796 4123 opere,
806 4052 847 4105 vel
891 4053 1038 4121 poeticum,
1052 4069 1132 4123 quem
1152 4055 1236 4104 crines.
1249 4052 1402 4107 Broulsbus.

338 4132 416 4196 tepide
433 4127 575 4194 Minerva,
593 4129 634 4181 vel
645 4133 755 4198 fulmine
774 4131 848 4183 lovis
891 4129 1020 4200 ad'Prop.
1038 4130 1085 4182 lib.
1099 4129 1128 4194 1,
1140 4130 1181 4182 El.
1195 4130 1237 4193 11,
1253 4151 1280 4183 v.
1295 4132 1325 4199 3)
1346 4149 1402 4184 non

338 4213 406 4260 unte
418 4207 553 4276 (fulminis
569 4209 623 4261 elus
639 4207 698 4261 vide
713 4209 792 4267 etiam
805 4207 846 4261 iu·
890 4212 1037 4261 subnectitur
1060 4208 1170 4279 (virgil.
1190 4211 1251 4262 AEn.
1270 4210 1314 4276 X,
1336 4212 1402 4272 138,
