<?xml version="1.0" encoding="UTF-8"?>
<!DOCTYPE html PUBLIC "-//W3C//DTD XHTML 1.0 Transitional//EN"
    "http://www.w3.org/TR/xhtml1/DTD/xhtml1-transitional.dtd">
<html xmlns="http://www.w3.org/1999/xhtml" xml:lang="en" lang="en">
 <head>
  <title>
</title>
<meta http-equiv="Content-Type" content="text/html;charset=utf-8" />
  <meta name='ocr-system' content='tesseract 3.04.00' />
  <meta name='ocr-capabilities' content='ocr_page ocr_carea ocr_par ocr_line ocrx_word'/>
</head>
<body>
  <div class='ocr_page' id='page_1' title='image "./cvaleriiflaccis00apolgoog_0023.png"; bbox 0 0 3122 5126; ppageno 0'>
   <div class='ocr_carea' id='block_1_1' title="bbox 377 526 1334 609">
    <p class='ocr_par' dir='ltr' id='par_1_1' title="bbox 377 526 1334 609">
     <span class='ocr_line' id='line_1_1' title="bbox 377 526 1334 609; baseline -0.006 -1"><span class='ocrx_word' id='word_1_1' title='bbox 377 563 427 609; x_wconf 89' lang='lat' dir='ltr'><strong>xn</strong></span> <span class='ocrx_word' id='word_1_2' title='bbox 478 540 628 609; x_wconf 86' lang='lat' dir='ltr'><strong>PRAEF.</strong></span> <span class='ocrx_word' id='word_1_3' title='bbox 659 537 789 606; x_wconf 90' lang='lat' dir='ltr'><strong>NOVI</strong></span> <span class='ocrx_word' id='word_1_4' title='bbox 818 538 951 606; x_wconf 87' lang='lat' dir='ltr'><strong>EDIT.</strong></span> <span class='ocrx_word' id='word_1_5' title='bbox 979 537 1033 604; x_wconf 88' lang='lat' dir='ltr'><strong>IN</strong></span> <span class='ocrx_word' id='word_1_6' title='bbox 1057 526 1165 605; x_wconf 79' lang='lat' dir='ltr'><strong>VAL.</strong></span> <span class='ocrx_word' id='word_1_7' title='bbox 1193 537 1334 607; x_wconf 83' lang='lat' dir='ltr'>FLAC.</span> 
     </span>
    </p>
   </div>
   <div class='ocr_carea' id='block_1_2' title="bbox 373 669 1441 1135">
    <p class='ocr_par' dir='ltr' id='par_1_2' title="bbox 373 669 1441 1135">
     <span class='ocr_line' id='line_1_2' title="bbox 424 669 1441 768; baseline -0.002 -24"><span class='ocrx_word' id='word_1_8' title='bbox 424 673 520 744; x_wconf 90' lang='lat' dir='ltr'>Obiit</span> <span class='ocrx_word' id='word_1_9' title='bbox 545 687 675 757; x_wconf 87' lang='lat' dir='ltr'><strong>autem,</strong></span> <span class='ocrx_word' id='word_1_10' title='bbox 700 685 861 766; x_wconf 79' lang='lat' dir='ltr'>regnante</span> <span class='ocrx_word' id='word_1_11' title='bbox 885 671 1101 758; x_wconf 90' lang='lat' dir='ltr'><strong>Domitiano,</strong></span> <span class='ocrx_word' id='word_1_12' title='bbox 1122 669 1222 765; x_wconf 92' lang='lat' dir='ltr'><strong>paulo</strong></span> <span class='ocrx_word' id='word_1_13' title='bbox 1240 687 1318 741; x_wconf 88' lang='lat' dir='ltr'><strong>ante</strong></span> <span class='ocrx_word' id='word_1_14' title='bbox 1338 697 1441 768; x_wconf 89' lang='lat' dir='ltr'><strong>quarn</strong></span> 
     </span>
     <span class='ocr_line' id='line_1_3' title="bbox 375 791 1440 888; baseline 0.002 -25"><span class='ocrx_word' id='word_1_15' title='bbox 375 795 418 864; x_wconf 90' lang='lat' dir='ltr'><strong>de</strong></span> <span class='ocrx_word' id='word_1_16' title='bbox 438 795 651 866; x_wconf 85' lang='lat' dir='ltr'><strong>Institutione</strong></span> <span class='ocrx_word' id='word_1_17' title='bbox 671 794 828 862; x_wconf 86' lang='lat' dir='ltr'><strong>Oratoria</strong></span> <span class='ocrx_word' id='word_1_18' title='bbox 845 793 1021 862; x_wconf 78' lang='lat' dir='ltr'>duodecim</span> <span class='ocrx_word' id='word_1_19' title='bbox 1041 791 1145 862; x_wconf 87' lang='lat' dir='ltr'><strong>libros</strong></span> <span class='ocrx_word' id='word_1_20' title='bbox 1160 793 1371 888; x_wconf 83' lang='lat' dir='ltr'><strong>perfecisset,</strong></span> <span class='ocrx_word' id='word_1_21' title='bbox 1387 796 1440 865; x_wconf 90' lang='lat' dir='ltr'><strong>vel</strong></span> 
     </span>
     <span class='ocr_line' id='line_1_4' title="bbox 376 913 1441 1010; baseline 0.002 -25"><span class='ocrx_word' id='word_1_22' title='bbox 376 915 534 986; x_wconf 81' lang='lat' dir='ltr'><strong>edidisset</strong></span> <span class='ocrx_word' id='word_1_23' title='bbox 554 913 801 1006; x_wconf 83' lang='lat' dir='ltr'><strong>Quintilianus3</strong></span> <span class='ocrx_word' id='word_1_24' title='bbox 834 915 929 1008; x_wconf 89' lang='lat' dir='ltr'><strong>cujus</strong></span> <span class='ocrx_word' id='word_1_25' title='bbox 946 940 1049 1010; x_wconf 89' lang='lat' dir='ltr'><strong>opus,</strong></span> <span class='ocrx_word' id='word_1_26' title='bbox 1075 916 1109 983; x_wconf 92' lang='lat' dir='ltr'><strong>in</strong></span> <span class='ocrx_word' id='word_1_27' title='bbox 1128 941 1196 1009; x_wconf 90' lang='lat' dir='ltr'><strong>quo</strong></span> <span class='ocrx_word' id='word_1_28' title='bbox 1213 917 1340 988; x_wconf 86' lang='lat' dir='ltr'><strong>Valerii</strong></span> <span class='ocrx_word' id='word_1_29' title='bbox 1368 933 1441 987; x_wconf 84' lang='lat' dir='ltr'><strong>tan-</strong></span> 
     </span>
     <span class='ocr_line' id='line_1_5' title="bbox 373 1037 1437 1135; baseline 0 -25"><span class='ocrx_word' id='word_1_30' title='bbox 373 1065 475 1135; x_wconf 86' lang='lat' dir='ltr'><strong>quam</strong></span> <span class='ocrx_word' id='word_1_31' title='bbox 499 1063 607 1133; x_wconf 86' lang='lat' dir='ltr'><strong>nuper</strong></span> <span class='ocrx_word' id='word_1_32' title='bbox 631 1039 786 1108; x_wconf 85' lang='lat' dir='ltr'><strong>exstincti</strong></span> <span class='ocrx_word' id='word_1_33' title='bbox 807 1037 957 1107; x_wconf 88' lang='lat' dir='ltr'><strong>luctuosa</strong></span> <span class='ocrx_word' id='word_1_34' title='bbox 985 1039 1113 1107; x_wconf 88' lang='lat' dir='ltr'><strong>mentio</strong></span> <span class='ocrx_word' id='word_1_35' title='bbox 1144 1037 1330 1108; x_wconf 90' lang='lat' dir='ltr'><strong>celebratur</strong></span> <span class='ocrx_word' id='word_1_36' title='bbox 1356 1039 1437 1135; x_wconf 88' lang='lat' dir='ltr'><strong>(X,</strong></span> 
     </span>
    </p>
   </div>
   <div class='ocr_carea' id='block_1_3' title="bbox 369 1159 1437 2118">
    <p class='ocr_par' dir='ltr' id='par_1_3' title="bbox 369 1159 1437 1600">
     <span class='ocr_line' id='line_1_6' title="bbox 381 1159 1437 1259; baseline 0 -25"><span class='ocrx_word' id='word_1_37' title='bbox 381 1188 416 1251; x_wconf 86' lang='lat'><strong>1,</strong></span> <span class='ocrx_word' id='word_1_38' title='bbox 439 1164 526 1259; x_wconf 78' lang='lat'><strong>90),</strong></span> <span class='ocrx_word' id='word_1_39' title='bbox 549 1187 654 1256; x_wconf 89' lang='lat' dir='ltr'><strong>quum</strong></span> <span class='ocrx_word' id='word_1_40' title='bbox 673 1160 715 1229; x_wconf 89' lang='lat' dir='ltr'><strong>ad</strong></span> <span class='ocrx_word' id='word_1_41' title='bbox 740 1161 842 1230; x_wconf 85' lang='lat' dir='ltr'><strong>finem</strong></span> <span class='ocrx_word' id='word_1_42' title='bbox 868 1162 960 1256; x_wconf 86' lang='lat' dir='ltr'><strong>regni</strong></span> <span class='ocrx_word' id='word_1_43' title='bbox 981 1159 1185 1248; x_wconf 88' lang='lat' dir='ltr'><strong>Domitiani,</strong></span> <span class='ocrx_word' id='word_1_44' title='bbox 1204 1163 1292 1234; x_wconf 84' lang='lat' dir='ltr'><strong>circu</strong></span> <span class='ocrx_word' id='word_1_45' title='bbox 1310 1189 1437 1235; x_wconf 88' lang='lat' dir='ltr'><strong>annum</strong></span> 
     </span>
     <span class='ocr_line' id='line_1_7' title="bbox 373 1281 1437 1380; baseline 0.001 -24"><span class='ocrx_word' id='word_1_46' title='bbox 373 1311 445 1356; x_wconf 83' lang='lat' dir='ltr'><strong>aerae</strong></span> <span class='ocrx_word' id='word_1_47' title='bbox 468 1284 615 1380; x_wconf 81' lang='lat' dir='ltr'><strong>vulgaris</strong></span> <span class='ocrx_word' id='word_1_48' title='bbox 640 1287 737 1354; x_wconf 89' lang='lat' dir='ltr'><strong>XCV</strong></span> <span class='ocrx_word' id='word_1_49' title='bbox 759 1284 811 1353; x_wconf 90' lang='lat' dir='ltr'><strong>vel</strong></span> <span class='ocrx_word' id='word_1_50' title='bbox 837 1286 949 1354; x_wconf 86' lang='lat' dir='ltr'>XCVI</span> <span class='ocrx_word' id='word_1_51' title='bbox 972 1281 1041 1378; x_wconf 75' lang='grc' dir='ltr'>(ι),</span> <span class='ocrx_word' id='word_1_52' title='bbox 1066 1283 1102 1351; x_wconf 90' lang='lat' dir='ltr'><strong>in</strong></span> <span class='ocrx_word' id='word_1_53' title='bbox 1126 1282 1233 1352; x_wconf 89' lang='lat' dir='ltr'><strong>lucem</strong></span> <span class='ocrx_word' id='word_1_54' title='bbox 1258 1286 1437 1378; x_wconf 90' lang='lat' dir='ltr'><strong>prodierit,</strong></span> 
     </span>
     <span class='ocr_line' id='line_1_8' title="bbox 372 1406 1435 1502; baseline 0.002 -24"><span class='ocrx_word' id='word_1_55' title='bbox 372 1411 452 1479; x_wconf 88' lang='lat' dir='ltr'><strong>satis</strong></span> <span class='ocrx_word' id='word_1_56' title='bbox 479 1423 594 1502; x_wconf 84' lang='lat' dir='ltr'><strong>aperte</strong></span> <span class='ocrx_word' id='word_1_57' title='bbox 628 1432 668 1477; x_wconf 92' lang='lat' dir='ltr'><strong>ac</strong></span> <span class='ocrx_word' id='word_1_58' title='bbox 695 1406 831 1476; x_wconf 88' lang='lat' dir='ltr'><strong>definite</strong></span> <span class='ocrx_word' id='word_1_59' title='bbox 864 1430 931 1501; x_wconf 92' lang='lat' dir='ltr'><strong>quo</strong></span> <span class='ocrx_word' id='word_1_60' title='bbox 959 1421 1108 1500; x_wconf 89' lang='lat' dir='ltr'><strong>tempore</strong></span> <span class='ocrx_word' id='word_1_61' title='bbox 1137 1409 1260 1476; x_wconf 83' lang='lat' dir='ltr'><strong>Noster</strong></span> <span class='ocrx_word' id='word_1_62' title='bbox 1292 1409 1435 1494; x_wconf 92' lang='lat' dir='ltr'><strong>obierit,</strong></span> 
     </span>
     <span class='ocr_line' id='line_1_9' title="bbox 369 1530 526 1600; baseline -0.006 0"><span class='ocrx_word' id='word_1_63' title='bbox 369 1530 526 1600; x_wconf 80' lang='lat' dir='ltr'><strong>declarat.</strong></span> 
     </span>
    </p>

    <p class='ocr_par' dir='ltr' id='par_1_4' title="bbox 369 1652 1435 2118">
     <span class='ocr_line' id='line_1_10' title="bbox 420 1652 1433 1748; baseline 0.001 -24"><span class='ocrx_word' id='word_1_64' title='bbox 420 1653 665 1743; x_wconf 81' lang='lat' dir='ltr'><strong>Quintilianus,</strong></span> <span class='ocrx_word' id='word_1_65' title='bbox 682 1653 705 1724; x_wconf 92' lang='lat' dir='ltr'><strong>l.</strong></span> <span class='ocrx_word' id='word_1_66' title='bbox 726 1652 748 1722; x_wconf 92' lang='lat' dir='ltr'><strong>l.</strong></span> <span class='ocrx_word' id='word_1_67' title='bbox 768 1655 816 1721; x_wconf 92' lang='lat' dir='ltr'><strong>sic</strong></span> <span class='ocrx_word' id='word_1_68' title='bbox 834 1653 1201 1748; x_wconf 80' lang='lat' dir='ltr'><strong>suffragaturValerio:</strong></span> <span class='ocrx_word' id='word_1_69' title='bbox 1217 1656 1374 1725; x_wconf 78' lang='lat' dir='ltr'><strong>Multum</strong></span> <span class='ocrx_word' id='word_1_70' title='bbox 1396 1663 1433 1724; x_wconf 82' lang='lat' dir='ltr'><strong>in</strong></span> 
     </span>
     <span class='ocr_line' id='line_1_11' title="bbox 375 1775 1435 1872; baseline 0.001 -26"><span class='ocrx_word' id='word_1_71' title='bbox 375 1776 518 1847; x_wconf 81' lang='lat' dir='ltr'><strong>Valerio</strong></span> <span class='ocrx_word' id='word_1_72' title='bbox 529 1776 661 1847; x_wconf 84' lang='lat' dir='ltr'><strong>Flacco</strong></span> <span class='ocrx_word' id='word_1_73' title='bbox 675 1799 793 1872; x_wconf 83' lang='lat' dir='ltr'><strong>nuper</strong></span> <span class='ocrx_word' id='word_1_74' title='bbox 804 1781 1001 1846; x_wconf 66' lang='lat' dir='ltr'><strong>amisimus.</strong></span> <span class='ocrx_word' id='word_1_75' title='bbox 1013 1775 1172 1870; x_wconf 85' lang='lat' dir='ltr'><strong>Arnplum</strong></span> <span class='ocrx_word' id='word_1_76' title='bbox 1187 1792 1276 1846; x_wconf 86' lang='lat' dir='ltr'><strong>certe</strong></span> <span class='ocrx_word' id='word_1_77' title='bbox 1288 1791 1321 1846; x_wconf 88' lang='lat' dir='ltr'><strong>et</strong></span> <span class='ocrx_word' id='word_1_78' title='bbox 1335 1803 1435 1871; x_wconf 85' lang='lat' dir='ltr'><strong>grave</strong></span> 
     </span>
     <span class='ocr_line' id='line_1_12' title="bbox 371 1900 1434 1995; baseline 0.001 -27"><span class='ocrx_word' id='word_1_79' title='bbox 371 1901 616 1987; x_wconf 87' lang='lat' dir='ltr'><strong>testimonium,</strong></span> <span class='ocrx_word' id='word_1_80' title='bbox 632 1923 764 1968; x_wconf 89' lang='lat' dir='ltr'><strong>necnon</strong></span> <span class='ocrx_word' id='word_1_81' title='bbox 782 1900 934 1993; x_wconf 91' lang='lat' dir='ltr'><strong>obsequii</strong></span> <span class='ocrx_word' id='word_1_82' title='bbox 952 1900 1139 1992; x_wconf 87' lang='lat' dir='ltr'><strong>suspicione</strong></span> <span class='ocrx_word' id='word_1_83' title='bbox 1157 1925 1291 1990; x_wconf 86' lang='lat' dir='ltr'><strong>carens,</strong></span> <span class='ocrx_word' id='word_1_84' title='bbox 1308 1901 1434 1995; x_wconf 90' lang='lat' dir='ltr'><strong>quippe</strong></span> 
     </span>
     <span class='ocr_line' id='line_1_13' title="bbox 369 2020 1433 2118; baseline 0 -26"><span class='ocrx_word' id='word_1_85' title='bbox 369 2022 461 2117; x_wconf 93' lang='lat' dir='ltr'><strong>quod</strong></span> <span class='ocrx_word' id='word_1_86' title='bbox 492 2023 622 2092; x_wconf 89' lang='lat' dir='ltr'><strong>auctori</strong></span> <span class='ocrx_word' id='word_1_87' title='bbox 651 2035 786 2090; x_wconf 90' lang='lat' dir='ltr'><strong>mortuo</strong></span> <span class='ocrx_word' id='word_1_88' title='bbox 816 2021 866 2088; x_wconf 91' lang='lat' dir='ltr'><strong>vir</strong></span> <span class='ocrx_word' id='word_1_89' title='bbox 894 2021 979 2090; x_wconf 84' lang='lat' dir='ltr'><strong>tanti</strong></span> <span class='ocrx_word' id='word_1_90' title='bbox 999 2020 1117 2114; x_wconf 90' lang='lat' dir='ltr'><strong>judicii</strong></span> <span class='ocrx_word' id='word_1_91' title='bbox 1149 2022 1268 2092; x_wconf 83' lang='lat' dir='ltr'><strong>tribuit</strong></span> <span class='ocrx_word' id='word_1_92' title='bbox 1297 2024 1331 2090; x_wconf 89' lang='lat' dir='ltr'><strong>iu</strong></span> <span class='ocrx_word' id='word_1_93' title='bbox 1356 2049 1433 2118; x_wconf 91' lang='lat' dir='ltr'><strong>pro-</strong></span> 
     </span>
    </p>
   </div>
   <div class='ocr_carea' id='block_1_4' title="bbox 370 2142 569 2238">
    <p class='ocr_par' dir='ltr' id='par_1_5' title="bbox 370 2142 569 2238">
     <span class='ocr_line' id='line_1_14' title="bbox 370 2142 569 2238; baseline -0.01 -24"><span class='ocrx_word' id='word_1_94' title='bbox 370 2142 518 2238; x_wconf 88' lang='lat' dir='ltr'><strong>patulo(</strong></span> <span class='ocrx_word' id='word_1_95' title='bbox 544 2145 569 2237; x_wconf 89' lang='lat'><strong>).</strong></span> 
     </span>
    </p>
   </div>
   <div class='ocr_carea' id='block_1_5' title="bbox 365 2393 1438 2872">
    <p class='ocr_par' dir='ltr' id='par_1_6' title="bbox 365 2393 1438 2655">
     <span class='ocr_line' id='line_1_15' title="bbox 368 2393 1438 2468; baseline 0.004 -24"><span class='ocrx_word' id='word_1_96' title='bbox 368 2409 398 2444; x_wconf 68' lang='grc' dir='ltr'><strong>αι</strong></span> <span class='ocrx_word' id='word_1_97' title='bbox 413 2410 420 2444; x_wconf 89' lang='lat'><strong>:</strong></span> <span class='ocrx_word' id='word_1_98' title='bbox 433 2419 446 2439; x_wconf 71' lang='grc' dir='ltr'><strong>α</strong></span> <span class='ocrx_word' id='word_1_99' title='bbox 456 2393 603 2444; x_wconf 82' lang='lat' dir='ltr'><strong>Varronem</strong></span> <span class='ocrx_word' id='word_1_100' title='bbox 619 2393 784 2463; x_wconf 83' lang='lat' dir='ltr'><strong>primamque</strong></span> <span class='ocrx_word' id='word_1_101' title='bbox 799 2404 881 2445; x_wconf 87' lang='lat' dir='ltr'><strong>ratem</strong></span> <span class='ocrx_word' id='word_1_102' title='bbox 896 2411 955 2464; x_wconf 81' lang='lat' dir='ltr'><strong>quea</strong></span> <span class='ocrx_word' id='word_1_103' title='bbox 969 2395 1156 2457; x_wconf 70' lang='lat' dir='ltr'><strong>desclatum,</strong></span> <span class='ocrx_word' id='word_1_104' title='bbox 1175 2397 1315 2468; x_wconf 78' lang='lat' dir='ltr'><strong>Aureaque</strong></span> <span class='ocrx_word' id='word_1_105' title='bbox 1324 2395 1438 2450; x_wconf 64' lang='lat' dir='ltr'><strong>AEsouio‘</strong></span> 
     </span>
     <span class='ocr_line' id='line_1_16' title="bbox 366 2486 1431 2562; baseline 0.005 -23"><span class='ocrx_word' id='word_1_106' title='bbox 366 2500 439 2560; x_wconf 77' lang='lat' dir='ltr'><strong>terga</strong></span> <span class='ocrx_word' id='word_1_107' title='bbox 449 2491 530 2560; x_wconf 83' lang='lat' dir='ltr'><strong>petita</strong></span> <span class='ocrx_word' id='word_1_108' title='bbox 543 2486 623 2543; x_wconf 81' lang='lat' dir='ltr'><strong>duci?</strong></span> <span class='ocrx_word' id='word_1_109' title='bbox 637 2513 648 2534; x_wconf 73' lang='grc' dir='ltr'><strong>ι</strong></span> <span class='ocrx_word' id='word_1_110' title='bbox 667 2487 829 2542; x_wconf 83' lang='lat' dir='ltr'><strong>Jnmdudurn</strong></span> <span class='ocrx_word' id='word_1_111' title='bbox 846 2488 946 2543; x_wconf 76' lang='lat' dir='ltr'><strong>dixerat</strong></span> <span class='ocrx_word' id='word_1_112' title='bbox 957 2489 1098 2561; x_wconf 83' lang='lat' dir='ltr'><strong>Virgilius,</strong></span> <span class='ocrx_word' id='word_1_113' title='bbox 1117 2490 1213 2562; x_wconf 81' lang='lat' dir='ltr'><strong>Georg.</strong></span> <span class='ocrx_word' id='word_1_114' title='bbox 1229 2492 1288 2558; x_wconf 85' lang='lat'><strong>111,</strong></span> <span class='ocrx_word' id='word_1_115' title='bbox 1310 2495 1345 2544; x_wconf 88' lang='lat'><strong>6:</strong></span> <span class='ocrx_word' id='word_1_116' title='bbox 1365 2518 1377 2538; x_wconf 76' lang='grc' dir='ltr'><strong>α</strong></span> <span class='ocrx_word' id='word_1_117' title='bbox 1388 2493 1431 2544; x_wconf 91' lang='lat' dir='ltr'><strong>cui</strong></span> 
     </span>
     <span class='ocr_line' id='line_1_17' title="bbox 365 2581 731 2655; baseline 0 -21"><span class='ocrx_word' id='word_1_118' title='bbox 365 2601 419 2635; x_wconf 87' lang='lat' dir='ltr'><strong>uon</strong></span> <span class='ocrx_word' id='word_1_119' title='bbox 432 2582 519 2636; x_wconf 80' lang='lat' dir='ltr'><strong>dictus</strong></span> <span class='ocrx_word' id='word_1_120' title='bbox 530 2583 612 2655; x_wconf 79' lang='lat' dir='ltr'><strong>Hylas</strong></span> <span class='ocrx_word' id='word_1_121' title='bbox 623 2581 706 2655; x_wconf 81' lang='lat' dir='ltr'><strong>puer?</strong></span> <span class='ocrx_word' id='word_1_122' title='bbox 718 2609 731 2628; x_wconf 65' lang='lat' dir='ltr'>a</span> 
     </span>
    </p>

    <p class='ocr_par' dir='ltr' id='par_1_7' title="bbox 367 2702 1429 2872">
     <span class='ocr_line' id='line_1_18' title="bbox 401 2702 1429 2774; baseline 0.009 -18"><span class='ocrx_word' id='word_1_123' title='bbox 401 2702 522 2772; x_wconf 87' lang='lat' dir='ltr'><strong>(1)Vid.</strong></span> <span class='ocrx_word' id='word_1_124' title='bbox 544 2703 673 2757; x_wconf 81' lang='lat' dir='ltr'><strong>Dodwell.</strong></span> <span class='ocrx_word' id='word_1_125' title='bbox 694 2705 787 2757; x_wconf 77' lang='lat' dir='ltr'><strong>dnnal.</strong></span> <span class='ocrx_word' id='word_1_126' title='bbox 805 2705 916 2770; x_wconf 85' lang='lat' dir='ltr'><strong>Quintil.</strong></span> <span class='ocrx_word' id='word_1_127' title='bbox 936 2706 1004 2761; x_wconf 81' lang='lat' dir='ltr'><strong>Sect.</strong></span> <span class='ocrx_word' id='word_1_128' title='bbox 1026 2707 1109 2772; x_wconf 74' lang='lat' dir='ltr'><strong>xxt,</strong></span> <span class='ocrx_word' id='word_1_129' title='bbox 1130 2709 1363 2774; x_wconf 77' lang='lat' dir='ltr'><strong>nostr.editionis,</strong></span> <span class='ocrx_word' id='word_1_130' title='bbox 1375 2713 1429 2765; x_wconf 84' lang='lat' dir='ltr'><strong>vol.</strong></span> 
     </span>
     <span class='ocr_line' id='line_1_19' title="bbox 367 2801 637 2872; baseline 0.011 -20"><span class='ocrx_word' id='word_1_131' title='bbox 367 2801 440 2866; x_wconf 87' lang='lat' dir='ltr'><strong>vll,</strong></span> <span class='ocrx_word' id='word_1_132' title='bbox 459 2819 520 2872; x_wconf 73' lang='lat' dir='ltr'><strong>pag.</strong></span> <span class='ocrx_word' id='word_1_133' title='bbox 534 2803 582 2854; x_wconf 73' lang='lat'><strong>261</strong></span> <span class='ocrx_word' id='word_1_134' title='bbox 596 2820 637 2872; x_wconf 82' lang='lat' dir='ltr'><strong>sq.</strong></span> 
     </span>
    </p>
   </div>
   <div class='ocr_carea' id='block_1_6' title="bbox 364 2923 1426 3116">
    <p class='ocr_par' dir='ltr' id='par_1_8' title="bbox 364 2923 1426 3116">
     <span class='ocr_line' id='line_1_20' title="bbox 400 2923 1426 2996; baseline 0.01 -21"><span class='ocrx_word' id='word_1_135' title='bbox 400 2927 438 2992; x_wconf 79' lang='lat' dir='ltr'><strong>(a)</strong></span> <span class='ocrx_word' id='word_1_136' title='bbox 456 2923 520 2977; x_wconf 84' lang='lat' dir='ltr'><strong>vid.</strong></span> <span class='ocrx_word' id='word_1_137' title='bbox 539 2924 592 2976; x_wconf 85' lang='lat' dir='ltr'><strong>rol.</strong></span> <span class='ocrx_word' id='word_1_138' title='bbox 611 2924 662 2987; x_wconf 86' lang='lat' dir='ltr'><strong>IV,</strong></span> <span class='ocrx_word' id='word_1_139' title='bbox 673 2941 736 2996; x_wconf 79' lang='lat' dir='ltr'><strong>pag.</strong></span> <span class='ocrx_word' id='word_1_140' title='bbox 748 2931 802 2996; x_wconf 69' lang='lat'><strong>74,</strong></span> <span class='ocrx_word' id='word_1_141' title='bbox 817 2925 930 2990; x_wconf 83' lang='lat' dir='ltr'><strong>Quintil.</strong></span> <span class='ocrx_word' id='word_1_142' title='bbox 945 2939 1028 2980; x_wconf 86' lang='lat' dir='ltr'><strong>nostr.</strong></span> <span class='ocrx_word' id='word_1_143' title='bbox 1046 2926 1109 2980; x_wconf 89' lang='lat' dir='ltr'><strong>edit.</strong></span> <span class='ocrx_word' id='word_1_144' title='bbox 1131 2941 1157 2981; x_wconf 86' lang='lat' dir='ltr'><strong>et</strong></span> <span class='ocrx_word' id='word_1_145' title='bbox 1174 2929 1344 2984; x_wconf 70' lang='lat' dir='ltr'><strong>Profutiones</strong></span> <span class='ocrx_word' id='word_1_146' title='bbox 1356 2932 1426 2985; x_wconf 82' lang='lat' dir='ltr'><strong>infra</strong></span> 
     </span>
     <span class='ocr_line' id='line_1_21' title="bbox 364 3016 1424 3116; baseline 0.008 -46"><span class='ocrx_word' id='word_1_147' title='bbox 364 3020 457 3072; x_wconf 78' lang='lat' dir='ltr'><strong>relitae</strong></span> <span class='ocrx_word' id='word_1_148' title='bbox 471 3019 556 3073; x_wconf 86' lang='lat' dir='ltr'><strong>Nicol.</strong></span> <span class='ocrx_word' id='word_1_149' title='bbox 566 3019 666 3073; x_wconf 80' lang='lat' dir='ltr'><strong>Heinsii</strong></span> <span class='ocrx_word' id='word_1_150' title='bbox 681 3038 757 3084; x_wconf 80' lang='lat' dir='ltr'><strong>xciv,</strong></span> <span class='ocrx_word' id='word_1_151' title='bbox 773 3016 799 3073; x_wconf 71' lang='lat' dir='ltr'><strong>et</strong></span> <span class='ocrx_word' id='word_1_152' title='bbox 809 3021 863 3074; x_wconf 87' lang='lat' dir='ltr'><strong>Pet.</strong></span> <span class='ocrx_word' id='word_1_153' title='bbox 873 3022 1030 3085; x_wconf 83' lang='lat' dir='ltr'><strong>Burmanni,</strong></span> <span class='ocrx_word' id='word_1_154' title='bbox 1044 3044 1071 3095; x_wconf 91' lang='lat' dir='ltr'><strong>p.</strong></span> <span class='ocrx_word' id='word_1_155' title='bbox 1084 3042 1123 3077; x_wconf 84' lang='lat' dir='ltr'><strong>cn</strong></span> <span class='ocrx_word' id='word_1_156' title='bbox 1132 3044 1172 3095; x_wconf 81' lang='lat' dir='ltr'><strong>sq.</strong></span> <span class='ocrx_word' id='word_1_157' title='bbox 1183 3037 1209 3077; x_wconf 90' lang='lat' dir='ltr'><strong>et</strong></span> <span class='ocrx_word' id='word_1_158' title='bbox 1220 3044 1305 3080; x_wconf 85' lang='lat' dir='ltr'><strong>cxvrn</strong></span> <span class='ocrx_word' id='word_1_159' title='bbox 1317 3046 1355 3098; x_wconf 83' lang='lat' dir='ltr'><strong>sq.</strong></span> <span class='ocrx_word' id='word_1_160' title='bbox 1417 3099 1424 3116; x_wconf 39' lang='grc' dir='ltr'>ι</span> 
     </span>
    </p>
   </div>
   <div class='ocr_carea' id='block_1_7' title="bbox 0 0 1566 5126">
    <p class='ocr_par' dir='ltr' id='par_1_9' title="bbox 0 0 1566 5126">
     <span class='ocr_line' id='line_1_22' title="bbox 0 0 1566 5126; baseline 0 7"><span class='ocrx_word' id='word_1_161' title='bbox 0 0 1566 5126; x_wconf 95' lang='lat' dir='ltr'><strong> </strong></span> 
     </span>
    </p>
   </div>
  </div>
 </body>
</html>
