3192 5128
476 535 734 604 PRAEFA'HO
765 536 938 604 PRIMA.
1167 563 1237 610 cvu

151 664 349 748 sufficiant,
366 687 468 753 quum
481 665 609 744 majoris
618 664 687 727 baec
699 665 910 728 emolumenti
922 666 1005 748 sint,
1018 689 1115 755 quam
1126 685 1165 733 ut
1175 671 1239 735 hoc

151 771 239 836 loco
253 771 386 862 plenius
398 769 525 834 tractari
538 769 673 857 possint.
690 767 805 854 Neque
819 769 935 851 etiam,
950 772 1095 857 quamvis
1112 773 1146 836 in
1160 797 1239 861 pro·

156 877 242 940 clivi
259 899 312 941 res
330 891 432 956 esset,
453 897 528 939 cum
542 875 649 938 latinis
663 875 767 962 poetis
784 875 934 955 Lucano,
954 877 1071 959 Statio,
1088 879 1165 942 Silio
1177 881 1241 944 Ita·

157 981 250 1063 lico,
267 981 468 1063 Claudiano,
485 1001 573 1044 nunc
589 980 738 1044 Flaccum
759 980 963 1044 committere
978 981 1074 1064 libct,
1088 1007 1107 1046 a
1122 985 1241 1072 quibus

160 1087 326 1154 omnibus
344 1087 449 1152 ricmr
464 1086 577 1150 abiret.
597 1086 678 1148 Tam
698 1085 852 1149 naturalis
866 1085 1034 1174 ubique
1006 1109 1074 1167 eJus
1088 1091 1242 1157 orationis

162 1194 403 1282 pulchritudo,
420 1209 485 1258 tarn
502 1193 674 1281 castigatus
692 1213 818 1275 sermo,
835 1209 924 1257 tanta
944 1195 1079 1282 gravitas
1097 1212 1130 1260 et
1143 1198 1242 1262 subli-

166 1301 265 1366 mitas
273 1317 359 1382 ,ut,
375 1298 466 1388 quod
481 1300 657 1364 maximum
674 1299 925 1380 est,omniasu1
917 1299 1049 1366 saeculi
1061 1303 1137 1366 vitia
1151 1304 1244 1392 igno-

167 1408 291 1472 raverit
315 1423 348 1470 et
372 1407 579 1495 superaverit.
607 1406 691 1469 Nam
716 1427 784 1470 non
807 1427 957 1470 curamus
979 1429 1158 1495 paucorum
1180 1411 1244 1473 ini-

169 1513 288 1602 quiora
300 1511 342 1576 de
355 1528 467 1576 nostro
479 1513 593 1576 Flacco
600 1510 730 1592 judicia,
739 1532 843 1598 quum
856 1510 965 1576 nullus
976 1533 1122 1600 unquam
1136 1537 1244 1605 reper-

169 1632 225 1680 tus
247 1615 290 1678 sit
310 1614 466 1701 scriptor,
482 1613 541 1701 qui
564 1635 630 1677 non
655 1613 887 1677 obtrectatores
908 1635 985 1678 suos
1001 1613 1195 1699 olienderit3
1211 1635 1244 1683 et

171 1720 278 1784 multo
296 1719 398 1798 major
413 1719 509 1783 turbe
524 1719 567 1783 sit
580 1740 695 1783 eorum
707 1765 717 1798 ,
731 1717 789 1804 qui
806 1717 927 1782 meritis
943 1735 1048 1786 vatem
1067 1719 1158 1786 hunc
1174 1723 1243 1788 lau·

171 1826 270 1892 dibus
290 1825 496 1906 extulerunt,
511 1841 545 1889 et
561 1847 581 1888 a
596 1823 746 1912 scaligeri
763 1845 899 1888 censura
919 1823 1141 1909 vindicarunt3
1161 1851 1245 1916 quo·

170 1956 247 1998 rum
258 1931 381 2014 judicie
398 1933 501 1998 lector
514 1947 589 2021 post
601 1931 804 2020 prefationes
820 1930 973 2011 collecta,
989 1933 1170 2021 perspicere
1185 1951 1245 2024 po·

171 2040 257 2103 terit.
274 2039 403 2126 Dignus
419 2059 497 2127 ergo
516 2053 585 2102 erat
601 2037 655 2100 hic
672 2051 779 2116 vates,
798 2037 856 2123 qui
875 2036 1061 2102 familiarior
1075 2056 1159 2104 esset
1175 2057 1245 2105 stu·

170 2145 272 2210 diosa
283 2143 465 2224 juventuti,
477 2159 511 2208 et
523 2144 557 2206 in
570 2165 637 2231 quo
652 2141 832 2207 evolvendo
842 2143 915 2230 plus
927 2143 1045 2208 laboris
1058 2163 1244 2234 poneretur.

171 2252 236 2318 Sed
252 2251 412 2318 deterruit
428 2251 586 2339 plurimos
604 2251 645 2315 ab
658 2251 727 2332 ejus
743 2249 883 2314 lectione
892 2243 1085 2336 difficultas,
1099 2275 1198 2342 quam
1211 2256 1245 2319 in

172 2381 212 2422 eo
222 2358 285 2422 rite
298 2356 510 2444 intelligendo
522 2357 653 2446 plurimi
664 2356 915 2446 deprehendisse
925 2379 960 2422 se
971 2357 1139 2445 putabant.
1150 2360 1245 2425 Multi

171 2463 345 2528 obscurius
358 2462 427 2543 ejus
441 2484 558 2551 poema
572 2485 641 2526 esse
655 2463 812 2542 clamant,
827 2485 925 2550 quam
940 2479 979 2527 ut
990 2486 1066 2528 cum
1079 2466 1245 2554 voluptate

174 2585 207 2632 et
226 2571 338 2632 fructu
357 2569 549 2657 perlegatur.
572 2566 636 2632 Sed
651 2567 686 2630 hi
706 2567 774 2632 fere
789 2582 883 2649 sunt,
904 2568 961 2655 qui
978 2569 1099 2632 nullam
1114 2593 1245 2658 operam

174 2677 207 2740 in
230 2675 348 2740 veteris
370 2675 428 2738 aevi
453 2673 674 2738 monumentis
697 2689 846 2737 accurate
867 2674 1106 2760 perscrutandis
1124 2698 1245 2763 posue·

173 2796 270 2863 runt,
289 2781 347 2846 sed
364 2782 425 2846 levi
439 2797 470 2845 et
482 2779 705 2870 perfunctoria
719 2779 938 2860 festinatione,
953 2780 1053 2845 cruda
1067 2805 1125 2846 sua
1139 2783 1245 2848 studia

174 2887 355 2977 propellere
367 2901 567 2952 amaverunt.
583 2883 712 2949 Accedit
725 2883 861 2952 alterum
875 2883 1140 2966 incommodum,
1156 2888 1245 2974 quod

175 2993 336 3060 infelicius
351 3008 460 3057 noster
471 2993 620 3068 Flaccus,
634 3013 731 3079 quarn
747 2990 862 3077 reliqui
875 3005 978 3077 poetes
990 3037 999 3071 ,
1012 2993 1115 3056 fatum
1134 2993 1176 3056 sit
1191 3016 1246 3058 ex·

175 3116 308 3189 pertus:
326 3121 394 3163 non
414 3100 502 3163 eninr
520 3119 719 3186 quemquam
740 3097 826 3160 inter
848 3095 980 3160 Latinos
1001 3098 1174 3185 scriptores
1188 3121 1244 3163 ex·

175 3221 259 3270 stare
273 3221 376 3294 puto,
391 3205 449 3293 qui
463 3206 564 3295 magis
580 3219 754 3293 corruptus
771 3218 804 3266 et
816 3225 835 3266 a
848 3202 985 3268 librariis
1000 3203 1243 3270 excarnificatus
1292 3233 1296 3256 ι
1330 3219 1333 3224 “

175 3309 216 3376 ad
232 3333 349 3376 manus
371 3326 497 3375 nostras
515 3310 709 3397 pervenerit.
733 3308 897 3373 Rarissimi
921 3308 1016 3372 etiam
1033 3310 1102 3388 ejus
1117 3310 1243 3376 codices

176 3439 276 3482 mauu
294 3417 425 3505 scripti,
444 3417 478 3479 in
498 3415 720 3497 bibliothecis,
734 3430 809 3504 post
824 3416 1015 3479 instauratas
1032 3417 1137 3480 literas
1153 3417 1244 3481 litere

176 3524 312 3613 reperti,
330 3547 370 3588 er
390 3524 509 3612 qulbus
526 3524 664 3612 pessime
684 3521 803 3586 allecto
823 3520 982 3587 medicina
998 3521 1107 3586 afferri
1125 3539 1242 3610 posset.

175 3631 267 3694 Inter
279 3630 421 3718 primos,
436 3630 493 3717 qui
508 3645 613 3694 vatem
626 3644 775 3692 nostrum
789 3629 947 3693 illustrare
961 3643 993 3692 et
1006 3627 1178 3693 emendare
1190 3653 1245 3720 ag·

176 3757 305 3824 gressus
323 3751 391 3817 est,
408 3735 470 3800 fuit
484 3736 623 3800 loannes
645 3735 784 3822 baptista
802 3733 898 3816 Pius,
916 3735 973 3820 qui
993 3751 1068 3800 ante
1089 3734 1156 3799 duo
1177 3737 1244 3802 fere

175 3841 290 3906 tecua
307 3841 428 3906 clarum
446 3841 506 3904 sibi
522 3829 557 3904 in
575 3841 674 3909 literis
690 3840 809 3905 nostris
823 3861 944 3904 nomen
959 3841 1100 3927 pararit3
1117 3840 1174 3906 sed
1188 3865 1244 3906 ou-

174 3946 227 4026 jus
244 3946 346 4012 editio
363 3947 524 4014 rarissime
539 3947 574 4011 in
590 3946 710 4011 nostris
727 3948 792 4010 oris
808 3962 998 4034 conspecta,
1010 3969 1027 4009 a
1041 3949 1169 4034 paucis,
1184 3970 1245 4012 nec

176 4053 246 4118 siue
263 4077 393 4119 summa
411 4052 616 4133 difficultate,
635 4052 738 4141 parari
754 4053 869 4139 potuit.
889 4051 980 4116 Circa
996 4051 1083 4116 idem
1100 4069 1247 4142 tempus,

176 4157 235 4224 sed
251 4158 369 4247 impari
389 4183 562 4242 successu,
579 4157 728 4249 AEgidius
745 4157 919 4240 Maserius,
939 4181 1012 4222 suas
1033 4160 1066 4222 in
1082 4159 1246 4224 Valerium

175 4264 408 4332 adnotationes
425 4265 535 4332 edidit.
548 4265 611 4330 Sed
624 4265 771 4354 plurimis
787 4263 896 4328 adbuc
911 4264 988 4330 locis
1002 4266 1145 4330 tenebre
1158 4281 1249 4329 erant

1082 4394 1116 4458 g·
