3196 5120
392 477 783 544 nueoununreou
812 483 900 545 mn.
925 483 994 546 111.
1162 505 1218 568 ιρι

197 620 270 682 Dux
285 615 391 701 campi
408 611 588 698 Martisque
603 626 738 698 potens,
756 628 794 676 ut
806 635 889 676 coeca
903 613 1069 700 profundo

196 729 307 794 Currit
322 728 446 808 hiems,
461 727 560 814 Zelyn
580 741 614 790 ct
629 729 748 790 Broten
762 727 951 815 Abarinqne
963 730 1118 816 relinquit

195 846 398 926 Semineces,
417 841 579 908 Glaucum
596 840 758 928 sequitur,
779 840 1003 930 Glaucumque
1017 861 1165 909 ruentem

199 962 363 1048 Occupat,
386 973 418 1023 et
431 956 547 1046 jugulo
564 955 683 1020 vulnus
699 956 833 1020 molitur
847 973 970 1046 aperto.

197 1077 255 1140 Ille
273 1097 375 1140 manu
391 1087 505 1136 contra
525 1070 626 1134 telum
645 1085 751 1152 tenet,
770 1071 884 1135 ultima
903 1071 1020 1135 frustra
1187 1091 1223 1130 sss

197 1189 303 1254 Verba
316 1189 421 1274 ciens,
436 1185 598 1273 fixamque
612 1183 703 1254 videt
716 1183 903 1250 decrescere
920 1204 1069 1252 cornum.

197 1307 282 1370 Hinc
300 1304 425 1393 Halyn,
442 1302 519 1368 hinc
534 1300 641 1390 rigido
659 1316 883 1366 transcurrens
902 1300 1037 1367 demetit
1052 1327 1128 1368 ense

198 1421 353 1500 Prothin,
370 1435 403 1482 et
419 1419 584 1508 insignem,
599 1416 722 1480 cithara
741 1431 905 1504 cantuque
922 1415 1036 1482 fluenti

198 1539 336 1624 Dorcea,
355 1535 411 1623 qui
428 1533 515 1599 dulci
531 1532 620 1597 festis
636 1533 784 1596 assistere
801 1534 922 1596 mensis

197 1651 330 1716 Pectine
343 1647 494 1714 Bistonis
508 1669 664 1737 maguum
678 1661 754 1735 post
764 1668 863 1710 ausus
878 1647 1060 1713 alumnum.
1188 1672 1240 1724 1⁶0,

127 1847 129 1852 Α
198 1767 266 1830 Nec
281 1765 479 1853 pheretrum,
496 1777 552 1826 aut
570 1782 659 1824 acres
675 1759 760 1824 ultra
777 1760 969 1848 Tirynthius
985 1785 1078 1828 arcus

199 1881 348 1960 Exercet,
368 1861 455 1944 sciria
472 1875 529 1942 sed
546 1875 664 1956 disjicit
679 1874 808 1964 agmina
823 1877 920 1940 clava.

189 2083 238 2129 151.
258 2085 318 2129 Dum
327 2079 484 2140 compilant.
494 2076 572 2124 Colin.
583 2077 629 2123 Ceu
641 2078 726 2140 campi.
738 2075 792 2122 Ald.
804 2101 835 2112 --
848 2077 900 2124 1⁵8.
912 2079 1020 2126 Protinus
1032 2082 1153 2144 insignem.
1165 2085 1222 2131 Bon.

155 2161 207 2208 cod.
218 2169 241 2208 et
249 2159 303 2206 edu
313 2167 367 2206 rute
376 2159 441 2204 Gerr.
453 2159 498 2204 Eu.

155 2337 297 2411 utinopina
304 2337 333 2388 in
341 2335 505 2387 mariexorts
513 2341 667 2404 tempestae,
711 2345 781 2391 erae,
801 2328 909 2402 Orphea
925 2350 1031 2406 sequare
1048 2334 1075 2388 iu
1095 2335 1151 2410 lym
1165 2339 1224 2408 pui-

156 2421 238 2471 cum's.
711 2409 794 2463 sanda
806 2410 884 2464 stulte
895 2412 946 2465 sibi
957 2429 1131 2482 persuaserat.
1140 2417 1224 2472 Crete·

194 2499 252 2551 156.
267 2499 356 2548 neam
369 2497 439 2547 videt
452 2497 592 2544 decrescere
611 2510 667 2542 cor·
711 2507 772 2542 rum
783 2489 900 2542 imitatus
908 2501 948 2546 est
958 2491 1069 2547 Flaccus
1080 2495 1225 2564 Ovidium,

156 2597 224 2630 num.
232 2576 314 2629 Poeta
322 2613 330 2640 ,
339 2574 366 2626 in
378 2572 457 2626 variis
466 2570 577 2624 caedium
587 2587 667 2640 gene·
712 2567 756 2638 qui
765 2568 888 2639 inpugna
896 2581 1030 2624 cantorem
1040 2573 1130 2627 itidem
1141 2576 1225 2642 sistit,

158 2657 231 2710 ribus
241 2651 419 2725 excogitandis
432 2669 486 2705 nou
499 2647 590 2703 eadem
602 2666 669 2701 sem·
713 2647 777 2699 Met.
789 2646 826 2709 V,
840 2665 887 2700 ιιι
901 2660 927 2701 et
940 2667 1014 2721 seqq.

156 2755 214 2808 per,
227 2753 280 2808 qua
292 2731 404 2785 Ovidius
414 2769 421 2794 ,
433 2728 533 2800 ingenii
543 2727 667 2780 felicitate
746 2756 780 2766 -
789 2726 858 2779 Num
869 2728 997 2780 continuo
1009 2729 1117 2794 stultns,
1129 2731 1150 2783 si
1164 2733 1224 2803 quis

156 2814 272 2889 adjutus,
280 2806 551 2884 singulariaquaednm
561 2816 587 2857 et
598 2806 665 2858 mira
713 2821 845 2856 summum
858 2803 984 2857 artificem
995 2808 1133 2861 semuiatur
1141 2809 1152 2860 i
1161 2811 1222 2864 Nou

156 2884 665 2958 narretshoctamcnvideturrolnisse:
711 2881 746 2936 ite
771 2893 845 2953 putat
864 2882 1007 2951 Valerius,
1027 2901 1086 2953 pest
1108 2887 1226 2943 Mantua

156 2973 237 3026 iason
245 2973 335 3026 lancea
346 2967 407 3021 ferit
418 2965 550 3018 Glaucum
558 3001 565 3028 ,
572 2963 619 3035 qui
631 2976 668 3016 te·
711 2966 846 3023 damnum,
854 2981 916 3033 epos
923 2962 1125 3018 condereausus.
1132 2973 1223 3030 Ausees,

157 3054 213 3104 lum
230 3049 336 3124 quidem
350 3058 443 3101 contre
456 3041 562 3115 expedit
575 3061 667 3105 suum,
712 3060 739 3093 v.
756 3045 822 3106 160,
836 3041 864 3094 in
873 3042 971 3094 honam
984 3055 1088 3113 partem
1099 3047 1225 3113 sumitur,

156 3131 203 3185 sed
213 3128 420 3192 sentit,hestam
434 3121 578 3177 adversarii
590 3122 670 3175 altius
716 3131 745 3172 ut
754 3123 815 3173 AEn.
828 3121 854 3183 1,
874 3121 940 3190 493,
953 3125 1076 3190 audetque
1089 3127 1151 3175 viris
1165 3144 1226 3177 eon·

157 3211 255 3265 intem
285 3225 401 3278 corpus,
427 3207 545 3271 videtque
570 3221 670 3254 comeam
716 3218 813 3252 currere
829 3203 919 3270 virge,·
933 3219 982 3253 nec
996 3199 1072 3254 rideo
1089 3201 1226 3258 Valerium

157 3291 299 3357 (corneum
312 3281 616 3356 hastile,quopenitius
629 3281 671 3334 in·
715 3278 800 3330 stulte
829 3278 933 3332 fiducie
962 3297 1072 3350 arguere
1105 3281 1225 3349 Dorcea,

158 3369 279 3440 figitur),
291 3387 323 3421 eo
332 3365 418 3436 magis
426 3368 574 3422 decrescere,
583 3377 615 3413 eo
626 3359 672 3412 mi·
714 3377 793 3429 quem
808 3356 878 3410 dicet
893 3361 1014 3428 insignem
1029 3361 1125 3411 citiam
1138 3377 1226 3414 canus·

157 3467 249 3502 norem
262 3448 465 3516 brevioremque
478 3441 545 3494 fieri.
714 3457 762 3504 que
773 3440 875 3507 sitienti.
895 3439 949 3491 Eo.

196 3529 256 3584 158.
276 3531 404 3595 Insignem
429 3526 525 3574 estare
547 3531 671 3586 canaeque
752 3518 811 3584 1⁵9.
833 3520 909 3569 Fertis
938 3520 1038 3570 mensis.
1062 3517 1106 3572 Sic
1131 3519 1223 3575 Horat.

149 3594 669 3677 flerend.1·¹inensopponitursridnvocis
713 3594 799 3666 EP0d·
812 3595 863 3658 lx,
882 3597 1002 3665 ἥψω*
1018 3602 1104 3667 ἀφ’·
1119 3599 1172 3651 ΕΒ·

159 3705 261 3750 ,πω
279 3684 408 3755 „sigism-
421 3678 537 3753 liquida,
557 3693 668 3738 sonore,
750 3677 811 3728 161.
825 3674 954 3728 Hercules
969 3677 1024 3748 jam
1042 3695 1097 3728 non
1114 3679 1227 3749 amplius

159 3765 351 3830 enavie.-Qui
359 3764 427 3814 dulci
431 3761 541 3828 pectine,
553 3755 671 3828 plectro,
716 3752 868 3826 pharetram
885 3765 912 3806 et
934 3773 1011 3807 nrcns
1028 3771 1127 3808 exercet
1142 3757 1227 3827 (quod

159 3846 265 3917 proprie
278 3845 453 3897 instrumento
469 3837 549 3893 remes
564 3837 672 3897 forme,
717 3833 829 3888 verbum
840 3845 974 3904 usurpant
985 3832 1122 3900 derebus,
1134 3837 1231 3906 quibus

160 3943 214 3996 quo
229 3925 287 3997 lyra
302 3923 425 3995 pulsatur
438 3917 478 3971 vel
491 3915 672 3978 fedissimum
718 3931 787 3984 serpe
804 3911 973 3983 multumque
990 3913 1103 3979 utimur,
1127 3933 1231 3984 germu-

159 4022 206 4075 per
222 4000 408 4075 synecdochen
420 4017 468 4070 pro
484 4008 535 4049 tots
550 3997 604 4068 lyra
622 4012 672 4065 po·
718 3990 781 4044 nico
798 4009 937 4055 sermone,
952 3995 1115 4054 iandhnhen,
1130 3997 1230 4063 utseti-

159 4079 673 4147 sito,Bistonioe,Thracire‚postmagnum
715 4091 797 4141 gates
810 4069 866 4124 vid.
878 4089 975 4143 cupre,
992 4075 1050 4142 αι),
1069 4072 1114 4125 sed
1134 4073 1231 4147 disjicit

160 4167 303 4222 alumnum,
318 4159 442 4230 Orphea,
451 4155 495 4210 cui
505 4151 618 4207 Threcia
630 4169 675 4224 pa·
722 4151 827 4222 agmina
841 4153 914 4203 clava
929 4153 1015 4213 secia,
1038 4169 1118 4224 quem
1133 4153 1232 4225 ubique

160 4241 228 4309 tris,
246 4242 325 4308 sestis
348 4241 464 4290 assistere
485 4238 574 4288 mensis
600 4251 674 4284 uersus
719 4229 839 4282 comitem
853 4227 980 4296 beheim,
992 4241 1132 4301 ssertmptn.
