3192 5128
300 514 346 584 P.
369 509 617 586 BURMANNI
641 515 878 587 PRAEFATIO
901 519 1059 591 PRIMA.
1161 551 1222 598 cnr

131 643 219 710 solo
237 645 377 735 Virgilio
393 646 596 728 discesseris,
612 647 721 712 nullus
737 645 1008 736 deprehendetur,
1023 655 1080 741 qui
1095 675 1169 722 cum
1185 681 1224 724 eo

133 753 333 842 comparari
349 769 521 820 mereatur.
534 753 649 820 Abfuit
665 752 799 842 quidem
815 755 944 846 longius
961 780 980 822 a
993 758 1141 826 felicibus
1156 767 1223 830 Au·

137 859 238 948 gusti
253 858 477 949 temporibus,
498 879 595 947 quam
616 860 785 941 Lucanum
804 859 861 924 sed
875 876 966 928 tanto
982 863 1222 949 intervallode··

137 965 361 1030 clamatorem
376 965 470 1030 illum
484 981 558 1054 post
574 987 608 1030 se
625 965 772 1053 reliquit,
789 981 827 1030 ut
842 987 974 1054 operam
990 968 1103 1036 ludere
1119 972 1223 1040 videri

138 1086 280 1158 posset,
294 1069 352 1158 qui
368 1092 424 1136 eos
438 1070 523 1136 inter
537 1092 572 1136 se
586 1091 783 1161 componere
795 1071 882 1136 velit.
900 1071 990 1139 Nihil
1010 1075 1098 1140 enim
1117 1078 1221 1146 Luca·

141 1197 215 1240 nus
237 1174 407 1265 preastitit,
427 1173 518 1264 quod
539 1175 602 1263 ipsi
626 1190 729 1263 poetae
754 1195 875 1240 nomen
900 1178 1222 1270 conciliareposset3

143 1305 260 1372 neque
281 1299 512 1373 argumentum
536 1283 629 1371 epico
652 1284 794 1348 carmine
818 1283 955 1374 dignum
977 1279 1091 1377 elegit,
1115 1311 1223 1380 neque

144 1386 272 1480 lingere
288 1411 343 1471 ea,
358 1411 430 1477 quae
443 1388 614 1454 heroicum
629 1389 780 1477 spiritum
795 1387 965 1472 decerent,
982 1393 1092 1459 valuit.
1108 1395 1223 1486 Perpe-

145 1511 226 1559 tuus
246 1493 454 1576 declamator,
466 1510 499 1559 et
516 1494 586 1558 sine
600 1494 672 1560 ullo
682 1493 826 1577 judicio,
842 1495 955 1561 inanes
972 1497 1127 1586 quasdam
1145 1525 1221 1568 seu·

146 1600 287 1682 tertias,
311 1615 350 1665 ut
372 1600 602 1682 scholasticus,
627 1599 820 1680 infarciens,
837 1615 966 1668 tumore
989 1619 1023 1668 et
1044 1604 1131 1672 farm
1148 1609 1220 1673 solo

145 1707 346 1796 conspicuus
361 1722 430 1788 est;
446 1705 589 1795 denique
605 1706 640 1770 in
659 1721 730 1770 toto
745 1722 916 1794 poemate,
937 1707 1021 1774 nihil
1034 1711 1153 1798 poetici
1168 1736 1221 1778 ar.

146 1813 296 1902 gumenti
318 1828 376 1878 aut
396 1811 528 1900 spiritus
550 1825 693 1900 apparet.
715 1810 799 1876 Nam
821 1833 891 1875 non
909 1833 1077 1878 moramur
1089 1839 1220 1904 parrer.

147 1941 221 1983 sum
234 1918 368 1983 illorum
379 1917 554 1982 hominum
567 1915 744 1999 judicium,
764 1916 822 2004 qui
834 1917 942 1982 omnis
956 1917 1131 2008 disciplina
1142 1946 1220 2011 poe·

147 2025 218 2089 tieae
235 2023 452 2114 ignarissimi,
469 2023 576 2089 statim
597 2023 788 2111 scriptorem
805 2039 1002 2089 venerantur
1015 2041 1049 2090 et
1065 2027 1217 2096 laudibus

147 2129 180 2192 in
196 2129 313 2193 celum
328 2127 474 2209 vehunt,
490 2127 549 2192 ubi
566 2148 677 2218 graves
694 2123 847 2214 quasdam
865 2125 906 2192 de
922 2128 1069 2195 moribus
1085 2149 1217 2199 senten·

147 2232 224 2315 tias,
241 2249 276 2298 et
290 2233 403 2322 longas
417 2231 460 2298 de
476 2232 562 2299 vitiis
578 2247 635 2296 aut
651 2231 827 2297 virtutibus
847 2231 1101 2321 disputationes,
1117 2241 1218 2306 versi·

146 2337 207 2402 bus
222 2336 475 2426 comprehensas
491 2335 675 2403 offendunt.
690 2337 781 2402 Nihil
789 2337 877 2403 enim
888 2340 1018 2405 stultius
1028 2358 1061 2405 et
1073 2343 1216 2432 ineptius

145 2442 235 2533 fingi,
247 2458 305 2507 aut
314 2442 378 2508 dici
389 2458 507 2532 potest,
519 2464 618 2531 quarn
631 2459 762 2531 poetam
774 2441 942 2508 historiam
951 2446 1127 2532 quamdam
1137 2473 1217 2517 oon·

146 2550 303 2632 scribere,
318 2565 352 2614 et
365 2549 452 2614 illam
467 2549 569 2614 acutis
580 2548 844 2614 scholasticorum
858 2552 1026 2616 sententiis
1038 2553 1214 2624 illustrare:

145 2655 226 2742 epici
244 2656 333 2719 enim
351 2669 455 2743 poetae
470 2670 577 2743 partes
595 2669 673 2719 sunt
687 2653 875 2741 praeclarum
894 2655 1026 2744 aliquod
1042 2659 1150 2726 herois
1168 2662 1214 2728 fa·

145 2775 234 2825 ctum
250 2761 296 2824 ob
310 2761 425 2825 oculos
438 2781 577 2849 ponere,
594 2757 685 2848 quod
700 2759 744 2823 ita
757 2758 874 2824 fabulis
891 2776 924 2824 et
940 2762 1125 2830 ministeriis
1140 2766 1215 2834 deo·

144 2891 217 2932 rum
234 2867 393 2957 implicari
411 2866 528 2950 debet,
545 2884 583 2932 ut
599 2865 709 2930 omnia
726 2866 835 2954 potius
852 2889 870 2930 a
889 2885 985 2954 poeta
1004 2867 1094 2953 ficta,
1113 2887 1211 2963 quarn

144 2975 292 3064 religiose
307 2990 434 3039 narrata
447 2996 515 3040 esse
530 2973 712 3038 videantur.
727 2973 834 3036 Omne
849 2989 958 3038 autem
972 2991 1076 3062 poetae
1091 3000 1211 3045 munus

144 3081 209 3145 sola
226 3081 365 3146 heroicae
381 3081 474 3145 istius
494 3080 629 3146 actionis
646 3079 832 3144 narratione
855 3079 1046 3163 absolvitur,
1066 3105 1138 3169 quae
1153 3109 1211 3173 per

144 3207 256 3250 omnes
274 3186 358 3274 epici
374 3185 632 3276 carminis‘leges
653 3200 686 3249 et
703 3201 809 3272 partes
829 3185 1007 3274 producta,
1024 3187 1126 3252 vicem
1144 3191 1212 3256 ina·

143 3292 233 3356 nium
251 3291 510 3380 disputationum
528 3291 660 3380 implet,
679 3307 711 3356 et
736 3312 804 3356 non
828 3306 892 3354 tam
913 3315 952 3356 er
975 3295 1209 3362 sententiarum

143 3398 287 3485 pondere
305 3414 337 3463 et
352 3398 513 3463 dictorum
529 3400 701 3487 gravitate,
719 3419 816 3484 quarn
833 3419 872 3462 ex
886 3398 954 3487 ipsa
970 3399 1096 3464 actione
1110 3403 1211 3470 lector

143 3527 178 3568 ea
191 3505 357 3571 addiscere
370 3493 485 3587 debet',
503 3527 575 3593 quae
588 3521 683 3593 poeta
696 3505 813 3570 docere
829 3505 938 3570 animo
951 3527 1012 3570 suo
1026 3512 1207 3598 proposuit.

142 3613 212 3700 Ipsa
226 3612 363 3676 illustria
375 3627 522 3676 veterum
537 3612 676 3675 heroum
691 3626 798 3700 gesta,
815 3611 881 3676 sive
901 3634 973 3700 quae
993 3614 1126 3702 gessisse
1144 3615 1207 3682 fin·

141 3735 282 3807 guntur,
305 3718 431 3782 animos
454 3718 632 3807 legentium
656 3715 801 3796 afficere,
821 3733 854 3782 et
873 3718 1034 3784 attrahere
1057 3737 1207 3808 oportet,

139 3825 253 3913 procul
272 3845 342 3888 esse
358 3825 464 3888 omnis
484 3845 565 3887 rana
582 3840 616 3888 et
631 3823 817 3888 umbratilis
829 3823 1007 3906 subtilitas,
1022 3841 1054 3888 et
1069 3827 1206 3915 simplex

139 3946 171 3994 et
184 3929 272 3995 nuda
284 3931 426 3994 narratio
438 3945 539 3994 totam
552 3939 681 3993 tutandas
691 3929 855 3993 absolvere
872 3927 979 3994 debet.
992 3930 1121 4019 Inspice
1134 3955 1206 3996 om·

139 4037 230 4100 nium
242 4059 407 4102 consensu
416 4035 563 4100 habitum
575 4051 743 4124 poetarum
754 4034 932 4123 principem
943 4036 1132 4125 Virgilium,
1148 4041 1206 4126 qui

139 4165 202 4207 una
219 4143 323 4223 serie,
345 4143 386 4206 ab
410 4143 503 4211 initio
518 4141 629 4206 divini.
641 4141 747 4229 operis
767 4141 809 4206 ad
830 4139 928 4206 finem
950 4164 1072 4229 usque,
1091 4167 1204 4208 verum

137 4264 267 4336 poetam
285 4248 369 4338 agit,
387 4247 504 4316 unicus
520 4248 553 4312 in
571 4246 769 4314 delineandis
788 4247 848 4328 iis,
864 4270 936 4335 quta
951 4249 992 4313 ab
1007 4249 1107 4313 heroe
1126 4271 1205 4333 suo,
