3122 5126
396 521 1485 566 *Dmffltmmmmfflmmfflmm

541 783 919 853 ,tRGONAUTICAE
951 783 1325 854 EXPEDITIONIS

766 999 1106 1088 HISTORIA

420 1237 444 1281 A
470 1235 674 1283 ttunuurto
700 1235 812 1283 estro
837 1236 987 1284 Lttttttst
1014 1237 1035 1281 lt
1059 1233 1178 1283 venus
1203 1239 1460 1286 scntrrontotts

836 1335 1028 1418 Excisum.

735 1573 1127 1606 W

662 1780 789 1842 Iasonis
809 1791 840 1840 et
854 1777 983 1862 l’luyxi
996 1778 1199 1868 genealogia.

397 1923 607 2053 Quaruor
636 1949 771 2013 fuerunt
797 1951 1025 2014 Deucaliones:
1046 1973 1130 2015 unus
1156 1951 1277 2017 Minois
1305 1951 1407 2036 lilius,
1428 1952 1479 2016 de

396 2085 463 2153 quo
487 2041 709 2147 Plreiccydes;
726 2057 817 2136 alter,
837 2055 878 2120 de
897 2077 963 2142 quo
982 2055 1181 2138 Hellanicus3
1202 2057 1315 2120 tertius
1331 2058 1477 2122 Abantis

395 2170 500 2251 filius,
517 2166 558 2231 de
589 2187 655 2254 quo
680 2163 860 2251 Aristippus
890 2161 924 2224 in
949 2161 1112 2226 Arcadicis
1143 2164 1343 2227 mentionem
1374 2164 1475 2247 facit;

398 2291 533 2364 quartus
548 2295 627 2337 vero
650 2269 799 2338 omnium
825 2267 1068 2355 antiquissimus
1087 2291 1126 2334 cx
1143 2268 1339 2334 Prometheo
1362 2271 1475 2359 Iapeti

395 2383 477 2464 lilio,
500 2397 533 2444 et
555 2377 703 2443 Pandora
729 2391 839 2456 natus,
857 2391 895 2438 ut
918 2373 1029 2437 scribit
1056 2373 1232 2439 Hesiodus:
1250 2376 1306 2463 qui
1323 2376 1473 2464 primus,

395 2487 570 2578 Apollonio
586 2500 679 2567 teste,
690 2483 788 2547 urbes
805 2480 961 2561 condidit,
974 2495 1007 2544 et
1017 2480 1101 2544 tedes
1115 2481 1252 2546 deorum
1266 2485 1475 2564 construxit,

395 2596 586 2684 primusque
605 2591 755 2682 omnium
772 2587 958 2651 mortalium
977 2587 1131 2676 regnavit.
1146 2587 1177 2651 Is
1192 2587 1367 2676 Pyrrham,
1386 2590 1473 2677 Epi-

395 2700 515 2764 methei
533 2697 642 2778 liliam,
652 2717 788 2759 uxorem
806 2693 914 2775 duxit,
927 2708 965 2757 ut
980 2708 1116 2756 testatur
1128 2692 1289 2757 Hesiodus
1307 2695 1340 2757 in
1358 2695 1472 2783 primo

394 2807 564 2893 catalogos
574 2851 583 2885 ,
594 2802 635 2867 de
647 2801 739 2881 cujus
753 2800 886 2864 nomine
899 2815 965 2863 tota
977 2798 1142 2862 Thessalia
1157 2799 1279 2888 Pyrrha
1290 2801 1352 2863 fuit
1364 2801 1471 2882 dicta,

393 2913 418 2975 si
437 2912 564 2975 Rhiano
580 2925 685 2997 poetoe
702 2906 816 2970 Graeco
834 2903 912 2968 fides
927 2903 1077 2968 habenda
1094 2920 1144 2968 est
1161 2903 1299 2970 dicenti:

547 3063 643 3133 Πὺῥραν
657 3055 754 3116 dissors
771 3059 815 3116 τήν
834 3077 863 3128 γι
877 3059 1036 3128 παλαιότιροι
1057 3059 1203 3123 καλέεσκον,

546 3159 640 3229 Πὺῥρης
657 3156 819 3214 Δωκαλίωνος
837 3155 882 3206 ἀπ’
894 3154 997 3222 ἀρχαίης
1014 3153 1120 3220 ἀλόχοιο.

539 3255 692 3327 Accipimus
701 3253 795 3325 priscis
804 3251 874 3304 hunc
884 3251 1015 3324 Pyrrham
1030 3249 1138 3303 nomine
1150 3249 1248 3303 dictam

538 3345 653 3415 Antiqua
667 3340 769 3412 antiqui
782 3340 815 3392 de
829 3342 942 3412 conjuge
951 3339 1127 3392 Deucalionis.

393 3499 489 3564 Unde
513 3498 610 3562 etiam
627 3497 683 3584 qui
705 3518 744 3558 ex
767 3494 972 3560 Deucalionis
991 3511 1109 3583 genere
1127 3494 1280 3578 fuerunt,
1294 3495 1468 3561 Thessaliae

393 3626 530 3694 regnum
557 3619 711 3682 tenuere,
730 3617 768 3665 ut
789 3601 936 3665 scribunt
958 3599 1141 3680 Hesiodus,
1164 3616 1196 3662 et
1217 3601 1388 3666 Hecateus.
1416 3604 1466 3665 Ex

392 3709 590 3774 Deucalione
606 3723 701 3770 natus
719 3723 767 3770 cst
784 3707 917 3788 Hellen,
932 3729 971 3770 ex
987 3706 1052 3769 hoc
1064 3703 1200 3787 AEolus,
1218 3705 1273 3794 qui
1288 3722 1464 3770 ventorum

392 3816 550 3879 rationem
570 3813 731 3878 invenisse
749 3813 880 3893 dicitur,
895 3829 933 3876 ut
948 3811 1045 3876 tradit
1064 3811 1206 3894 Plinius,
1223 3811 1284 3876 Vll
1301 3811 1467 3877 Naturalis

392 3921 534 3984 historice
547 3919 641 3982 libro.
652 3918 701 3984 Ab
713 3919 781 3982 aliis
795 3933 902 3980 tamen
917 3917 997 3981 alius
1010 3917 1222 3999 existimatur,
1235 3916 1353 4005 quibus
1363 3921 1465 4010 magis

391 4027 527 4092 accedo:
544 4043 607 4089 tres
631 4026 719 4088 enim
745 4023 879 4088 fuerunt
894 4024 998 4105 AEoli,
1015 4046 1102 4088 unus
1121 4025 1178 4112 qui
1200 4025 1233 4088 in
1257 4025 1371 4089 insulis
1392 4050 1410 4090 a
1430 4049 1466 4090 se

393 4131 608 4196 denominatis
625 4129 787 4219 regnavit,
801 4145 899 4217 atque
918 4152 957 4193 ex
981 4151 1091 4192 earum
1114 4131 1206 4193 fumo
1219 4147 1400 4194 ventorum·
1411 4155 1463 4195 ra·

391 4238 497 4303 tiones
518 4234 750 4326 deprehendit,
779 4235 860 4299 alter
890 4234 947 4322 qui
977 4235 1010 4298 iu
1035 4235 1163 4300 Etruria
1185 4238 1348 4326 regnarit,
1370 4236 1464 4316 cujus
