3198 5106
645 479 680 542 C.
705 477 901 540 VALERll
928 475 1103 542 FLACCI

390 616 480 680 Mors
487 612 585 690 bona,
593 608 673 673 dum
681 623 786 672 metus
795 621 854 688 est,
863 629 924 672 neo
930 607 1038 672 adhuc
1046 606 1215 673 dolor.Hei
1222 607 1468 674 mibilColcbos

391 725 486 791 Unde
503 746 579 812 ego,
597 737 630 786 ot
645 723 748 786 avecti
764 721 945 786 timuissem
961 723 1076 786 vellera
1093 723 1235 811 Phryxi?

357 817 359 822 ,
392 841 485 922 Quos
498 837 564 918 jam
580 852 691 901 mente
707 835 793 918 dies,
811 859 910 924 quam
927 860 1008 902 saeva
1024 838 1188 904 insomnia
1203 839 1287 904 euris

391 954 578 1042 Prospicio!
595 953 724 1041 quoties
740 974 855 1017 raucos
871 951 913 1016 ad
928 953 1031 1016 litoris
1046 953 1129 1017 ictus
1379 974 1418 1014 πο

391 1069 564 1150 Delicium,
579 1067 762 1157 scythicum
780 1083 928 1132 metuens
945 1084 1152 1156 pontumque
1167 1069 1364 1158 polumque;

302 1247 306 1256 .
392 1188 462 1252 Neo
478 1185 518 1249 de
534 1201 565 1248 te
581 1183 710 1273 credam
728 1184 848 1247 nostris
864 1185 989 1273 ingrata
1000 1183 1142 1254 serenis!

393 1303 461 1382 Da,
478 1323 609 1389 precor,
625 1299 809 1387 amplexus,
826 1299 1016 1386 baesuraque
1026 1300 1124 1363 verbu
1139 1299 1287 1387 relinque

393 1414 555 1495 Auribus,
571 1429 604 1476 et
619 1411 707 1477 dulci
720 1413 787 1492 jam
803 1436 893 1478 nunc
908 1437 1020 1502 preme
1036 1415 1159 1478 lumina
1175 1413 1319 1479 dextra.»

392 1529 523 1594 Talibus
539 1527 705 1593 Alcimede
721 1545 852 1611 munet,
869 1527 926 1597 sed
941 1529 1059 1594 fortior
1069 1529 1172 1594 AEson
1379 1549 1417 1588 ns

394 1645 552 1709 Attollens
569 1642 663 1708 dictis
679 1644 825 1708 animos:
843 1645 897 1708 «Ο
914 1644 942 1708 si
957 1643 1039 1722 mibi
1055 1644 1203 1733 sanguis,

396 1760 545 1842 Quantus
562 1775 646 1841 erat,
664 1781 768 1846 quum
783 1759 939 1849 signifero
955 1775 1077 1824 cratere
1092 1760 1271 1823 minantem

381 1945 434 1992 330.
448 1946 544 1991 Paucos.
553 1947 606 1990 Vat.
620 1953 644 1990 et
658 1946 748 1990 Boron.
766 1945 836 1990 eodd.
853 1947 942 1992 Bonon.
959 1946 969 1990 Ι
986 1953 1009 1990 et
1023 1946 1053 1990 ll.
1068 1946 1132 1990 Junt.
1149 1946 1249 1992 Rauoos.
1261 1943 1314 1991 Ald.
1325 1969 1356 1980 -
1366 1942 1420 2004 337.

350 2028 493 2086 Ponmmque
507 2027 645 2085 cretamque.
656 2024 761 2068 Votieno.
774 2033 797 2068 et
808 2023 897 2068 bonon.
908 2023 977 2068 oodd.
992 2026 1081 2069 Bonon.
1095 2023 1105 2068 Ι
1121 2031 1145 2068 et
1160 2023 1190 2068 ΙΙ.
1206 2027 1270 2070 lunt.
1286 2027 1420 2086 Cytamqne.

349 2108 434 2158 Moser.
447 2106 507 2152 etus.
520 2106 618 2152 Pomm
628 2107 781 2166 Boreamque.
789 2103 842 2150 Ald.
852 2129 884 2138 -
892 2104 946 2164 337.
954 2105 1095 2164 Signiferum
1106 2115 1193 2152 cratem
1204 2108 1287 2152 ainaim
1301 2108 1354 2152 Vnt.
1367 2106 1422 2152 eod.

349 2185 532 2232 meudoslssime.
543 2186 669 2229 suanum.
683 2184 741 2228 bon.
753 2182 806 2228 cod.
820 2185 877 2229 Bon.
892 2184 903 2228 Ι
915 2193 938 2228 et
950 2183 980 2228 ll.
997 2185 1136 2229 Minatium.
1146 2184 1199 2230 Ald.
1212 2210 1242 2220 -
1253 2185 1306 2231 ³38.
1318 2185 1422 2231 Tbobtm.

350 2265 424 2312 Vatie.
435 2273 459 2310 et
470 2265 563 2308 Bonon.
576 2260 645 2306 codd.
659 2261 770 2306 Bonon.l
782 2270 805 2304 et
814 2262 845 2305 ll.
856 2262 869 2305 J
872 2269 920 2305 unt.
931 2260 1036 2306 Pholum.
1046 2261 1100 2307 Ald.
1110 2271 1165 2322 post
1172 2263 1279 2309 Sabellio.
1289 2265 1333 2309 En.

350 2421 421 2471 allud
436 2423 543 2468 Forma
557 2433 635 2483 paros
643 2453 652 2478 ,
672 2411 798 2466 miserere
814 2431 862 2484 pe·
906 2425 1034 2468 metuam.
1052 2417 1118 2481 Qun
1131 2435 1213 2488 quum
1226 2417 1262 2470 ita
1275 2416 1422 2472 inclemen-

351 2508 472 2559 rentum;
486 2494 642 2548 nolisaltem
654 2491 803 2546 adnostros
817 2511 863 2544 au·
906 2493 943 2546 tia
957 2513 1013 2548 esse
1026 2497 1128 2549 soleant
1141 2535 1148 2560 ,
1164 2496 1275 2569 quidni,
1292 2497 1341 2550 etsi
1354 2517 1423 2553 tere-

350 2597 391 2631 res
408 2575 549 2648 pervenire
567 2584 679 2626 mortem
694 2583 862 2635 nostrorum,
907 2572 975 2626 nitas
983 2575 1010 2625 in
1017 2575 1154 2630 Thessalia
1160 2589 1251 2629 nostra
1258 2595 1363 2630 summa
1372 2577 1421 2643 sit,

351 2676 414 2710 nam
426 2675 492 2706 mon
509 2658 574 2705 bono
591 2663 644 2715 est,
659 2657 717 2704 diuo
730 2667 805 2702 rnems
818 2665 861 2703 est.
907 2652 955 2704 tibi
962 2665 1051 2706 tamen
1057 2659 1170 2723 ingrata,
1187 2646 1286 2708 malum
1296 2655 1421 2728 aliquod,

351 2736 413 2788 Huc
431 2736 489 2807 ipsa
508 2731 636 2785 sententia
653 2731 752 2784 Seneca
774 2729 865 2800 aliquo
909 2750 941 2784 eo
957 2732 1015 2803 ipso
1033 2744 1154 2804 tempore
1170 2734 1291 2788 aecidere
1310 2737 1421 2790 sortasse

352 2813 433 2886 digna
459 2813 494 2865 ob
517 2811 670 2864 brevitatem
694 2809 865 2881 argutiorque
909 2811 1017 2864 credam
1029 2812 1125 2883 posse?

352 2912 432 2966 qnam
442 2911 492 2964 pro
501 2890 599 2944 affectu
609 2889 742 2959 loquentis
750 2887 865 2953 videtum
946 2893 1008 2945 333.
1024 2897 1078 2952 Da,
1089 2913 1190 2961 precor,
1206 2899 1347 2964 arnpleaus,
1364 2915 1421 2949 non

352 2973 506 3027 necatum
527 2987 633 3022 sensnm
657 2969 797 3040 exsculpo,
815 2969 866 3021 nisi
910 2971 1030 3026 excident
1039 2972 1129 3025 animo
1138 2974 1229 3026 ultima
1237 2973 1296 3027 vale
1306 2976 1370 3028 mibi
1379 2975 1421 3028 di·

248 3063 254 3072 “
353 3054 444 3107 bunc:
459 3057 540 3111 Mors,
554 3053 612 3101 dum
623 3063 758 3110 memisse,
772 3067 865 3119 quam·
910 3051 1363 3121 centisverba,etdulcijamnuuc‚
1376 3056 1422 3108 ubi

354 3133 401 3186 diu
417 3149 525 3194 eorum,
540 3147 608 3200 quos
626 3143 702 3182 euros
718 3128 865 3191 babemus,
909 3143 983 3202 potes
992 3169 999 3194 ,
1006 3151 1091 3200 preme
1101 3137 1194 3184 lumina
1204 3136 1303 3184 dextra.

353 3212 495 3266 metuimus
511 3220 640 3271 mortem,
658 3207 711 3259 boc
728 3207 821 3262 saltem
835 3223 866 3262 ee
946 3210 1077 3264 elevate
1089 3210 1145 3263 silio
1158 3210 1223 3264 dicit
1236 3212 1314 3264 etiam
1326 3217 1419 3274 AEsoae,

353 3293 417 3344 boni
432 3291 529 3353 babet,
551 3300 581 3340 ut
598 3299 687 3342 tamen
708 3285 786 3339 liceat
808 3304 866 3357 spo-
910 3289 1002 3340 fortior
1010 3301 1097 3341 tamen
1109 3327 1116 3352 ‚
1127 3309 1182 3343 non
1190 3289 1353 3343 muliebriter
1360 3311 1423 3362 qne·

352 3388 429 3434 rare3
441 3369 463 3422 si
474 3367 600 3422 accidisse
611 3382 704 3418 revera
716 3365 866 3430 nuntiatur,
910 3367 1003 3431 nulus,
1022 3367 1068 3420 sed
1089 3367 1224 3440 gaudens,
1242 3369 1313 3443 quod
1330 3371 1422 3423 Iasoni

354 3460 410 3502 tum
422 3447 488 3501 nihil
500 3446 551 3499 nisi
563 3443 641 3498 dolor
653 3454 752 3506 restat3
771 3445 808 3497 sio
822 3463 866 3515 ep.
912 3465 960 3501 suo
971 3465 1060 3500 rerum
1074 3449 1177 3519 egregie
1187 3447 1362 3519 gerendarum
1377 3467 1422 3502 oe·

352 3527 432 3582 Ovid.
440 3528 550 3580 Metam.
558 3525 635 3587 XIV,
643 3521 868 3595 488,indignatur
912 3526 1043 3579 ostionem
1054 3524 1175 3580 dederint
1183 3527 1235 3591 dii;
1246 3526 1290 3580 sed
1300 3545 1421 3599 sperans,

354 3610 474 3679 Agmon,
488 3602 561 3676 quod
571 3601 726 3665 Diomedes,
740 3603 776 3654 ob
784 3604 869 3656 Vene-
911 3606 986 3669 fore,
1007 3616 1036 3656 ut
1053 3603 1146 3658 iisdem
1165 3604 1216 3658 diis
1234 3607 1423 3661 auxiliantibus

353 3687 390 3741 ris
399 3697 514 3748 metum,
526 3682 654 3746 auxilium
662 3681 764 3734 Rutulis
773 3694 867 3753 neget:
911 3695 1018 3757 peragat
1028 3683 1112 3756 jussa.
1126 3685 1205 3750 Quod
1224 3705 1296 3739 senes
1312 3699 1422 3751 amant,

361 3793 371 3815 ι
385 3768 454 3830 Dum
464 3768 556 3838 pejora
565 3762 701 3825 timentur,
713 3762 759 3814 Est
769 3763 797 3814 in
808 3773 869 3815 vota
912 3765 1038 3835 temporis
1051 3764 1102 3816 acti
1117 3784 1258 3837 rerumque
1271 3785 1286 3818 a
1300 3785 1327 3818 se
1339 3777 1424 3836 geste·

354 3847 449 3900 locus:
465 3861 521 3898 sors
535 3855 623 3895 autem
642 3841 686 3894 ubi
701 3840 814 3912 pessima
828 3860 869 3893 re-
913 3862 972 3896 rnm
986 3841 1151 3907 laudatores,
1165 3844 1235 3898 idem
1245 3845 1307 3897 lsoit
1317 3848 1410 3897 AEson.

354 3944 414 3980 rum
421 3963 429 3990 ,
441 3924 496 3979 Sub
508 3922 621 3994 pedibus
632 3921 711 3974 timor
722 3931 760 3974 est
770 3958 778 3983 ,
790 3933 840 3973 etc.
850 3945 861 3967 ι
948 3923 1009 3976 336.
1027 3929 1049 3974 0
1066 3926 1089 3974 si
1104 3929 1164 3975 initi
1179 3929 1281 3993 sanguis
1301 3924 1423 3995 (sanguis

391 4006 452 4057 330.
462 4005 557 4069 Quoties
567 4019 654 4054 raucos
664 4005 700 4052 ad
707 4005 782 4054 litoris
790 4004 864 4062 icus,
909 4001 1011 4072 integer
1027 4001 1092 4064 evi,
1110 4003 1187 4073 Virg.
1200 4007 1261 4058 AEn.
1274 4005 1319 4067 ΙΙ,
1337 4005 1422 4072 638),

354 4083 449 4138 fluctus
460 4081 537 4136 litora
546 4093 638 4134 nostra
646 4081 814 4133 verberantes
823 4085 867 4133 de·
911 4082 987 4151 vigor
999 4093 1066 4133 esset
1080 4081 1141 4144 ille,
1158 4082 1244 4152 qualis
1257 4095 1330 4144 erat,
1349 4103 1423 4151 quum

347 4166 454 4236 ficiam,
472 4161 585 4214 sollicita
601 4180 664 4225 ero,
681 4161 758 4212 toties
773 4161 868 4212 multo-
911 4159 1042 4228 signifero,
1058 4161 1164 4224 oaelato,
1182 4179 1276 4214 cratero
1290 4166 1424 4214 nunonem

355 4241 868 4315 quemagisscyeb'cumetmareetcelum
912 4243 1028 4301 Plolwn,
1052 4253 1208 4294 centaurum
1226 4241 1423 4298 bibaoissimum
