3196 5120
386 457 786 527 ARGONAUTlCON
814 463 901 528 ΜΒ.
924 464 992 528 ΙΙΙ.
1163 465 1223 554 189

200 587 378 678 lampada,
393 588 521 654 turbata
535 582 694 678 Phlegyas
710 589 853 658 decurrit
870 593 910 658 ab
925 616 1015 677 aroe3
1185 617 1220 656 ns

200 705 258 769 Ille
272 703 358 768 leves
377 701 418 768 de
434 726 528 768 more
541 725 674 787 manus,
692 706 858 794 aciemque
870 707 1039 799 Pelasgum
1075 795 1077 798 Ι

197 819 259 884 Per
275 832 408 884 noctem
423 839 582 888 remeasse
600 835 704 902 rame,
722 821 918 910 pulsumque
934 825 1101 912 requirens

197 934 287 1020 Saepe
301 931 364 997 sibi
380 953 463 996 vano
480 931 681 1021 Thamyrum
698 934 839 998 clamore
854 935 985 1022 petebat

190 1047 345 1129 Arduus,
362 1062 396 1111 et
410 1047 474 1112 late
491 1046 631 1112 fumanti
649 1047 738 1111 nuhe
755 1070 926 1114 oomscus:

199 1163 349 1246 Quantus
363 1161 421 1225 ubi
438 1161 600 1226 immenso
615 1162 780 1250 prospexit
797 1161 838 1226 ab
854 1155 972 1228 aethere
983 1165 1143 1253 Typhon,
1182 1187 1219 1225 n„

198 1279 276 1368 Igne
293 1277 390 1342 simul
402 1277 574 1365 ventisque
589 1277 728 1358 rubens,
746 1299 842 1366 quem
860 1277 986 1366 Jupiter
999 1279 1063 1343 alte

197 1393 294 1457 Crine
310 1407 416 1474 tenet5
435 1390 597 1480 trepidant
615 1389 687 1456 diro
705 1391 766 1456 suh
782 1392 907 1470 lumine
922 1414 1059 1482 puppes.

196 1508 334 1572 Tollitur
351 1507 445 1590 hino,
461 1519 618 1593 totusque
631 1505 697 1570 ruit
712 1505 904 1594 Tirynthius
921 1529 1014 1591 arm,

197 1624 333 1688 Pectore
349 1638 436 1687 certa
451 1643 567 1710 regens
583 1619 714 1686 adversa
730 1620 853 1709 spicula
867 1619 1010 1707 flamma,

195 1739 259 1803 Per
272 1737 382 1828 piceos
398 1757 531 1802 accensa
548 1735 682 1825 globos:
696 1751 730 1799 et
745 1751 858 1824 pectus
873 1736 1000 1802 arundo
1179 1759 1216 1799 1³⁵

184 1927 235 1976 ns.
252 1926 291 1976 Ab
305 1928 366 1976 urbe.
382 1926 458 1976 vatic.
476 1933 501 1974 et
520 1927 610 1974 Bonou
625 1924 695 1973 codd.
707 1925 751 1974 llo.

153 2097 271 2153 tendunt.
281 2098 448 2154 Burmannus
458 2096 493 2150 ita
503 2094 661 2169 expedient
704 2094 1216 2170 celodejecti,ideoqueduasdiversao

152 2183 215 2231 bella
233 2196 284 2251 pro
304 2181 372 2240 tela,
389 2197 465 2229 manu
488 2195 538 2250 pro
560 2195 660 2228 maniam
704 2174 807 2228 subulas
821 2174 923 2229 miscet.

151 2257 215 2330 poni
228 2257 299 2310 velit.
314 2257 354 2309 De
367 2275 442 2307 manu
457 2255 534 2308 facile
548 2271 660 2307 cousen-
742 2255 801 2308 133.
811 2257 990 2319 Tollimrlr'oc3
1009 2275 1039 2308 ex
1049 2258 1129 2312 altera
1140 2275 1214 2332 parte

150 2337 204 2400 tio,
215 2349 242 2388 et
251 2335 366 2408 potiores
379 2337 414 2388 ito
428 2334 488 2387 libri
499 2334 659 2404 praeferunt,
703 2345 795 2386 contra
803 2332 876 2386 hunc
884 2333 1036 2407 Phlegyan,
1046 2351 1154 2407 totusque
1165 2345 1215 2394 rur't

150 2434 204 2467 non
215 2415 278 2468 item
290 2413 399 2467 debellt's
406 2451 415 2475 ,
427 2413 526 2483 quihus
536 2411 603 2464 nihil
615 2412 663 2464 lu··
703 2417 819 2464 Hercules
832 2432 893 2465 arcet
901 2451 909 2477 ,
929 2418 1034 2466 adversa
1041 2419 1149 2486 statmua
1161 2415 1211 2489 spi'.

150 2511 342 2558 cramur3nam
350 2503 462 2563 utraque
473 2491 587 2543 formula
596 2511 657 2542 con·
701 2494 1212 2562 culaoertaregenspeotore.Obscuriora

150 2593 228 2625 serere
237 2573 312 2623 mdnu
321 2575 385 2623 bella
395 2607 402 2634 ,
413 2582 439 2622 et
449 2589 575 2621 conserere
582 2589 658 2621 manu
702 2569 758 2622 haec
772 2581 797 2621 et
815 2569 938 2623 asterisco
951 2570 985 2623 ab
998 2571 1141 2630 editoribus
1160 2597 1210 2632 no-

150 2656 197 2704 relo
209 2649 314 2703 insolita
328 2660 388 2702 sunt
405 2648 521 2711 Latinis,
536 2647 582 2719 qui
596 2665 657 2700 eon·
701 2659 754 2700 tata
767 2661 837 2700 recte
846 2660 933 2701 tamen
943 2648 1041 2704 habere
1051 2657 1208 2722 putaverim.

150 2749 228 2782 serere
247 2749 363 2790 manum,
378 2747 492 2796 pugnam
505 2765 513 2791 ,
528 2730 655 2794 pralium,
700 2727 774 2790 Hoc,
784 2726 834 2778 uisi
846 2746 889 2778 me
901 2728 990 2780 omnia
1002 2729 1114 2795 fallunt,
1126 2735 1211 2789 voluit

152 2813 242 2862 eudem
253 2809 332 2878 (infra
342 2815 350 2872 ,
360 2827 387 2861 v.
398 2809 459 2877 274)
469 2804 658 2866 diceresolent.
703 2819 778 2877 poeta
796 2821 804 2859 t
822 2805 948 2859 Hercules
964 2805 1047 2877 ipsam
1068 2809 1211 2867 adversarii

149 2888 235 2942 Possis
245 2887 323 2941 etiam
334 2885 421 2957 legere
434 2887 515 2938 :Inde
523 2903 602 2953 vagce
614 2905 661 2937 neo
704 2887 788 2938 facem
808 2885 836 2938 in
856 2903 934 2938 usum
957 2887 1086 2941 convertit
1107 2909 1210 2958 suum3

151 2972 199 3020 tela
213 2969 306 3026 modis,
318 2985 363 3017 nee
373 2967 469 3016 casibus
481 2967 558 3015 isdem
572 2983 659 3016 conse·
703 2976 781 3036 prout
788 2965 857 3017 enim
866 2965 935 3018 hanc
944 2965 987 3018 ille
995 2968 1092 3032 movit,
1101 2969 1136 3022 ita
1146 2971 1210 3025 ller-

149 3049 219 3098 n'tere
226 3065 324 3098 manus.
336 3045 413 3098 Certe
421 3041 493 3114 apud
503 3043 591 3113 ipsum
603 3045 659 3096 No-
703 3045 774 3096 cules
777 3057 884 3114 pectore,
893 3041 926 3096 ad
934 3055 1024 3116 pectus
1033 3045 1140 3101 admoto
1147 3069 1211 3104 arcu

134 3137 220 3179 strum
236 3138 351 3176 contem
362 3127 410 3175 tela
424 3133 497 3187 eunt,
511 3123 566 3186 VI,
580 3123 640 3176 182.
703 3126 775 3192 (nam
784 3141 838 3175 non
849 3123 937 3194 genis,
947 3123 985 3174 uti
996 3141 1084 3188 nunc,
1097 3128 1210 3199 applica·

187 3205 246 3259 125.
256 3208 391 3273 Phlegyas,
407 3207 484 3263 leves,-
495 3200 559 3254 levis
570 3209 657 3255 artna-
703 3203 767 3255 hant
779 3201 930 3255 inferiorem
942 3220 1018 3254 arcus
1027 3216 1127 3274 partem
1142 3207 1210 3260 anti·

149 3297 231 3347 ture,
247 3301 334 3335 manus
347 3286 505 3350 Pelasgorum
518 3289 598 3334 noctu
616 3281 658 3333 in·
702 3283 760 3353 qui,
768 3280 814 3336 ted
827 3281 939 3354 pectori,
947 3281 1026 3334 Hom.
1035 3284 1067 3336 ll.
1079 3284 1130 3348 IV,
1143 3287 1209 3350 123,

150 3363 353 3424 retineretur,
378 3363 539 3426 lltamyrum,
562 3357 658 3414 ducem
701 3363 861 3436 νιύρηνμάζῳ
872 3361 1211 3435 niteott3Virg.AEn.XI‚

149 3438 658 3510 tineduhiolatronumillorum,sepius
702 3443 783 3510 tte),
806 3441 935 3512 dirigebat
952 3441 1054 3514 spicula
1077 3456 1162 3511 certa,
1182 3455 1212 3498 ut

149 3521 182 3572 oh
198 3537 227 3574 se
247 3519 397 3590 repulsum,
411 3535 508 3588 magno
521 3537 583 3571 cum
601 3518 657 3571 ola·
702 3517 774 3572 certo
793 3519 919 3582 ferirent,
931 3541 980 3589 per
1000 3525 1083 3591 piceos
1105 3543 1213 3576 aceensa

148 3619 221 3652 more
233 3610 258 3651 et
270 3599 323 3651 late
338 3595 447 3650 ardente
459 3597 517 3650 face
532 3597 656 3668 requirit,
701 3603 786 3666 globos
794 3637 802 3660 ‚
811 3617 869 3670 quse
879 3599 931 3652 tela
942 3613 988 3662 ,ut
997 3601 1142 3655 Burmanni
1151 3624 1210 3657 ver·

147 3676 221 3730 haud
236 3695 311 3729 secus
327 3695 358 3730 ec
371 3679 486 3744 Typhon,
500 3675 578 3728 turbo
591 3693 659 3728 neu·
703 3677 744 3729 bis
754 3678 1005 3750 utar,quumipsam
1014 3679 1136 3752 lampada
1145 3693 1213 3735 uen-

148 3756 181 3809 tis
190 3755 364 3828 periculosus,
373 3759 430 3823 igne
437 3792 444 3816 ,
455 3751 576 3824 fulgure,
587 3757 660 3805 simul
704 3757 799 3819 sirent,
809 3755 870 3809 inde
880 3757 966 3828 ignem
979 3773 1174 3832 conceperunt,
1186 3777 1212 3817 et

148 3839 278 3902 ventisque
291 3839 393 3894 nubens,
410 3852 481 3900 quem
502 3837 595 3900 Jupiter
608 3837 658 3884 alte
699 3853 814 3888 ,aceensa
827 3853 874 3906 per
882 3835 969 3905 piceos
979 3837 1071 3907 globos
1081 3838 1210 3907 flammo,

149 3917 216 3965 crine
231 3927 309 3975 tenet,·
322 3912 377 3967 vid.
391 3912 448 3974 VI,
465 3930 530 3982 170,
544 3911 591 3964 ubi
608 3917 658 3976 ly·
704 3912 1213 3990 pectustransfoderuntPhlegyae,unde

146 3997 249 4060 plenem
259 3995 353 4060 Jupiter
360 3995 495 4045 reverberat
501 3995 576 4044 arvis.
585 3991 660 4044 Flac·
705 3992 804 4064 duplex
817 3993 929 4057 vulnus,
943 3994 1040 4048 aleno
1053 4007 1079 4050 et
1089 3999 1124 4050 ah
1136 3999 1211 4069 igne,

149 4089 195 4124 cus
210 4069 342 4139 duplicem
352 4071 381 4123 h.
396 4070 415 4123 l.
427 4089 570 4143 personam
583 4087 661 4141 agere
706 4071 886 4142 infligebatur.

143 4149 223 4221 jubet
241 4149 399 4220 Typhonem
416 4151 460 4204 tel
482 4149 661 4222 Typhoeum,
745 4149 805 4206 135.
825 4157 909 4202 Pecus
929 4157 1025 4204 arundo
1043 4175 1091 4223 per
1111 4161 1213 4210 medion
1278 4215 1283 4218 ,

148 4228 263 4300 primam
277 4229 406 4294 turbinis,
421 4228 529 4287 alteram
543 4227 663 4303 Gigantis
708 4245 841 4309 contenta,
856 4229 923 4300 cita,
945 4231 1053 4305 rapida,
1068 4235 1153 4304 fugit,¹
1169 4240 1217 4288 ruit
