3198 5106
232 433 241 456 .
286 415 556 484 THEOPHIL.
582 411 780 482 CHRIST.
807 413 1016 481 HARLES.
1068 435 1204 484 ccxxxv

181 546 232 610 lta
249 568 328 610 vero
346 544 509 608 Valerium
536 543 687 608 Flaccum
716 543 851 608 reddere
876 543 988 608 studui
1012 559 1081 610 tum
1106 547 1205 634 copiis

139 651 319 732 majoribus
333 666 484 714 ornatum
494 697 503 730 ,
515 665 587 712 tum
598 671 669 714 mea
684 649 914 737 qualicumque
925 649 979 738 (de
993 673 1057 738 qua
1073 653 1206 740 quidem

29 799 30 846 ,
139 758 199 822 viri
223 756 312 820 docti
334 755 484 843 aequique
497 753 681 840 judicent),
697 754 901 841 aliorumque
919 776 1016 843 opera
1032 775 1206 848 purgatum

29 879 30 898 ¹
140 887 158 928 a
182 861 311 926 mendis
324 860 463 949 (quibus
487 875 595 926 tamen
620 860 774 924 omnibus
796 860 946 925 tollendis
971 883 1024 926 me
1050 862 1205 951 imparem

29 983 30 986 ’
141 969 239 1032 firisse
259 964 455 1054 confiteor),
478 981 574 1052 atque
593 964 788 1052 explicitum.
807 966 922 1053 Neque
943 981 1050 1031 tamen
1066 967 1208 1036 diffiteor

29 1083 31 1166 ,
141 1095 210 1154 me,
222 1073 249 1136 si
262 1071 479 1160 praevidissem
494 1069 676 1135 tarditatem
693 1085 725 1133 et
742 1069 975 1158 redemptoris,
986 1072 1044 1135 viri
1061 1073 1207 1156 honesti,

29 1195 30 1200 ’
140 1181 209 1244 aliis
229 1178 386 1268 negotiis,
402 1199 474 1264 quae
492 1175 554 1240 sihi
569 1174 772 1258 ridebantur,
788 1177 990 1265 gravioribus
1007 1175 1160 1261 districti,
1175 1198 1208 1246 et

141 1284 401 1374 typothetarum,
424 1283 458 1346 in
486 1303 627 1369 quorum
649 1280 799 1346 manibus
823 1267 998 1370 exemplar,
1018 1285 1103 1349 curis
1128 1288 1207 1350 meis

141 1390 353 1455 emendatum
378 1389 694 1482 locupletatamque,
713 1387 796 1452 ultra
821 1404 963 1474 quatuor
985 1390 1037 1454 vel
1061 1393 1208 1480 quinque

143 1518 245 1560 annos
259 1495 369 1577 haesit3
380 1510 482 1582 atque¹
492 1494 519 1556 si
532 1515 583 1557 res
599 1493 724 1582 integra
738 1494 923 1573 mansisset,
937 1494 1072 1560 interea
1088 1513 1210 1588 tempo·

143 1603 184 1666 ris
205 1602 298 1690 plura
320 1601 515 1681 collaturum
537 1597 636 1662 fuisse
658 1597 699 1663 ad
721 1600 823 1680 majus
849 1598 1000 1663 editionis
1022 1625 1089 1665 non
1109 1605 1208 1693 magis

143 1730 238 1794 quam
255 1707 414 1770 lectorum
430 1701 659 1784 commodum,
674 1701 716 1766 ad
732 1725 814 1791 opus
831 1702 1075 1792 expoliendum,
1088 1707 1209 1797 ipsum·

144 1835 207 1900 que
229 1826 358 1899 poetam
382 1809 459 1872 hinc
484 1807 559 1873 inde
578 1807 693 1872 melius
711 1808 819 1874 forsan
837 1807 1115 1897 interpretandum
1135 1814 1208 1900 illu·¹

145 1915 522 2005 strandumque.·Atqui,
539 1939 581 1980 ue
596 1938 677 1980 vana
695 1937 747 1978 me
765 1913 882 1979 dixisse
898 1914 1017 1998 ridear,
1035 1941 1135 2006 pauca
1155 1921 1208 1983 hic

145 2025 354 2114 subjungam,
366 2023 461 2114 plura
479 2045 538 2111 per
552 2022 646 2085 aliam
663 2022 884 2104 occasionem,
901 2022 928 2084 si
949 2021 1011 2085 deo
1031 2025 1206 2112 placuerit,

145 2131 274 2196 fortasse
303 2127 579 2217 suppeditaturus.
600 2129 747 2192 Valerius
771 2143 884 2192 noster
906 2127 1064 2215 Flaccus,
1087 2133 1142 2198 lib.
1169 2135 1205 2215 1,

144 2259 171 2299 t.
188 2235 269 2324 723,
284 2257 355 2322 sqq.
370 2233 512 2298 imitatus
527 2249 575 2298 est
586 2234 712 2322 Virgilii
724 2231 854 2298 AEneid.
869 2235 900 2315 l,
921 2234 1006 2312 462:

278 2385 346 2437 Sunt
357 2381 480 2452 lacrymo
491 2399 580 2434 rerum
591 2397 600 2444 ς
612 2392 638 2432 et
650 2392 767 2433 mentem
780 2381 898 2434 mortalia
913 2393 1034 2452 tangunt.

144 2525 260 2607 Simili,
276 2540 315 2586 ut
328 2522 395 2602 ejus
407 2545 477 2586 mos
490 2537 555 2602 est,
574 2521 753 2584 imitatione
769 2519 897 2602 Noster,
913 2521 970 2585 lih.
989 2523 1037 2604 ll,
1054 2529 1136 2610 491,
1155 2550 1203 2591 se-

145 2647 263 2716 quutus
275 2627 511 2717 estVirgilium,
524 2625 600 2690 AEn.
611 2626 643 2705 l,
660 2625 740 2710 589,
753 2626 810 2688 ubi
823 2625 897 2688 vide
913 2627 971 2689 cel.
983 2630 1088 2716 Heyn.
1104 2654 1203 2718 quem

106 2795 110 2804 ,
145 2756 274 2821 quoque
290 2733 436 2796 conferas
450 2731 544 2796 velim
564 2727 604 2792 ad
619 2728 729 2816 Virgil.
747 2728 966 2810 AEn.1,632,
982 2751 1203 2820 comparatum

145 2861 215 2902 curn
233 2839 347 2903 Flacco
363 2855 495 2918 nostro,
511 2835 563 2915 ΙΙ,
580 2831 736 2921 651,‚qui
756 2850 896 2897 veterem
920 2833 1056 2898 heroum
1080 2862 1203 2905 morena

145 2944 292 3008 deseruit.
311 2943 361 3007 Sic
379 2964 511 3030 quoque
527 2939 655 3020 Noster,
668 2939 707 3022 V,
722 2942 804 3020 4οο,
819 2961 907 3027 seqq.
924 2943 1078 3027 expressit
1090 2946 1201 3035 Virgil.

145 3043 217 3109 AEn.
233 3047 268 3127 1,
284 3048 365 3124 4ιο,
381 3066 451 3130 sqq.

278 3213 390 3270 Talibus
400 3214 516 3276 incusat,
529 3229 699 3284 manumque
709 3209 744 3264 ad
755 3211 847 3262 menta
863 3209 954 3263 tendit.

279 3305 312 3354 At
321 3303 414 3354 Venus
426 3301 539 3354 obscmo
549 3300 695 3372 gradientes
707 3315 766 3352 aere
780 3298 877 3369 sepsit,

280 3389 313 3442 Et
326 3389 410 3440 multo
423 3387 526 3440 nebule
542 3387 642 3440 circum
661 3386 708 3440 dea
723 3383 918 3446 latitantem

280 3475 395 3529 Cernere
408 3495 443 3529 ne
456 3476 514 3548 quis
528 3494 587 3540 eos,
598 3494 649 3529 neu
662 3475 722 3546 quis
737 3474 890 3543 contingere
901 3487 1001 3544 posset,

279 3565 400 3618 Molirive
413 3581 529 3628 moram,
542 3573 587 3614 aut
601 3559 724 3615 veniendi
737 3579 844 3631 poscere
857 3579 959 3614 causas.

144 3715 190 3781 De
199 3716 405 3806 picturalibri
416 3717 457 3796 V,
470 3719 508 3792 41
518 3739 552 3795 1,
567 3719 630 3800 4η
645 3737 715 3800 sqq.
728 3675 797 3800 (irbi
809 3714 948 3800 corrigas
957 3713 1063 3796 velini,
1076 3738 1105 3779 r.
1118 3717 1200 3800 413,

142 3829 188 3910 at)
198 3827 255 3891 cel.
275 3827 381 3912 Heyn.
400 3825 433 3887 in
452 3823 598 3886 Excursu
611 3821 672 3883 XV
686 3819 726 3884 ad
739 3819 862 3908 Virgilii
877 3819 953 3883 AEn.
969 3822 1003 3899 l,
1028 3817 1111 3902 453,
1129 3847 1199 3914 pag.

146 3933 203 3995 126
221 3931 307 3998 med.
326 3932 370 3995 ita
383 3927 521 4010 judicat:
535 3927 701 3992 «Valerius
717 3927 858 4005 Flaccus,
874 3925 913 4003 V,
928 3929 989 4002 4η
1003 3973 1012 4000 ,
1025 3926 1057 3988 in
1076 3929 1201 4018 l'astigio

142 4039 248 4126 templi
262 4039 322 4125 (ita
336 4036 469 4124 quidem
489 4035 583 4098 nobis
600 4031 762 4116 videtur),
775 4031 810 4094 ‘et
830 4031 863 4092 in
879 4031 1019 4112 foribus,
1041 4036 1200 4120 4ι7-465,

141 4163 301 4229 expressas
311 4141 459 4206 historias
475 4138 561 4227 apud
572 4137 709 4202 Colchos
721 4151 891 4200 cremarat:
902 4135 1063 4223 sapienter
1071 4138 1203 4224 quidem
1273 4215 1278 4224 Α

255 4247 280 4310 l.
1062 4241 1076 4301 l
