3196 5120
386 453 446 516 160
681 457 716 518 u.
741 436 939 520 vitnau
970 456 1146 520 rtaccr

426 586 540 650 Rarior
558 585 635 648 hinc
652 586 761 668 tellus,
776 604 872 675 atque
888 589 1002 680 ingens
1021 585 1169 676 undique
1183 588 1296 652 caelum

426 701 567 780 Rursus,
584 713 617 762 et
634 699 793 788 incipiens
810 702 910 766 alium
926 717 1116 790 prospectus
1128 701 1162 763 in
1177 701 1302 766 orbem.

468 815 568 877 Terra
586 813 660 878 sinu
674 813 783 878 medio
798 815 942 880 Pontum
956 816 1040 896 jacet
1053 815 1138 880 inter
1152 831 1184 879 et
1198 815 1330 898 Hellen,
1406 837 1443 874 tto

423 932 491 993 Ceu
509 928 612 993 fundo
630 930 752 1017 prolata
768 931 882 1012 maris;
898 951 1039 1018 namque
1054 930 1202 1018 improba
1216 932 1308 996 cteris

419 1044 536 1110 Intulit
551 1067 624 1108 arva
640 1043 745 1127 vadis,
764 1045 929 1135 longoque
942 1045 1004 1108 sub
1020 1067 1147 1133 aequora
1167 1044 1266 1110 dorso

421 1159 512 1222 Litus
528 1159 609 1248 agit:
629 1175 718 1223 tenet
735 1158 814 1223 hinc
831 1176 972 1224 veterem
991 1159 1174 1224 confinibus
1193 1163 1258 1225 oris

420 1276 496 1338 Pars
512 1274 706 1366 Phrygiam,
725 1297 798 1363 pars
814 1274 943 1339 discreti
958 1275 1032 1365 juga
1050 1277 1144 1364 pinea
1163 1277 1294 1341 montis.

420 1389 489 1454 Nec
508 1389 624 1477 procui
639 1387 681 1453 ad
694 1389 802 1452 tenuis
821 1389 925 1478 surgit
940 1389 1082 1453 confinia
1099 1391 1194 1479 ponti

418 1505 502 1567 Urbs
520 1501 653 1592 placidis
670 1501 809 1567 demissa
821 1504 927 1592 jugis3
945 1527 1002 1567 rex
1017 1503 1124 1570 divitis
1143 1507 1212 1595 agri

418 1619 572 1707 Cyzicus3
584 1617 761 1682 Haemoniae
776 1617 833 1704 qui
852 1633 923 1682 tum
940 1640 1024 1682 nova
1037 1619 1128 1709 signa
1141 1621 1256 1685 carine

417 1735 462 1798 Ut
473 1733 577 1813 videt,
594 1733 663 1820 ipse
676 1731 763 1794 uitro
781 1733 901 1820 primas
915 1735 1080 1820 procurrit
1096 1734 1138 1800 ad
1152 1735 1273 1821 undas,

416 1850 619 1935 Miraturque
632 1847 717 1910 viros
735 1846 946 1935 dextramque
964 1850 1146 1937 ampiexus,
1161 1869 1194 1915 et
1209 1855 1352 1937 haerens,

418 1965 554 2052 incipit:
569 1963 727 2026 «Oterris
742 1985 833 2026 nunc
846 1964 991 2051 primum
1006 1967 1134 2056 cognita
1152 1971 1270 2033 nostris
1400 1990 1437 2036 uto

417 2080 588 2144 AEmathiae
605 2101 740 2159 manus,
761 2077 891 2140 etfama
907 2078 986 2141 mihi
1005 2081 1106 2160 major
1123 2081 1240 2172 imago.

402 2290 456 2337 ⁶32.
473 2289 528 2336 Sub.
544 2288 616 2334 Abest
632 2301 644 2333 ι
659 2287 734 2334 Vatic.
750 2287 1145 2351 cod.1,ongosuper.Bouon.cod.
1158 2296 1282 2357 hugoque
1291 2295 1332 2342 tub
1342 2313 1435 2360 «μων.

371 2371 462 2414 Bonon.
472 2369 483 2414 1
494 2376 517 2414 et
528 2367 559 2412 11.
569 2393 600 2404 -
612 2367 667 2427 639.
674 2368 795 2412 Dextram.
805 2366 881 2412 vatic.
891 2367 944 2414 eod.
954 2370 967 2412 J
970 2377 1019 2412 unt.
1030 2369 1083 2414 ttd.
1094 2380 1138 2416 etc.
1156 2373 1198 2417 En.

369 2587 418 2621 nec
426 2563 583 2638 utithyndes
593 2564 621 2616 in
630 2563 727 2617 Bacchi
736 2563 878 2628 honorem,
961 2567 1024 2620 633,
1035 2566 1097 2622 Haec
1110 2569 1197 2624 insuia
1208 2583 1284 2624 terre
1295 2573 1436 2626 continenti

370 2667 419 2700 nec
433 2647 470 2699 uti
483 2645 755 2718 corybantes,matris
768 2643 879 2697 deorum
923 2648 1016 2718 juncta
1036 2659 1075 2700 est
1094 2647 1199 2702 duobus
1222 2651 1347 2724 pontibus
1369 2652 1432 2721 (rid.

371 2727 479 2780 numine
495 2723 583 2798 pleni,
593 2723 695 2786 choris,
710 2733 843 2794 cantuque
855 2736 879 2776 et
925 2727 1092 2792 Strabonem,
1102 2727 1172 2793 XII,
1184 2731 1246 2800 575,
1256 2744 1282 2786 et
1289 2733 1434 2786 Berkelium

371 2803 503 2879 tympanis
509 2803 544 2857 ad
554 2803 670 2856 furorem
678 2802 881 2874 usqueiaetatur,
926 2803 960 2856 n'd
978 2804 1069 2877 Steph.
1081 2804 1190 2878 Byzant.
1202 2828 1229 2862 v.
1243 2805 1368 2882 Κύζικος),
1377 2833 1434 2881 quo-

372 2884 418 2938 sed
430 2905 447 2935 a
465 2887 511 2935 deo
523 2903 567 2933 suo
577 2921 585 2947 ,
597 2881 703 2953 Priapo,
714 2881 741 2934 in
749 2882 881 2935 Venerem
924 2905 978 2935 rum
991 2890 1056 2938 alter
1068 2900 1143 2947 tenet,
1155 2887 1251 2954 nectit,
1261 2895 1368 2963 confines
1379 2912 1433 2942 oras

370 2964 488 3036 rapitur,
502 2965 578 3034 cujus
592 2982 652 3012 aras
671 2962 699 3013 in
717 2973 807 3013 monte
822 2959 882 3014 urbi
925 2967 1052 3033 Phrygia,
1066 2970 1129 3018 alter
1140 2969 1177 3018 ad
1182 2968 1249 3037 juga
1257 2973 1334 3037 pinea
1347 2976 1433 3023 ruentis

372 3043 540 3105 imminente,
551 3053 577 3094 et
586 3045 714 3092 velamina
727 3043 821 3108 templi,
837 3059 881 3092 ve·
926 3042 980 3095 Ides
994 3048 1068 3097 dracit.

372 3123 432 3175 xiiia
446 3123 580 3174 fortassee
594 3120 697 3192 fastigio
708 3119 797 3191 tempii
812 3119 880 3172 roti-
931 3120 936 3128 '
962 3123 1024 3176 636.
1040 3123 1072 3176 1n
1091 3123 1194 3178 cervice
1208 3125 1282 3196 quasi
1296 3126 1376 3198 hujus
1389 3149 1433 3197 pe-

371 3202 468 3266 tantia,
484 3200 585 3266 rident.
598 3201 636 3252 De
649 3199 744 3271 Priapo
754 3218 779 3251 v.
791 3199 878 3251 omni·
925 3199 1036 3253 niusultc
1056 3204 1106 3255 sita
1130 3215 1170 3255 est
1189 3209 1243 3256 nris
1258 3209 1368 3273 placidis
1391 3213 1433 3259 de·

372 3301 407 3334 no
419 3281 498 3333 Voss.
506 3285 610 3346 Mythol.
622 3281 704 3348 Briese
711 3317 719 3339 ,
731 3279 775 3342 II,
788 3279 848 3346 295.
926 3282 1001 3330 missa
1014 3283 1085 3350 jugis
1092 3321 1100 3343 ,
1116 3281 1211 3336 leniter
1223 3281 1345 3348 declivis,
1357 3287 1433 3358 Cyzi·

337 3423 341 3434 .
407 3361 469 3414 628.
481 3363 632 3412 Rariortn'nc
642 3362 726 3418 tellus,
739 3367 807 3408 terra
819 3375 881 3410 oon·
925 3376 981 3410 cns.
997 3359 1122 3430 Ejusdem
1137 3361 1252 3416 nominis
1266 3383 1325 3428 rex,
1342 3377 1369 3417 ut
1381 3366 1433 3435 pri-

372 3440 476 3503 tincns,
492 3457 566 3492 mere
585 3439 615 3490 iit
632 3437 730 3502 letius,
750 3447 775 3488 et
792 3441 881 3505 ingens
926 3455 999 3488 mum
1028 3459 1093 3491 nova
1114 3443 1189 3508 signa
1212 3447 1322 3505 canno,
1340 3461 1430 3495 navem

371 3523 479 3586 nudique
486 3523 581 3570 cretam.
592 3516 681 3569 Medio
691 3517 759 3568 inter
768 3517 880 3569 Pontum
926 3517 1002 3570 solito
1011 3518 1148 3590 majorem,
1158 3521 1262 3574 eminus
1269 3521 1384 3585 vidisset,
1393 3524 1431 3574 ul·

372 3599 503 3650 Euxinum
514 3609 539 3650 et
550 3597 748 3668 Hellespontum
760 3596 817 3647 sinu
832 3612 880 3648 eer-
924 3607 965 3648 tro
983 3597 1016 3650 nd
1036 3597 1097 3651 litus
1111 3613 1251 3671 properat,
1268 3603 1337 3654 viros
1352 3602 1431 3653 mira·

373 3699 402 3728 ra
414 3681 497 3746 jacet,
514 3697 557 3728 ceu
567 3677 652 3746 frando
668 3680 767 3744 prolata
789 3681 877 3738 auaris,
924 3687 977 3738 tur,
989 3675 1018 3728 in
1029 3678 1121 3730 urbem
1134 3678 1239 3732 invitat.

372 3775 429 3828 quae
444 3775 473 3808 ex
489 3757 545 3827 ipso
560 3755 627 3808 mari
647 3767 721 3807 enata
734 3774 790 3808 esse
804 3755 879 3808 vide·
959 3755 1433 3828 640.Vos‚inquit,primiestis'1'hes-

370 3849 430 3899 tur,
455 3835 615 3908 peninsuln3
640 3855 747 3902 namque
770 3837 879 3902 improba
923 3833 987 3897 sali,
1003 3839 1246 3897 AEmotlu'amanus,
1266 3838 1293 3889 in
1309 3838 1358 3891 hae
1373 3858 1432 3891 oras

370 3935 429 3967 aava
437 3919 507 3966 ocreis
517 3916 678 3966 intulitvadis
685 3951 693 3975 ,
704 3931 800 3984 magno
814 3914 879 3966 lato·
924 3913 1069 3977 venientes,
1077 3915 1181 3982 etfama
1188 3919 1428 3987 miltimcjorimago,

368 3985 420 4066 que
431 4007 505 4073 terre
519 3993 679 4046 continentis
689 3993 773 4064 spatio
785 4012 879 4064 scopu·
924 3991 1021 4044 famam
1029 4003 1106 4045 roset
1116 3996 1336 4066 exspectationem
1347 4016 1431 4050 meam

368 4073 407 4126 ios
434 4071 587 4144 occupavit,
611 4071 756 4142 eademqne
785 4071 878 4142 ampli·
924 4069 991 4123 adeo
1010 4073 1148 4144 superatis.
1165 4075 1268 4138 Laetor,
1285 4075 1357 4146 qnod
1374 4091 1431 4130 mea
1501 4094 1507 4104 ·

367 4151 457 4205 tudine
480 4151 589 4222 longum
615 4150 724 4203 dorsum
749 4150 803 4220 agit
830 4151 878 4202 sub
922 4149 1007 4203 insula
1027 4170 1080 4204 non
1100 4164 1273 4214 tumtunm,
1293 4169 1317 4208 et
1335 4162 1431 4225 populis

367 4248 477 4304 equore.
922 4233 983 4281 trecis
1003 4250 1067 4290 enar,
1091 4231 1212 4301 gentibus
1240 4233 1273 4285 nd
1294 4235 1431 4289 Orientem
