3122 5126
442 521 612 590 PETRO
644 523 673 589 A
704 521 888 589 LERMA.
1151 545 1183 592 tl

98 649 185 714 mam
202 650 459 738 cognitionem,
479 674 577 740 quam
602 651 646 715 ob
669 651 876 740 inoomuptos
895 651 1185 742 integere-imosque

100 780 235 838 mores,
253 780 492 848 summamque
504 759 879 846 usquequaquebonesti
890 755 1072 840 etvirtutis',
1087 783 1183 849 quam

8 901 9 926 l
101 885 241 953 semper
258 866 432 954 amplexus
449 889 504 948 es,
520 888 653 946 curam,
671 863 828 953 quamdiu
845 887 956 930 secum
973 866 1088 932 habuit
1104 867 1184 956 (ha-

103 973 181 1037 buit
192 990 329 1055 autern,
344 973 456 1062 quoad
467 974 573 1038 evitis
587 973 733 1038 sublatus
746 972 824 1060 est),
837 989 964 1036 tantum
977 973 1098 1056 dilexit,
1112 989 1185 1040 tan·

103 1095 250 1166 maraque
264 1078 404 1162 tribuit,
421 1094 460 1142 ut
476 1078 558 1142 nihil
574 1094 607 1142 te
624 1077 810 1144 inconsulto
825 1077 961 1158 laceret,
972 1093 1081 1144 tecum
1096 1101 1186 1144 arca-

107 1208 153 1248 na
172 1185 373 1250 sanctissimi
389 1184 529 1272 pectoris
555 1184 689 1250 consilia
711 1184 903 1273 partiremr,
933 1199 966 1248 te
992 1207 1069 1250 cum
1087 1187 1185 1252 Petro

108 1290 267 1372 Giruelo,
285 1291 358 1356 viro
375 1289 519 1378 optimo,
537 1305 570 1356 et
591 1289 778 1356 doctissimo
794 1291 891 1370 hujus
905 1291 1098 1356 nobilissimi
1118 1293 1186 1357 col·

8 1421 9 1440 ³
110 1396 188 1484 legii
212 1395 305 1460 scitis
329 1412 362 1460 et
388 1395 666 1478 institutionibus,
682 1395 852 1484 inquibus
868 1417 936 1460 non
954 1399 1107 1487 exigtaum
1124 1414 1187 1462 stat

8 1521 9 1530 ¹
113 1517 336 1584 momenmm,
353 1501 588 1591 componendis
605 1501 963 1592 preficeret,tuamque
978 1505 1013 1568 in
1031 1505 1185 1570 omnibus

8 1633 9 1636 ¹
115 1609 238 1672 muniis
264 1608 481 1696 exsequendis
501 1607 693 1673 industriam
715 1609 862 1674 maximis
892 1610 1042 1674 laudibus
1070 1631 1186 1701 appro-

8 1735 9 1740 ’
117 1714 234 1778 baret:
261 1713 351 1803 apud
374 1735 472 1802 quem
496 1731 534 1779 tu
561 1714 643 1779 dum
672 1737 783 1805 ageres
807 1715 1020 1804 amplissimos
1044 1717 1186 1781 honores

118 1819 268 1884 obtinere
291 1821 471 1907 potuisses,
498 1843 561 1908 qua
587 1820 675 1910 apud
697 1843 772 1885 eum
797 1823 897 1910 gratia
920 1837 953 1886 et
974 1823 1184 1904 auctoritate,

8 1925 9 1992 ζ
120 1927 181 1990 nisi
198 1927 240 1990 ab
259 1927 299 1990 iis
322 1925 523 2016 aucupandis
544 1927 769 2008 abstinuisses,
791 1929 906 1992 nolens
929 1927 971 1992 ad
997 1930 1109 1993 altiora
1133 1929 1183 1994 di·

8 2095 10 2134 ,
119 2032 250 2120 gnitatis
267 2033 395 2123 fastigia
413 2033 649 2115 conscendere,
665 2056 732 2122 quo
748 2033 880 2098 liberius
895 2035 1059 2123 sapientie
1076 2035 1186 2099 studio

8 2137 9 2144 '
120 2161 251 2220 umas,
269 2161 402 2228 operam
415 2155 522 2220 uum,
542 2162 609 2203 non
621 2141 834 2228 presentibus
847 2141 964 2223 modo,
981 2139 1186 2230 sedposteris

119 2266 254 2332 quoque
266 2261 418 2333 praestare
431 2267 553 2333 posses.
573 2244 637 2310 Sed
658 2245 753 2312 video
774 2247 941 2336 epistolam
970 2246 1105 2312 modum
1133 2269 1187 2312 ex·

118 2351 250 2432 cedere,
271 2351 353 2416 dum
381 2367 513 2416 tuarum
536 2354 695 2417 virmtum
723 2352 896 2420 dulcedine
926 2355 1120 2438 inviscatus,
1150 2357 1184 2420 in

117 2457 217 2520 altum
243 2455 436 2545 progredior
457 2457 645 2538 Oceanum,
674 2479 711 2521 ac
731 2459 836 2542 ultra,
860 2481 958 2548 quam
983 2460 1072 2526 unde
1099 2460 1185 2525 redi·

119 2578 187 2626 tum
211 2561 384 2650 desperare
403 2585 470 2627 non
491 2563 650 2628 debeam:
670 2588 771 2652 quare
788 2589 918 2631 necesse
941 2569 1070 2632 habebo
1093 2583 1186 2632 tanto

117 2668 208 2731 oneri
223 2667 455 2750 succumbere,
469 2670 521 2734 cui
539 2684 576 2733 tu
590 2669 722 2757 quidem
740 2673 826 2736 solus
848 2672 982 2736 ferendo
998 2695 1125 2761 pares:
1141 2695 1185 2737 eae

117 2774 203 2836 enim
222 2789 301 2837 sunt
312 2775 446 2838 virmtes
462 2791 542 2857 tuae,
555 2799 652 2864 quas,
665 2777 726 2840 nisi
741 2779 790 2840 tui
803 2778 939 2842 similem
954 2779 1095 2843 habeant
1110 2803 1188 2867 prae·

118 2878 314 2961 dimtorem,
333 2880 431 2944 satius
454 2880 496 2944 sit
519 2881 652 2945 intactas
675 2904 774 2969 quam
798 2884 881 2946 male
912 2899 1011 2948 tactas
1035 2885 1185 2971 relinqui.

118 2983 290 3048 laudabor
307 3007 384 3074 ergo
402 3006 489 3049 meas
504 2985 643 3074 vigilias,
654 2986 681 3049 si
698 2986 797 3051 modo
813 2988 951 3051 lectione
969 3005 1046 3052 sunt
1061 2989 1185 3078 dignae,
1295 3049 1297 3055 ,

119 3090 148 3153 ei
158 3092 229 3154 viro
243 3113 466 3180 nuncupasse,
478 3113 545 3179 quo
559 3092 674 3156 melior
686 3115 727 3156 ne
736 3109 814 3158 voto
825 3093 957 3181 quidem
972 3093 1049 3183 fingi
1060 3096 1184 3182 potuit,

120 3218 186 3282 quo
207 3197 372 3260 nerninem
388 3215 463 3262 aetas
483 3213 593 3260 nostra
610 3199 805 3286 graviorem,
827 3198 1025 3281 doctiorem,
1044 3202 1185 3265 sanctio·

120 3325 207 3384 rem,
223 3303 493 3392 subtilioremque
509 3303 600 3379 tulit,
618 3305 711 3385 cujus
728 3307 869 3369 calculus
885 3328 945 3395 pro
962 3305 1066 3396 Lydio
1082 3307 1187 3395 lapide

120 3409 230 3472 haberi
246 3409 372 3474 debeat.

162 3515 311 3602 Accipies
326 3515 426 3604 igitur
441 3515 586 3580 libellum
605 3517 713 3598 hunc,
732 3516 839 3580 Abbas
855 3517 993 3605 optime,
1011 3534 1108 3606 atque
1124 3519 1186 3584 do·

120 3622 277 3702 ctissime,
294 3622 321 3685 si
338 3644 406 3687 non
423 3623 467 3686 ob
485 3645 575 3686 meos
590 3624 733 3705 labores,
751 3640 784 3686 at
799 3639 886 3688 certe
901 3625 945 3688 ob
965 3626 1065 3712 ipsius
1082 3643 1186 3714 poetae

120 3725 308 3816 ingenium,
323 3728 530 3816 elegantiam,
548 3727 780 3809 eruditionem,
794 3729 1023 3818 heroicamque
1040 3731 1188 3795 sublimi·

121 3849 235 3915 tatem3
253 3832 312 3920 qui
334 3833 369 3896 in
392 3833 510 3898 nostris
531 3833 650 3899 finibus
672 3835 829 3899 hactenus
852 3835 886 3898 in
910 3836 1051 3900 tenebris
1072 3837 1186 3902 delite-

119 3961 228 4020 scens,
246 3961 325 4002 cum
343 3939 438 4002 tineis
455 3955 487 4003 et
503 3938 610 4004 blattis
629 3939 812 4004 rixabatur:
839 3962 1075 4029 perpaucorum
1100 3943 1185 4006 enim

117 4044 211 4131 piscis
229 4059 317 4125 crat3
344 4045 437 4125 cujus
454 4068 496 4109 ne
512 4067 633 4109 nomen
652 4046 784 4133 quidem
807 4047 842 4108 in
859 4045 925 4111 ¹hac
941 4063 1051 4110 nostra
1067 4047 1190 4112 Acade·

117 4152 194 4234 mia,
210 4173 287 4239 quae
305 4166 354 4214 est
376 4151 434 4214 aeri
451 4151 554 4216 nostri
578 4173 636 4215 seu
654 4152 865 4240 negligentia,
886 4175 944 4216 seu
962 4153 1106 4242 ignavia,
1128 4175 1185 4215 seu

115 4257 262 4336 inscitia,
282 4271 368 4320 esset
383 4255 550 4338 auditum,
573 4256 636 4320 nisi
659 4255 867 4322 eruditissimi
890 4259 1096 4346 praeceptoris
1123 4258 1186 4323 mei
