3192 5128
333 539 414 584 cxlv

635 515 783 588 PETRI
812 517 1084 592 BURMANNI

474 645 564 711 Quum
578 645 633 700 iere
647 645 792 701 hiennides
805 661 966 723 componere
980 649 1099 702 nemine
1112 649 1189 722 coepit

508 734 634 806 ingenie,
646 745 673 788 et
685 734 797 806 placidis
809 735 916 790 flectere
929 735 996 790 dure
1008 737 1104 791 medis.

471 822 540 874 Ante
553 821 723 894 Pherecyden
737 825 841 877 enimes
854 841 990 896 superesse
1003 843 1148 897 perennes,

505 909 540 962 iit
550 926 677 973 nemore,
696 909 817 977 edocuit,
830 911 890 964 lete
905 923 995 965 tenere
1013 914 1093 984 pios;

471 997 569 1064 Urere,
580 1009 711 1070 perpetus
724 995 853 1052 redeunte
863 1000 891 1052 in
905 999 995 1054 sidere
1009 1011 1113 1069 mente,

506 1085 550 1138 Nil
563 1084 671 1158 rapidos
685 1099 781 1160 preter
794 1105 892 1159 eorpus
904 1087 984 1142 inette
996 1101 1083 1161 rogos.

476 1172 650 1246 Pythagorea
664 1173 733 1230 nihil
745 1176 860 1230 docuere
872 1176 975 1231 silentis
989 1187 1103 1251 myrtei,

506 1263 586 1329 Quod
602 1283 658 1318 uon
671 1265 771 1320 iliades
784 1265 905 1320 conditor
919 1283 980 1321 aute
993 1266 1076 1322 dedit.

472 1351 531 1406 Non
544 1353 649 1426 populis
662 1373 765 1428 eques,
776 1358 848 1427 justo
862 1354 1058 1423 moderamine,
1072 1357 1143 1429 leges
1227 1383 1229 1386 ·

510 1439 605 1494 Sanxit
613 1442 761 1498 Atistoteiis
775 1442 870 1496 celiidc
884 1444 976 1498 charta
989 1445 1078 1516 prior;

470 1527 526 1583 Nec
539 1531 634 1584 meiius
645 1547 739 1604 perere
752 1531 829 1585 bonis
841 1533 989 1586 rectoribus
1001 1535 1098 1600 urbes,

505 1620 558 1671 Aut
571 1617 673 1674 domini
686 1619 785 1674 erudiit
797 1621 873 1676 irene
887 1623 1000 1694 superba
1012 1622 1077 1694 peti.

470 1706 570 1760 Omnia
581 1709 725 1782 Smyrnaeis
738 1709 796 1763 hec
809 1709 871 1762 olith
884 1709 990 1783 prodite
1004 1710 1104 1776 Musis,

506 1794 595 1849 Serior
605 1797 731 1870 explicuit
743 1815 802 1871 quse
816 1798 901 1871 magis
915 1799 1005 1871 empia
1019 1815 1110 1870 nepos.

473 1881 510 1933 Ut
522 1884 597 1955 prior
612 1897 652 1938 est
665 1905 735 1954 aevo,
745 1886 838 1940 studiis
850 1888 888 1940 sie
896 1889 960 1941 vicit
969 1888 1115 1953 Homerus,

508 1973 582 2037 Quos
596 1973 670 2028 dedit
683 1976 798 2029 illustres
810 1985 881 2028 terra
893 1975 1015 2047 Pelasga,
1030 1975 1107 2028 viros.

471 2057 521 2112 Hic
532 2073 629 2134 ceput,
645 2062 689 2116 hic
703 2064 825 2136 princeps
839 2064 934 2129 vestri,
945 2063 1088 2134 sapientie,
1101 2063 1203 2128 cuitus,

508 2147 566 2201 iioc
579 2147 647 2202 duce
660 2151 784 2204 mortales
795 2163 821 2202 te
834 2149 952 2203 didicere
965 2149 1051 2203 deum.

472 2235 547 2290 Pacis
557 2239 592 2290 eh
605 2238 657 2291 hoc
670 2251 739 2292 artes
747 2279 755 2304 ,
763 2239 828 2310 justi
840 2237 884 2309 pia
896 2242 957 2311 jure
969 2236 1066 2304 duelli,

506 2325 594 2379 illuxit
606 2329 640 2380 ab
653 2327 705 2380 hoc
715 2328 805 2400 pietas
820 2335 963 2398 senemque
974 2328 1048 2379 fonte
1060 2325 1144 2389 iides;

471 2412 505 2464 iit
517 2413 602 2486 lepor,
612 2427 639 2468 et
651 2416 743 2482 culte,
760 2435 840 2488 Qum
853 2415 953 2486 jactes,
967 2414 1067 2469 Grecie
1079 2457 1087 2482 ,
1098 2412 1194 2486 lingue

507 2501 613 2568 Gratis,
625 2503 732 2556 Maeonii
744 2502 819 2556 iluxit
833 2503 868 2556 eh
880 2521 927 2557 ore
942 2503 1010 2556 senis
1025 2520 1032 2555 ε

474 2587 543 2641 Hinc
555 2589 742 2662 Xenophontis
754 2608 817 2662 opes
829 2591 992 2663 deprompsit
1000 2590 1091 2643 mellea
1103 2589 1192 2651 Siren,

507 2675 576 2730 Hinc
589 2697 635 2730 sue
649 2677 754 2732 divinus
767 2687 915 2751 sumpserat
925 2694 1000 2731 seme
1012 2679 1097 2730 Plelo.

474 2763 530 2817 Nec
541 2777 629 2821 temen
642 2766 688 2820 hie
698 2767 813 2840 primus,
823 2780 903 2840 quem
912 2766 953 2820 dis
963 2766 1072 2839 esquelio
1085 2764 1164 2817 telius

508 2853 617 2909 Solvere
630 2857 724 2910 mirem
739 2867 779 2909 est
791 2875 850 2922 ore,
860 2865 937 2928 poete
950 2855 1019 2908 fluit:

476 2941 600 2997 Carmine
608 2947 664 3018 jem
674 2946 752 3017 jussit
763 2943 856 2999 leudes
867 2944 1003 2997 celebrere
1015 2941 1140 3006 deorum,

509 3032 641 3105 Seresque
651 3033 785 3106 Amphion
797 3033 918 3104 fungere
930 3029 1026 3096 corde,
1044 3027 1139 3101 lyrim.

477 3120 551 3184 Quid
563 3123 693 3188 seierum,
703 3123 795 3174 Manto
808 3135 867 3193 que
878 3135 948 3174 ceco
952 3120 1045 3192 juncte
1057 3116 1160 3188 petenti
1275 3188 1279 3198 ι

515 3209 641 3264 Veridico
651 3210 746 3263 cecinit
755 3208 826 3261 diets
836 3205 948 3260 verende
958 3205 1039 3258 deum
1048 3203 1060 3256 i

478 3296 552 3363 Quid
564 3298 607 3370 pis
620 3297 727 3362 Musei,
744 3293 838 3348 divine
846 3294 958 3347 oracula
967 3293 1062 3345 mentis

512 3384 566 3450 Qui
576 3384 671 3451 dehet,
681 3393 728 3436 sut
738 3381 844 3455 quanli
856 3382 975 3435 earmina
989 3387 1082 3433 moestr
1092 3379 1171 3433 hini?

478 3473 533 3526 Nec
542 3474 616 3544 juret
628 3472 787 3544 Eumolpos,
800 3471 945 3544 dirumque
956 3469 1143 3542 Melsmpodn,
1160 3479 1210 3522 heo
1220 3485 1287 3540 quos

512 3560 608 3613 Obruit
617 3572 713 3612 eterne
725 3571 817 3626 nocte,
828 3560 943 3624 telem,
957 3557 1035 3610 situs.

478 3647 572 3702 Nobile
580 3646 628 3701 sed
638 3659 742 3714 vetum,
759 3657 823 3700 eure
840 3647 943 3719 majore
957 3644 1124 3711 canendum,

512 3735 578 3800 Per,
591 3735 711 3807 geminus
724 3733 825 3788 Chiron
833 3775 841 3801 ,
849 3733 1046 3806 ‘lirrelcinsqne
1059 3745 1145 3787 senex.

477 3823 651 3898 Phillyrides,
668 3823 782 3878 hominis
792 3823 880 3878 bifero
889 3820 936 3895 qui
949 3833 1062 3895 corpore
1074 3814 1188 3875 iotmern

511 3915 602 3967 lunxit
613 3925 682 3988 equo
690 3955 698 3981 ,
707 3915 792 3986 subigi
801 3915 855 3968 vim
868 3913 970 3966 tutione
983 3911 1081 3974 docet3

479 3994 738 4076 Quadrupedemque
748 4003 806 4058 viro
818 4002 945 4071 mixtum,
956 4002 1128 4074 subiectisque
1142 3997 1224 4050 menti

512 4091 615 4144 Robora
624 4133 632 4158 ,
642 4092 745 4145 consilii
758 4091 847 4145 mollis
857 4091 931 4144 irene
942 4089 1010 4164 peti.

479 4179 576 4232 Dosuss
589 4180 733 4254 Apollineis
744 4183 906 4254 conjungere
918 4179 1039 4234 earmina
1052 4175 1160 4236 nervis,

517 4268 643 4326 AEeciden
656 4269 762 4324 cithera
773 4271 875 4343 perlicit
890 4277 946 4323 erte
959 4269 1061 4330 feru'mt
