3122 5126
379 501 478 548 xxxu
551 475 686 546 PRAEF.
712 471 796 544 AE'G.
822 476 1009 544 MASERlI
1033 476 1095 546 IN·
1111 473 1278 544 ARGON.

378 606 450 689 das,
470 604 511 670 de
531 603 745 691 Palladiisque
766 603 917 684 navibus,
938 604 1059 691 quaein
1075 602 1248 668 Academia
1270 603 1440 669 Parisiensi

375 712 524 801 plurimae
536 726 615 774 sunt
621 758 632 792 ,
645 709 795 798 primitus
806 723 1024 774 constructam
1038 710 1141 798 probe
1151 708 1281 798 dirigas3
1292 709 1326 772 iu
1338 731 1441 797 eaque

376 833 472 880 natus
487 817 529 880 sis
545 815 638 898 urbe,
650 815 742 894 cujus
756 814 895 903 insignia
907 814 1063 896 feranttu,
1075 814 1164 878 navis
1174 814 1311 901 pulchre
1319 815 1442 878 instru-

376 938 438 988 cta.
455 921 597 986 Proinde
616 921 718 986 vellus
739 919 892 984 referenti
911 921 1020 984 sinum
1040 920 1145 1008 aperi,
1168 919 1333 1010 longoque
1351 919 1442 986 fluxu

374 1029 545 1118 impulsam
557 1023 749 1116 amplectere
759 1049 767 1090 ε
777 1025 817 1089 ad
831 1042 927 1091 tuum
943 1027 1031 1091 enim
1046 1025 1206 1115 gremium
1225 1027 1391 1116 confugit,
1406 1027 1440 1091 in

374 1156 442 1222 quo
450 1132 621 1198 contractis
632 1131 727 1214 velis,
741 1131 837 1197 maris
850 1153 962 1212 secura
975 1131 1137 1218 quiescat,
1148 1133 1272 1220 integra
1284 1146 1441 1212 servetur,

374 1239 432 1304 ubi
444 1239 520 1304 litus
537 1254 644 1327 sperat
654 1236 1114 1328 placidissimum,piratarum
1125 1238 1253 1301 armatis
1271 1260 1442 1326 myoparo·
1483 1252 1486 1262 '

264 1357 265 1360 ’
375 1346 471 1410 nibus
486 1345 695 1409 inaccessum.
711 1343 764 1408 Tu
780 1345 881 1426 mihi,
897 1343 988 1432 quod
1002 1344 1195 1433 Argonautis
1211 1344 1376 1432 hospitibus
1390 1367 1441 1408 re·

285 1485 288 1498 ·
375 1472 482 1515 seram
498 1463 614 1514 secreta
628 1450 778 1537 Thyotes:
795 1465 833 1512 tu
854 1450 959 1539 Lycus
982 1472 1033 1532 es,
1052 1449 1160 1514 nullus
1175 1464 1240 1514 toto
1261 1449 1339 1514 miti
1351 1449 1442 1514 litore

365 1559 465 1646 pomi
474 1555 607 1621 Mitior:
619 1570 657 1618 tu
675 1555 772 1638 mihi,
785 1554 875 1642 quod
889 1555 1002 1622 AEneae
1008 1556 1112 1620 Anius
1122 1603 1132 1638 ,
1144 1555 1303 1620 dominum
1317 1555 1443 1620 Placebi-

373 1685 434 1752 que
446 1661 610 1740 sacerdos;
623 1661 713 1748 quod
726 1661 832 1750 Ulyssi
845 1661 1001 1726 Alcinous
1011 1687 1021 1745 ;
1033 1677 1066 1726 et
1080 1677 1118 1724 ut
1133 1683 1222 1728 arma
1231 1661 1320 1726 navis
1332 1661 1442 1725 omnia

374 1767 475 1836 semel
490 1767 737 1848 concumulem,
750 1780 787 1829 tu
803 1765 884 1830 mihi
904 1789 983 1830 aura
1002 1783 1172 1855 parentum
1189 1765 1372 1832 dulcissima
1388 1765 1444 1831 de·

375 1874 507 1954 stituto,
527 1872 668 1958 sinuque
698 1871 835 1952 soroms,
859 1893 877 1936 a
903 1887 999 1959 partu
1028 1871 1139 1938 modo'
1159 1872 1310 1953 sublatae,
1327 1887 1444 1959 praeter

375 1999 466 2067 spem
482 1977 631 2055 excluso,
645 1973 826 2043 firmissima
842 1997 876 2040 es
899 1977 1056 2058 anchora,
1070 1976 1112 2040 ad
1127 1977 1219 2056 cujus
1236 1975 1444 2058 coronidem,

375 2086 403 2150 si
425 2085 548 2173 placet,
570 2082 682 2146 funem
711 2081 803 2171 ligari
825 2081 965 2162 jubebis.
993 2083 1083 2146 Nihil
1106 2083 1174 2172 ipse
1202 2083 1347 2165 nocebo,
1373 2098 1444 2147 tuta

374 2204 549 2254 contentus
570 2188 704 2252 litorum
718 2187 884 2276 particula.
899 2187 968 2252 Nec
983 2187 1082 2252 Parni
1098 2188 1245 2252 molestia
1260 2204 1332 2253 tuas
1347 2209 1443 2252 aures

376 2293 541 2375 offendat,
557 2293 584 2356 si
599 2315 672 2382 quae
690 2315 762 2356 mea
784 2309 878 2373 sunt,
892 2292 1066 2381 rapientur.
1081 2294 1222 2357 Tantum
1237 2294 1387 2382 postulo,
1401 2315 1445 2358 ue

374 2400 538 2464 vorticoso
556 2397 677 2479 fluctu,
691 2397 789 2484 vique
804 2413 935 2461 externa
956 2397 1098 2462 carinam
1117 2398 1152 2462 in
1173 2414 1232 2464 tuo
1252 2415 1353 2486 portu
1372 2401 1444 2464 laete

377 2505 588 2572 fluctuantem
608 2503 705 2568 obrui
723 2504 863 2592 patiaris.
876 2502 964 2568 Vale.

392 2717 447 2768 ,ΒΕ
471 2713 592 2763 AEGIDIl
617 2711 766 2759 masuutt
787 2712 826 2758 ΙΝ
850 2711 930 2760 VAL.
959 2712 1126 2762 FLACCUM
1152 2714 1422 2762 constannens

469 2839 638 2888 sannonn
670 2837 823 2886 MACRINI
855 2838 906 2884 AD
939 2839 1132 2886 CANDIDUM
1163 2841 1353 2889 LECTOREM

673 2991 1147 3063 HENDECASYLLABI.

552 3163 580 3233 Si
591 3162 717 3234 cuiquam
733 3163 821 3215 faciles
834 3162 908 3216 fuere
920 3163 1021 3230 Mose,

552 3251 586 3302 Et
598 3267 658 3322 qum
671 3249 814 3320 Cecropias
824 3260 916 3304 tuetur
926 3269 1012 3315 arces,

544 3339 651 3392 'Rerum
665 3335 699 3390 ad
712 3338 834 3392 notitiam
846 3338 1058 3404 reconditarum,

555 3425 583 3479 Si
598 3443 759 3498 quemquam
771 3424 848 3480 dator
860 3426 957 3480 Enthei
969 3427 1065 3482 luroris

557 3513 628 3566 Toto
639 3513 749 3566 numine
759 3513 873 3569 Phoebua
884 3515 1021 3579 excitavit,

554 3601 655 3654 Vatum
669 3599 704 3653 ad
716 3601 884 3672 plausibilem
901 3603 1117 3675 explicationem,

553 3688 631 3742 Hunc
641 3725 649 3753 ,
661 3690 748 3760 jurem
758 3689 895 3762 AEgidium
905 3710 1012 3759 meum,
1024 3691 1072 3746 aed
1086 3710 1178 3746 unum.

555 3776 631 3830 Illius
642 3777 784 3852 lepidoque
793 3779 942 3854 lloridoque

554 3865 633 3919 Pitho
646 3867 748 3922 sessitat
762 3867 856 3922 efficax
868 3869 896 3922 in
907 3888 960 3924 ore.

555 3954 632 4008 Illius
643 3956 760 4011 Veneres
773 3957 970 4031 Cupidinesque

553 4043 632 4097 Dulci
644 4058 750 4098 nectare
762 4045 884 4100 condiere
896 4045 1021 4118 linguam.
1083 4093 1089 4100 .

554 4131 588 4183 Et
600 4150 639 4184 ne·
646 4133 713 4186 sorte
724 4133 787 4204 quid
802 4134 952 4206 improbum
965 4133 1106 4206 loquutus,

555 4218 673 4273 Blandiri
684 4219 775 4275 videat·
787 4240 847 4276 meo
861 4222 943 4276 sodali
954 4260 962 4285 ,
