3198 5106
498 1043 904 1168 vannum
961 1044 1319 1170 unacco
1451 1015 1453 1021 ’

425 1316 743 1388 TESTIMONIA
767 1317 1058 1388 AUCTORUM
1083 1321 1147 1390 AG
1172 1319 1391 1394 JUDIClA.

658 1583 1158 1620 --—--000›--——-

515 1823 592 1884 Far.
610 1821 767 1904 Qumrrn.
782 1825 899 1888 lusum.
915 1825 1017 1888 Ouar.
1035 1845 1100 1888 nm.
1112 1825 1162 1905 X,
1177 1847 1246 1890 car.
1264 1849 1291 1890 r.

419 2033 562 2100 Multum
580 2037 614 2098 in
635 2035 762 2101 Valerio
777 2038 892 2102 Flacco
914 2057 1018 2125 nuper
1033 2033 1209 2103 amisimus.

349 2283 354 2304 ι
376 2256 560 2320 Donrmcns
572 2257 702 2321 nnius
716 2257 873 2322 Nicrum
887 2259 1060 2323 Gonnum.
1073 2259 1222 2322 anOrro.
1232 2262 1341 2324 Amor.
1352 2263 1379 2343 1,
1388 2285 1440 2326 xv.

417 2459 562 2524 Valerius
585 2460 717 2524 Flaccus
733 2459 947 2525 Hernicorum
971 2475 1046 2547 post
1062 2459 1233 2549 Virgilium
1251 2462 1442 2526 eminentis·

376 2565 491 2645 simus,
508 2581 545 2628 ut
562 2588 632 2630 mea
656 2565 789 2654 quidem
805 2565 869 2630 fert
884 2565 1018 2654 opini03
1036 2563 1129 2645 cujus
1145 2581 1270 2630 exstant
1291 2567 1443 2654 pulcher·

375 2669 450 2732 rimi
474 2669 520 2733 illi
533 2671 775 2758 Argonauticon
800 2670 873 2734 libri
898 2685 991 2734 octo:
1010 2669 1046 2732 in
1061 2670 1180 2757 quibus
1199 2693 1296 2758 quam
1323 2695 1440 2761 magno

376 2776 492 2865 spiritu
502 2777 663 2865 insurgat,
675 2793 832 2865 quantum
842 2776 964 2866 ingenii
978 2773 1159 2840 felicitatem
1172 2777 1337 2860 ostendat,
1350 2777 1441 2842 facile

376 2880 524 2946 studioso
545 2883 659 2947 lectori
681 2898 779 2972 patet.
797 2880 847 2946 Ad
862 2882 1095 2970 perfectionem
1116 2904 1198 2970 opus
1216 2901 1312 2947 suum
1335 2881 1441 2947 dedu·

376 3009 469 3069 cere,
488 2987 720 3076 intempestivae
743 2987 857 3051 mortis
873 2987 1077 3068 interventu,
1096 3009 1163 3051 non
1182 2989 1300 3076 potuit.
1318 2983 1381 3052 Sed
1400 2987 1441 3052 de

376 3093 440 3157 hoc
449 3109 481 3158 et
489 3093 682 3182 Argonautis
696 3094 789 3181 plura
801 3093 835 3156 in
848 3093 1088 3155 commentariis
1100 3093 1219 3158 nostris
1230 3094 1265 3158 in
1275 3094 1440 3157 Valerium

375 3197 526 3263 Flaccum
544 3199 699 3264 dicemus.

477 3423 586 3489 AEcrn.
610 3424 776 3487 Masculus
793 3445 826 3485 rr
840 3424 1009 3486 Conusur.
1028 3443 1071 3486 an
1090 3444 1154 3486 nm.
1170 3423 1205 3504 l,
1221 3446 1250 3487 v.
1267 3423 1339 3487 218.

414 3626 524 3690 Subita
545 3649 604 3691 cur
617 3624 753 3714 pulcher
772 3625 1041 3690 amndinccn'rtst
1057 3625 1154 3690 Velut
1176 3625 1363 3710 HylusPEx
1377 3626 1441 3689 hoc

376 3729 486 3819 Mopsi
500 3732 651 3797 vaticinio
676 3732 767 3796 lacile
788 3731 1035 3822 cognoscimus,
1051 3731 1185 3796 Poetam
1205 3731 1336 3818 liquisse
1354 3751 1440 3818 opus

375 3836 611 3924 imperfectum.
642 3838 688 3901 Ea
717 3859 859 3925 namque
882 3853 969 3903 rates
994 3836 1175 3926 depromit,
1198 3857 1270 3922 quae
1294 3834 1440 3898 Valerius

376 3955 459 4003 esset
479 3938 717 4026 descripturus3
738 3939 795 4004 sed
815 3963 874 4004 nec
892 3938 1013 4004 Medcae
1032 3939 1162 4028 lugam,
1182 3957 1242 4001 nec
1263 3935 1439 3999 liberorum

347 4126 350 4146 Ι
377 4044 508 4124 caedem,
523 4049 687 4110 Creusaere
704 4045 854 4128 exitium,
871 4046 937 4110 fato
953 4046 1167 4131 interceptus,
1182 4042 1348 4129 expressit.
