3246 5112
396 475 523 542 NOVI
554 475 798 542 EDITORIS
827 473 982 540 NOTAE.
1176 479 1214 544 81

154 587 301 664 permutari
313 587 455 660 sepissime
464 589 582 652 soleant,
594 587 683 642 critico
693 588 750 642 viro
761 589 836 656 licet,
846 607 905 661 quse
918 590 1030 643 mannae
1038 559 1158 663 maneat,
1168 594 1219 646 leo

151 673 221 728 tioni
241 671 392 736 adherere3
408 670 531 744 equidem
545 676 643 741 pandet
659 673 747 745 potius
768 671 871 736 lathem
889 674 1045 746 Wagnerus
1057 679 1171 744 pandat,
1186 695 1218 730 ex

153 757 235 812 aeteri
255 755 317 810 eod.
335 754 379 810 ed.
394 753 455 809 ald.

191 889 227 942 V.
243 889 285 942 13.
306 893 422 955 Namque
432 901 523 956 potest.
535 917 571 927 -
581 885 670 938 Vatis.
688 883 794 939 Bonon.
812 884 894 939 codd.
915 886 1086 942 Bononiensis
1099 891 1129 954 1,
1147 907 1216 960 potet

151 973 227 1026 nullo
237 990 325 1026 sensu.
337 971 389 1024 Fac
410 969 562 1042 compendii
574 981 664 1024 notam
676 969 801 1024 omissam
821 969 918 1034 fuisse,
934 970 1075 1042 legendum
1089 977 1137 1027 erit
1150 994 1159 1027 ε
1169 997 1217 1044 po·

150 1067 213 1104 tens.
223 1050 266 1107 Sic
274 1050 445 1103 Bononiensis
455 1049 483 1102 11
490 1060 515 1102 et
525 1049 623 1102 Mater.
633 1049 673 1101 Ex
685 1048 795 1102 solemni
806 1057 849 1104 τοῦ
861 1069 875 1100 e
885 1061 911 1101 et
923 1051 934 1098 i
945 1053 1148 1119 permutatione,
1156 1073 1216 1126 pos·

151 1147 189 1190 set
202 1154 308 1208 quoque
316 1133 369 1206 legi
373 1137 439 1203 p'otis
450 1131 573 1202 (subaud.
591 1137 641 1204 est)
653 1168 661 1197 ,
672 1144 698 1185 et
706 1131 744 1185 sic
752 1132 833 1186 habet
841 1129 883 1184 ed.
898 1131 1015 1189 Floreat.
1031 1137 1109 1207 1517,
1119 1139 1215 1192 Juntae.

150 1219 211 1271 Pius
219 1229 245 1271 et
250 1216 418 1280 Hermolaus,
423 1231 503 1286 potest
513 1215 738 1280 emendaverunt3
750 1215 844 1288 quibus
851 1213 976 1269 accedere
985 1234 1040 1270 non
1050 1217 1215 1284 dubitamus,

152 1319 305 1374 quanquam
324 1313 412 1370 potens
418 1338 427 1362 ,
450 1311 475 1353 et
495 1303 560 1368 potis
583 1297 706 1352 eumdem
731 1317 838 1351 sensum
860 1299 1012 1370 presserunt.
1037 1301 1088 1354 Pro
1110 1323 1218 1372 numque

148 1399 240 1454 potest,
256 1383 406 1436 Gronovius
416 1383 566 1450 (Observat.
579 1381 683 1444 lib.IV,
694 1399 754 1453 cap.
767 1387 827 1450 sn),
840 1379 982 1451 legendum
995 1384 1135 1441 censebat:
1145 1389 1215 1456 jam-

63 1467 67 1476 ’
153 1483 284 1540 praepetere
290 1490 300 1530 ,·
311 1479 384 1522 ratus
392 1467 436 1519 hic
454 1476 556 1538 tempus
568 1463 695 1530 indicari,
705 1483 759 1536 quo
775 1475 853 1536 poeta
866 1475 955 1518 noster
965 1483 1043 1518 suum
1053 1467 1217 1539 Vespasiano

152 1570 258 1605 carmen
274 1549 385 1614 obtulit,
400 1549 597 1622 scilicet·quum
614 1547 669 1618 jam
689 1548 764 1600 Titus
784 1548 812 1599 in
832 1566 864 1600 eo
882 1559 965 1612 esset,
980 1559 1010 1602 ut
1024 1549 1159 1622 Solymum
1172 1570 1218 1605 ex·

152 1645 290 1708 pugnaret.
311 1634 391 1688 Istam
410 1651 473 1687 vero
490 1634 670 1704 conjecturam
688 1630 787 1684 refellit
802 1631 944 1695 Heinsius,
967 1633 1109 1705 multisque
1128 1654 1216 1689 exem·

151 1719 201 1792 plis
216 1719 311 1790 probat
329 1715 469 1770 formulam
487 1714 572 1779 hanc,
584 1735 692 1783 namque
707 1729 806 1784 potest,
820 1715 953 1787 frequenti
966 1715 993 1768 in
1008 1735 1058 1770 usu
1072 1718 1167 1784 inisse,
1187 1732 1218 1772 ut

152 1802 314 1874 designetur,
328 1802 351 1854 si
367 1801 428 1873 quis
441 1797 505 1873 quid
519 1800 607 1853 facere
619 1799 712 1870 possit.
727 1797 839 1852 Fallitur
852 1808 941 1850 autem
957 1797 998 1852 vir
1011 1799 1217 1866 eruditissimus,

151 1905 234 1958 quum
250 1905 326 1938 wan
345 1890 444 1945 Idume,
458 1901 507 1952 pro
523 1901 623 1936 vasam
641 1886 761 1944 Idsunan,
780 1895 873 1936 neutra
895 1881 1054 1954 scriptorum
1071 1882 1152 1937 iidem
1165 1880 1217 1956 legi

149 1971 233 2044 jubet.
251 1971 330 2023 Recte
351 1968 452 2021 notavit
469 1965 627 2037 Zinzerling.
650 1965 694 2020 hic
711 1983 768 2019 esse
785 1964 922 2038 quoddam
939 1965 1062 2032 schema,
1080 1974 1218 2034 asyndeton

152 2053 317 2126 grammatici
332 2064 446 2118 vocant,
462 2049 535 2124 quod
555 2049 633 2104 edam
647 2051 791 2104 nonnullos
809 2049 953 2104 acutissimi
975 2050 1073 2122 ingenii
1092 2052 1162 2106 virus
1180 2055 1217 2108 se-

153 2138 232 2202 felliu
248 2137 349 2190 scilicet
366 2135 483 2207 Scaliger
501 2133 545 2188 hic
562 2132 666 2206 aliquid
686 2132 833 2188 desiderari
845 2145 937 2208 putat;
954 2139 1099 2206 Solymoque
1110 2157 1160 2210 pro
1174 2145 1218 2190 So-

152 2226 217 2287 lymo
234 2220 347 2276 Carrion
369 2231 396 2274 et
409 2218 532 2273 Giianius
544 2218 679 2274 edendum
692 2236 828 2272 censuere.

186 2363 283 2425 Sabino
297 2361 437 2427 nigrantem
444 2355 664 2425 pulverefianem.
675 2386 711 2396 -
721 2355 763 2410 Sic
776 2367 802 2408 et
810 2355 936 2410 Horatius
947 2395 955 2421 ,
967 2356 1043 2412 Od.I
1054 2397 1062 2426 ,
1075 2361 1092 2413 6
1103 2363 1219 2413 :Pulvere

153 2445 227 2493 unico
238 2445 344 2511 Nigntm
357 2443 494 2494 Merionen.

182 2569 223 2626 ‚V.
240 2577 283 2634 14.
300 2575 505 2638 spargentemque
509 2569 602 2637 fatet,
618 2582 643 2620 et
654 2573 679 2622 in
693 2573 761 2622 omni
774 2586 839 2626 tarra
848 2571 1125 2640 furentem.Vividiori
1138 2573 1218 2626 simul

153 2666 185 2701 ac
203 2649 319 2704 breviori
331 2647 412 2700 modo
429 2648 530 2722 Solymi
546 2650 592 2706 τὴν
607 2651 697 2704 ἅλωσιν
714 2646 821 2720 depingi
839 2667 916 2720 posse
936 2668 991 2702 non
1006 2651 1138 2718 arbitron
1153 2652 1218 2705 duo·

153 2731 201 2784 bus
214 2731 285 2784 enim
303 2730 455 2794 versiculis,
470 2742 534 2802 quot
550 2742 702 2802 quantaque
715 2743 801 2784 essent
820 2730 895 2782 urbis
910 2732 1125 2801 propugnacula,
1138 2745 1217 2804 poeta

152 2817 228 2886 ponit
242 2827 302 2870 ante
317 2815 426 2881 oculos,
446 2812 688 2887 lymphaticnmqne
709 2812 862 2866 iudeorum
876 2814 1010 2876 imorem,
1026 2814 1072 2885 qui
1085 2815 1216 2870 Romanus

153 2897 231 2952 adid
245 2898 372 2972 adegere,
389 2910 419 2950 ut
436 2897 508 2971 quod
524 2909 656 2952 seranum
673 2898 752 2953 vellet
769 2897 893 2968 princeps
907 2894 1132 2966 humanissimus,
1146 2899 1217 2953 ferro

153 2981 319 3054 flammisque
336 2981 455 3036 funditus
468 2991 624 3035 everterent.

188 3116 224 3170 V.
248 3118 290 3171 15.
308 3120 355 3168 Ille
368 3118 409 3167 tibi
423 3119 548 3182 cultrosque
567 3117 648 3165 derra.
658 3113 746 3167 -Sic
758 3111 844 3164 Vatic.
863 3110 924 3166 eod.
934 3111 1095 3166 Bononiens.
1110 3133 1173 3167 vero
1191 3127 1216 3168 et

154 3213 217 3255 vett.
231 3200 306 3255 editt.
321 3203 384 3252 illa:
399 3216 544 3272 perperam.
561 3196 639 3252 Scioli
653 3195 788 3270 cujusdam
804 3189 874 3248 certe
887 3194 1035 3249 emendatio
1049 3208 1103 3263 est,
1119 3197 1166 3268 qui
1181 3197 1215 3250 ad

151 3290 243 3354 prolem
254 3282 422 3339 referendum
432 3303 486 3336 esse
496 3299 643 3354 pronomen
654 3281 767 3353 putavit.
782 3284 828 3332 Ille
840 3280 954 3334 refertur
966 3274 999 3330 ad
1013 3279 1103 3332 Titum
1115 3319 1122 3344 ,
1135 3298 1213 3351 quern

153 3383 228 3442 pater
244 3368 280 3423 ita
300 3387 392 3422 curum
410 3366 538 3431 habebut,
558 3377 586 3418 ut
600 3363 698 3444 jamin
717 3363 820 3435 imperii
833 3361 1037 3416 administrandi
1052 3372 1153 3436 partem
1166 3362 1214 3416 nd·

154 3453 263 3517 scitum,
281 3450 413 3506 heredem
426 3467 532 3524 quoque
549 3449 599 3502 sibi
612 3447 762 3501 destinaret.
771 3447 865 3500 Noster
882 3437 970 3500 autern
984 3465 1067 3519 quum
1080 3445 1159 3500 vellet
1175 3448 1215 3499 in·

108 3555 110 3559 ·
153 3553 235 3589 nuere
249 3553 323 3610 spem
341 3535 415 3588 illam
428 3552 481 3586 non
498 3533 555 3586 sore
572 3550 667 3586 vanam
677 3571 685 3596 ‚
695 3531 838 3603 Titumque
853 3531 923 3602 patri
945 3548 1126 3584 successurum
1140 3550 1212 3594 esse,

153 3619 292 3692 pollicetur
303 3619 466 3690 Vespasiano
482 3617 568 3690 ipsum
586 3633 602 3670 a
619 3635 668 3670 suc
683 3615 737 3668 filio
752 3615 781 3666 iu
800 3613 864 3667 deos
880 3633 936 3668 esse
955 3613 1140 3679 referendum,
1154 3635 1213 3687 quse

155 3701 223 3756 idem
241 3720 350 3774 prorsus
369 3702 528 3774 significant.
546 3699 630 3754 Porro
648 3698 683 3752 ad
698 3699 776 3751 istum
792 3715 893 3750 morem
908 3697 1028 3752 alludens
1042 3697 1098 3770 ipse
1111 3698 1214 3771 Vespa-

153 3786 242 3839 sianus
253 3786 345 3839 lethali
363 3787 456 3840 morbo
465 3803 549 3858 prope
561 3783 696 3838 consectus
706 3820 714 3845 ,
725 3801 778 3834 non
788 3780 893 3852 illepide
904 3783 990 3835 aiebat
999 3794 1132 3856 ,utputo;
1147 3783 1213 3837 deus

154 3869 191 3923 iio
203 3872 288 3939 (Suet.
298 3871 410 3942 Vespas.
423 3888 484 3942 cap.
501 3871 555 3936 23).
565 3865 755 3940 Vespasianum
767 3877 871 3930 autem,
885 3866 972 3919 statim
982 3877 1012 3918 ut
1025 3867 1077 3920 vita
1089 3869 1214 3934 excessit,

154 3952 181 4005 in
200 3951 265 4007 deos
283 3952 365 4006 fuisse
380 3956 509 4016 relatum,
522 3971 553 4005 ex
568 3949 698 4004 veteribus
710 3949 825 4002 nummis
841 3959 959 4013 constat,
973 3950 1023 4003 hac
1041 3952 1213 4024 inscriptione

155 4035 280 4109 signatis:
306 4037 387 4090 Diras
405 4038 536 4108 Augustus
554 4033 730 4107 Vespasianus
748 4052 778 4085 ex
797 4034 824 4086 S.
838 4033 870 4084 C.
882 4043 1042 4104 testaturque
1056 4034 1155 4088 Plinius
1168 4035 1213 4105 ju·

155 4121 213 4173 nior
223 4121 252 4173 in
265 4120 439 4194 panegyrico,
453 4139 512 4192 cap.
531 4138 558 4171 ιι
574 4137 581 4171 :
598 4116 723 4172 «Dicavit
737 4115 801 4170 eaelo
813 4115 933 4170 Tiberius
946 4117 1109 4192 Augustum,
1122 4115 1169 4170 sed
1182 4129 1213 4169 ut

154 4203 295 4276 majestatis
314 4223 413 4258 numen
435 4203 571 4267 indueret;
586 4199 725 4270 Claudium
747 4201 835 4270 Nero,
850 4199 897 4253 sed
914 4211 944 4252 ut
960 4200 1099 4265 irrideret,
1114 4200 1215 4272 Vespa.

262 4300 288 4364 I.
832 4395 836 4410 Ι
1019 4299 1040 4362 6
