<?xml version="1.0" encoding="UTF-8"?>
<!DOCTYPE html PUBLIC "-//W3C//DTD XHTML 1.0 Transitional//EN"
    "http://www.w3.org/TR/xhtml1/DTD/xhtml1-transitional.dtd">
<html xmlns="http://www.w3.org/1999/xhtml" xml:lang="en" lang="en">
 <head>
  <title>
</title>
<meta http-equiv="Content-Type" content="text/html;charset=utf-8" />
  <meta name='ocr-system' content='tesseract 3.04.00' />
  <meta name='ocr-capabilities' content='ocr_page ocr_carea ocr_par ocr_line ocrx_word'/>
</head>
<body>
  <div class='ocr_page' id='page_1' title='image "./cvaleriiflaccis00apolgoog_0551.png"; bbox 0 0 3116 5102; ppageno 0'>
   <div class='ocr_carea' id='block_1_1' title="bbox 347 509 1112 576">
    <p class='ocr_par' dir='ltr' id='par_1_1' title="bbox 347 509 1112 576">
     <span class='ocr_line' id='line_1_1' title="bbox 347 509 1112 576; baseline -0.004 -2"><span class='ocrx_word' id='word_1_1' title='bbox 347 511 410 576; x_wconf 76' lang='lat'><strong>328</strong></span> <span class='ocrx_word' id='word_1_2' title='bbox 654 512 689 572; x_wconf 89' lang='lat' dir='ltr'><strong>C.</strong></span> <span class='ocrx_word' id='word_1_3' title='bbox 713 509 907 574; x_wconf 86' lang='lat' dir='ltr'><strong>VALERll</strong></span> <span class='ocrx_word' id='word_1_4' title='bbox 938 510 1112 574; x_wconf 88' lang='lat' dir='ltr'><strong>FLACCl</strong></span> 
     </span>
    </p>
   </div>
   <div class='ocr_carea' id='block_1_2' title="bbox 389 639 1415 1876">
    <p class='ocr_par' dir='ltr' id='par_1_2' title="bbox 389 639 1187 732">
     <span class='ocr_line' id='line_1_2' title="bbox 389 639 1187 732; baseline 0 -26"><span class='ocrx_word' id='word_1_5' title='bbox 389 641 521 732; x_wconf 85' lang='lat' dir='ltr'>Tiphyn</span> <span class='ocrx_word' id='word_1_6' title='bbox 537 642 603 730; x_wconf 87' lang='lat' dir='ltr'><strong>agit</strong></span> <span class='ocrx_word' id='word_1_7' title='bbox 619 642 759 706; x_wconf 90' lang='lat' dir='ltr'><strong>violenta</strong></span> <span class='ocrx_word' id='word_1_8' title='bbox 774 642 864 722; x_wconf 87' lang='lat' dir='ltr'><strong>lues,</strong></span> <span class='ocrx_word' id='word_1_9' title='bbox 880 642 1055 729; x_wconf 85' lang='lat' dir='ltr'><strong>cunctique</strong></span> <span class='ocrx_word' id='word_1_10' title='bbox 1066 639 1187 730; x_wconf 73' lang='lat' dir='ltr'><strong>&#39;pavore</strong></span> 
     </span>
    </p>

    <p class='ocr_par' dir='ltr' id='par_1_3' title="bbox 389 754 1132 822">
     <span class='ocr_line' id='line_1_3' title="bbox 389 754 1132 822; baseline -0.003 0"><span class='ocrx_word' id='word_1_11' title='bbox 389 756 526 822; x_wconf 81' lang='lat' dir='ltr'><strong>Attoniti</strong></span> <span class='ocrx_word' id='word_1_12' title='bbox 541 755 687 820; x_wconf 82' lang='lat' dir='ltr'><strong>fundunt</strong></span> <span class='ocrx_word' id='word_1_13' title='bbox 703 771 830 820; x_wconf 86' lang='lat' dir='ltr'><strong>moestas</strong></span> <span class='ocrx_word' id='word_1_14' title='bbox 846 754 1003 819; x_wconf 78' lang='lat' dir='ltr'><strong>adsidere</strong></span> <span class='ocrx_word' id='word_1_15' title='bbox 1015 777 1132 820; x_wconf 87' lang='lat' dir='ltr'><strong>voces:</strong></span> 
     </span>
    </p>

    <p class='ocr_par' dir='ltr' id='par_1_4' title="bbox 390 869 1348 960">
     <span class='ocr_line' id='line_1_4' title="bbox 390 869 1348 960; baseline 0.003 -25"><span class='ocrx_word' id='word_1_16' title='bbox 390 872 623 958; x_wconf 85' lang='lat' dir='ltr'><strong>·Arcipotens,</strong></span> <span class='ocrx_word' id='word_1_17' title='bbox 636 869 783 952; x_wconf 86' lang='lat' dir='ltr'><strong>adverte,</strong></span> <span class='ocrx_word' id='word_1_18' title='bbox 799 891 924 958; x_wconf 87' lang='lat' dir='ltr'><strong>preoor,</strong></span> <span class='ocrx_word' id='word_1_19' title='bbox 937 891 1028 934; x_wconf 87' lang='lat' dir='ltr'><strong>nune</strong></span> <span class='ocrx_word' id='word_1_20' title='bbox 1039 869 1198 958; x_wconf 88' lang='lat' dir='ltr'><strong>deniqne,</strong></span> <span class='ocrx_word' id='word_1_21' title='bbox 1212 873 1348 960; x_wconf 77' lang='lat' dir='ltr'><strong>Apollo:</strong></span> 
     </span>
    </p>

    <p class='ocr_par' dir='ltr' id='par_1_5' title="bbox 390 985 1256 1075">
     <span class='ocr_line' id='line_1_5' title="bbox 390 985 1256 1075; baseline 0.001 -27"><span class='ocrx_word' id='word_1_22' title='bbox 390 987 481 1066; x_wconf 89' lang='lat' dir='ltr'><strong>Hoc,</strong></span> <span class='ocrx_word' id='word_1_23' title='bbox 495 1001 601 1075; x_wconf 91' lang='lat' dir='ltr'><strong>pater,</strong></span> <span class='ocrx_word' id='word_1_24' title='bbox 617 986 681 1048; x_wconf 88' lang='lat' dir='ltr'><strong>hoe</strong></span> <span class='ocrx_word' id='word_1_25' title='bbox 697 985 792 1049; x_wconf 87' lang='lat' dir='ltr'><strong>nobis</strong></span> <span class='ocrx_word' id='word_1_26' title='bbox 806 985 915 1049; x_wconf 82' lang='lat' dir='ltr'><strong>refove</strong></span> <span class='ocrx_word' id='word_1_27' title='bbox 930 1001 1043 1073; x_wconf 88' lang='lat' dir='ltr'><strong>eaput,</strong></span> <span class='ocrx_word' id='word_1_28' title='bbox 1060 985 1124 1048; x_wconf 86' lang='lat' dir='ltr'><strong>ulla</strong></span> <span class='ocrx_word' id='word_1_29' title='bbox 1138 985 1256 1049; x_wconf 88' lang='lat' dir='ltr'><strong>laboris</strong></span> 
     </span>
    </p>

    <p class='ocr_par' dir='ltr' id='par_1_6' title="bbox 390 1099 1180 1188">
     <span class='ocr_line' id='line_1_6' title="bbox 390 1099 1180 1188; baseline 0.001 -24"><span class='ocrx_word' id='word_1_30' title='bbox 390 1101 423 1164; x_wconf 92' lang='lat' dir='ltr'><strong>Si</strong></span> <span class='ocrx_word' id='word_1_31' title='bbox 437 1101 540 1164; x_wconf 84' lang='lat' dir='ltr'><strong>nostri</strong></span> <span class='ocrx_word' id='word_1_32' title='bbox 554 1117 585 1164; x_wconf 93' lang='lat' dir='ltr'><strong>te</strong></span> <span class='ocrx_word' id='word_1_33' title='bbox 601 1123 677 1165; x_wconf 91' lang='lat' dir='ltr'><strong>cura</strong></span> <span class='ocrx_word' id='word_1_34' title='bbox 692 1117 818 1182; x_wconf 86' lang='lat' dir='ltr'><strong>movet,</strong></span> <span class='ocrx_word' id='word_1_35' title='bbox 833 1101 889 1188; x_wconf 84' lang='lat' dir='ltr'><strong>qni</strong></span> <span class='ocrx_word' id='word_1_36' title='bbox 905 1099 1036 1164; x_wconf 76' lang='lat' dir='ltr'><strong>caldine</strong></span> <span class='ocrx_word' id='word_1_37' title='bbox 1051 1123 1180 1165; x_wconf 90' lang='lat' dir='ltr'><strong>summo</strong></span> 
     </span>
    </p>

    <p class='ocr_par' dir='ltr' id='par_1_7' title="bbox 391 1213 1414 1413">
     <span class='ocr_line' id='line_1_7' title="bbox 391 1213 1414 1304; baseline -0.003 -26"><span class='ocrx_word' id='word_1_38' title='bbox 391 1216 556 1296; x_wconf 81' lang='lat' dir='ltr'><strong>Vertitur,</strong></span> <span class='ocrx_word' id='word_1_39' title='bbox 569 1232 668 1304; x_wconf 89' lang='lat' dir='ltr'><strong>atque</strong></span> <span class='ocrx_word' id='word_1_40' title='bbox 681 1217 787 1279; x_wconf 90' lang='lat' dir='ltr'><strong>omnis</strong></span> <span class='ocrx_word' id='word_1_41' title='bbox 801 1215 951 1279; x_wconf 83' lang='lat' dir='ltr'><strong>manibus</strong></span> <span class='ocrx_word' id='word_1_42' title='bbox 962 1237 1052 1278; x_wconf 90' lang='lat' dir='ltr'><strong>nuno</strong></span> <span class='ocrx_word' id='word_1_43' title='bbox 1061 1213 1231 1304; x_wconf 87' lang='lat' dir='ltr'><strong>pendetab</strong></span> <span class='ocrx_word' id='word_1_44' title='bbox 1243 1219 1317 1281; x_wconf 83' lang='lat' dir='ltr'><strong>unis</strong></span> <span class='ocrx_word' id='word_1_45' title='bbox 1326 1247 1350 1280; x_wconf 78' lang='grc' dir='ltr'><strong>ι.</strong></span> <span class='ocrx_word' id='word_1_46' title='bbox 1389 1250 1414 1278; x_wconf 66' lang='grc' dir='ltr'><strong>ι.»</strong></span> 
     </span>
     <span class='ocr_line' id='line_1_8' title="bbox 438 1327 1278 1413; baseline 0.001 -18"><span class='ocrx_word' id='word_1_47' title='bbox 438 1333 529 1395; x_wconf 85' lang='lat' dir='ltr'><strong>Dicta</strong></span> <span class='ocrx_word' id='word_1_48' title='bbox 544 1331 665 1394; x_wconf 86' lang='lat' dir='ltr'><strong>dabant</strong></span> <span class='ocrx_word' id='word_1_49' title='bbox 680 1332 805 1413; x_wconf 82' lang='lat' dir='ltr'><strong>ventis,</strong></span> <span class='ocrx_word' id='word_1_50' title='bbox 822 1353 883 1394; x_wconf 87' lang='lat' dir='ltr'><strong>nee</strong></span> <span class='ocrx_word' id='word_1_51' title='bbox 897 1330 1004 1394; x_wconf 89' lang='lat' dir='ltr'><strong>debita</strong></span> <span class='ocrx_word' id='word_1_52' title='bbox 1019 1327 1084 1396; x_wconf 82' lang='lat' dir='ltr'><strong>fata</strong></span> <span class='ocrx_word' id='word_1_53' title='bbox 1095 1331 1278 1396; x_wconf 88' lang='lat' dir='ltr'><strong>movebant.</strong></span> 
     </span>
    </p>

    <p class='ocr_par' dir='ltr' id='par_1_8' title="bbox 393 1444 1255 1534">
     <span class='ocr_line' id='line_1_9' title="bbox 393 1444 1255 1534; baseline 0.001 -26"><span class='ocrx_word' id='word_1_54' title='bbox 393 1445 532 1528; x_wconf 81' lang='lat' dir='ltr'><strong>Qualem</strong></span> <span class='ocrx_word' id='word_1_55' title='bbox 548 1446 703 1533; x_wconf 74' lang='lat' dir='ltr'><strong>praecipiti</strong></span> <span class='ocrx_word' id='word_1_56' title='bbox 721 1444 888 1534; x_wconf 87' lang='lat' dir='ltr'><strong>gravidum</strong></span> <span class='ocrx_word' id='word_1_57' title='bbox 902 1445 967 1524; x_wconf 86' lang='lat' dir='ltr'><strong>jam</strong></span> <span class='ocrx_word' id='word_1_58' title='bbox 985 1462 1072 1510; x_wconf 86' lang='lat' dir='ltr'><strong>sorte</strong></span> <span class='ocrx_word' id='word_1_59' title='bbox 1089 1461 1255 1534; x_wconf 81' lang='lat' dir='ltr'><strong>parentem</strong></span> 
     </span>
    </p>

    <p class='ocr_par' dir='ltr' id='par_1_9' title="bbox 392 1557 1269 1649">
     <span class='ocr_line' id='line_1_10' title="bbox 392 1557 1269 1649; baseline 0.001 -26"><span class='ocrx_word' id='word_1_60' title='bbox 392 1560 551 1623; x_wconf 86' lang='lat' dir='ltr'><strong>Natorum</strong></span> <span class='ocrx_word' id='word_1_61' title='bbox 565 1557 619 1622; x_wconf 88' lang='lat' dir='ltr'><strong>flet</strong></span> <span class='ocrx_word' id='word_1_62' title='bbox 632 1582 727 1648; x_wconf 87' lang='lat' dir='ltr'><strong>parva</strong></span> <span class='ocrx_word' id='word_1_63' title='bbox 740 1581 873 1641; x_wconf 88' lang='lat' dir='ltr'><strong>manus,</strong></span> <span class='ocrx_word' id='word_1_64' title='bbox 886 1559 1068 1648; x_wconf 86' lang='lat' dir='ltr'><strong>trepidique</strong></span> <span class='ocrx_word' id='word_1_65' title='bbox 1081 1575 1269 1649; x_wconf 80' lang='lat' dir='ltr'><strong>precantur,</strong></span> 
     </span>
    </p>

    <p class='ocr_par' dir='ltr' id='par_1_10' title="bbox 393 1672 1189 1764">
     <span class='ocr_line' id='line_1_11' title="bbox 393 1672 1189 1764; baseline 0 -26"><span class='ocrx_word' id='word_1_66' title='bbox 393 1673 497 1738; x_wconf 89' lang='lat' dir='ltr'><strong>Duret</strong></span> <span class='ocrx_word' id='word_1_67' title='bbox 508 1689 545 1736; x_wconf 92' lang='lat' dir='ltr'><strong>ut</strong></span> <span class='ocrx_word' id='word_1_68' title='bbox 558 1672 721 1750; x_wconf 80' lang='lat' dir='ltr'><strong>invalidis,</strong></span> <span class='ocrx_word' id='word_1_69' title='bbox 735 1691 767 1737; x_wconf 89' lang='lat' dir='ltr'><strong>et</strong></span> <span class='ocrx_word' id='word_1_70' title='bbox 777 1673 885 1738; x_wconf 88' lang='lat' dir='ltr'><strong>adhuc</strong></span> <span class='ocrx_word' id='word_1_71' title='bbox 897 1675 1050 1763; x_wconf 84' lang='lat' dir='ltr'><strong>genitoris</strong></span> <span class='ocrx_word' id='word_1_72' title='bbox 1063 1675 1189 1764; x_wconf 83' lang='lat' dir='ltr'><strong>egenis3</strong></span> 
     </span>
    </p>

    <p class='ocr_par' dir='ltr' id='par_1_11' title="bbox 395 1786 1415 1876">
     <span class='ocr_line' id='line_1_12' title="bbox 395 1786 1415 1876; baseline -0.006 -25"><span class='ocrx_word' id='word_1_73' title='bbox 395 1786 492 1852; x_wconf 88' lang='lat' dir='ltr'><strong>Haud</strong></span> <span class='ocrx_word' id='word_1_74' title='bbox 505 1787 597 1850; x_wconf 88' lang='lat' dir='ltr'><strong>aliter</strong></span> <span class='ocrx_word' id='word_1_75' title='bbox 612 1788 690 1850; x_wconf 88' lang='lat' dir='ltr'><strong>socii</strong></span> <span class='ocrx_word' id='word_1_76' title='bbox 704 1809 858 1875; x_wconf 88' lang='lat' dir='ltr'><strong>supremo</strong></span> <span class='ocrx_word' id='word_1_77' title='bbox 869 1789 903 1850; x_wconf 88' lang='lat' dir='ltr'><strong>iu</strong></span> <span class='ocrx_word' id='word_1_78' title='bbox 920 1804 1068 1874; x_wconf 86' lang='lat' dir='ltr'><strong>ternpore</strong></span> <span class='ocrx_word' id='word_1_79' title='bbox 1081 1788 1209 1876; x_wconf 82' lang='lat' dir='ltr'><strong>Tiphyn</strong></span> <span class='ocrx_word' id='word_1_80' title='bbox 1392 1807 1415 1846; x_wconf 73' lang='lat' dir='ltr'><strong>‚s</strong></span> 
     </span>
    </p>
   </div>
   <div class='ocr_carea' id='block_1_3' title="bbox 394 1899 1419 2555">
    <p class='ocr_par' dir='ltr' id='par_1_12' title="bbox 396 1899 1257 1991">
     <span class='ocr_line' id='line_1_13' title="bbox 396 1899 1257 1991; baseline 0 -25"><span class='ocrx_word' id='word_1_81' title='bbox 396 1904 479 1966; x_wconf 84' lang='lat' dir='ltr'><strong>Ante</strong></span> <span class='ocrx_word' id='word_1_82' title='bbox 491 1902 569 1964; x_wconf 86' lang='lat' dir='ltr'><strong>alios</strong></span> <span class='ocrx_word' id='word_1_83' title='bbox 582 1923 749 1988; x_wconf 86' lang='lat' dir='ltr'><strong>superesse</strong></span> <span class='ocrx_word' id='word_1_84' title='bbox 762 1903 899 1964; x_wconf 83' lang='lat' dir='ltr'><strong>volunt:</strong></span> <span class='ocrx_word' id='word_1_85' title='bbox 917 1923 1005 1964; x_wconf 89' lang='lat' dir='ltr'><strong>mors</strong></span> <span class='ocrx_word' id='word_1_86' title='bbox 1018 1899 1132 1991; x_wconf 81' lang='lat' dir='ltr'><strong>frigida</strong></span> <span class='ocrx_word' id='word_1_87' title='bbox 1144 1918 1257 1968; x_wconf 80' lang='lat' dir='ltr'><strong>contra</strong></span> 
     </span>
    </p>

    <p class='ocr_par' dir='ltr' id='par_1_13' title="bbox 395 2014 1196 2105">
     <span class='ocr_line' id='line_1_14' title="bbox 395 2014 1196 2105; baseline 0.004 -27"><span class='ocrx_word' id='word_1_88' title='bbox 395 2017 514 2105; x_wconf 85' lang='lat' dir='ltr'><strong>Urget,</strong></span> <span class='ocrx_word' id='word_1_89' title='bbox 533 2030 566 2079; x_wconf 93' lang='lat' dir='ltr'><strong>et</strong></span> <span class='ocrx_word' id='word_1_90' title='bbox 581 2016 634 2078; x_wconf 90' lang='lat' dir='ltr'><strong>ille</strong></span> <span class='ocrx_word' id='word_1_91' title='bbox 648 2037 760 2079; x_wconf 87' lang='lat' dir='ltr'><strong>recens</strong></span> <span class='ocrx_word' id='word_1_92' title='bbox 772 2015 873 2078; x_wconf 88' lang='lat' dir='ltr'><strong>oeulis</strong></span> <span class='ocrx_word' id='word_1_93' title='bbox 884 2016 1056 2079; x_wconf 84' lang='lat' dir='ltr'><strong>intervolat</strong></span> <span class='ocrx_word' id='word_1_94' title='bbox 1066 2014 1196 2082; x_wconf 89' lang='lat' dir='ltr'><strong>Idmon.</strong></span> 
     </span>
    </p>

    <p class='ocr_par' dir='ltr' id='par_1_14' title="bbox 394 2128 1197 2216">
     <span class='ocr_line' id='line_1_15' title="bbox 394 2128 1197 2216; baseline 0.001 -23"><span class='ocrx_word' id='word_1_95' title='bbox 394 2131 589 2193; x_wconf 83' lang='lat' dir='ltr'><strong>Exanimum</strong></span> <span class='ocrx_word' id='word_1_96' title='bbox 604 2130 722 2192; x_wconf 85' lang='lat' dir='ltr'><strong>frustra</strong></span> <span class='ocrx_word' id='word_1_97' title='bbox 735 2128 853 2216; x_wconf 80' lang='lat' dir='ltr'><strong>Minyae</strong></span> <span class='ocrx_word' id='word_1_98' title='bbox 866 2130 1005 2194; x_wconf 89' lang='lat' dir='ltr'><strong>clamore</strong></span> <span class='ocrx_word' id='word_1_99' title='bbox 1018 2147 1197 2213; x_wconf 86' lang='lat' dir='ltr'><strong>morantur,</strong></span> 
     </span>
    </p>

    <p class='ocr_par' dir='ltr' id='par_1_15' title="bbox 396 2244 1419 2555">
     <span class='ocr_line' id='line_1_16' title="bbox 396 2244 1229 2333; baseline -0.001 -24"><span class='ocrx_word' id='word_1_100' title='bbox 396 2245 564 2332; x_wconf 88' lang='lat' dir='ltr'><strong>Avellique</strong></span> <span class='ocrx_word' id='word_1_101' title='bbox 579 2259 716 2332; x_wconf 82' lang='lat' dir='ltr'><strong>negant3</strong></span> <span class='ocrx_word' id='word_1_102' title='bbox 728 2244 782 2306; x_wconf 85' lang='lat' dir='ltr'><strong>vix</strong></span> <span class='ocrx_word' id='word_1_103' title='bbox 790 2244 938 2307; x_wconf 87' lang='lat' dir='ltr'><strong>membra</strong></span> <span class='ocrx_word' id='word_1_104' title='bbox 950 2245 1086 2333; x_wconf 84' lang='lat' dir='ltr'><strong>rigentia</strong></span> <span class='ocrx_word' id='word_1_105' title='bbox 1099 2245 1229 2310; x_wconf 88' lang='lat' dir='ltr'><strong>tandem</strong></span> 
     </span>
     <span class='ocr_line' id='line_1_17' title="bbox 397 2359 1419 2454; baseline 0.007 -32"><span class='ocrx_word' id='word_1_106' title='bbox 397 2361 586 2448; x_wconf 76' lang='lat' dir='ltr'><strong>imposuere</strong></span> <span class='ocrx_word' id='word_1_107' title='bbox 597 2381 694 2454; x_wconf 87' lang='lat' dir='ltr'><strong>rogo,</strong></span> <span class='ocrx_word' id='word_1_108' title='bbox 707 2359 927 2446; x_wconf 81' lang='lat' dir='ltr'><strong>lacrymasque</strong></span> <span class='ocrx_word' id='word_1_109' title='bbox 940 2374 973 2423; x_wconf 91' lang='lat' dir='ltr'><strong>et</strong></span> <span class='ocrx_word' id='word_1_110' title='bbox 984 2382 1122 2426; x_wconf 90' lang='lat' dir='ltr'><strong>munera</strong></span> <span class='ocrx_word' id='word_1_111' title='bbox 1134 2359 1269 2429; x_wconf 81' lang='lat' dir='ltr'><strong>flammis</strong></span> <span class='ocrx_word' id='word_1_112' title='bbox 1394 2367 1419 2407; x_wconf 80' lang='lat'><strong>³⁰</strong></span> 
     </span>
     <span class='ocr_line' id='line_1_18' title="bbox 396 2473 1129 2555; baseline 0.001 -18"><span class='ocrx_word' id='word_1_113' title='bbox 396 2475 486 2538; x_wconf 91' lang='lat' dir='ltr'><strong>Vana</strong></span> <span class='ocrx_word' id='word_1_114' title='bbox 498 2475 624 2555; x_wconf 82' lang='lat' dir='ltr'><strong>ferunt3</strong></span> <span class='ocrx_word' id='word_1_115' title='bbox 637 2473 751 2538; x_wconf 80' lang='lat' dir='ltr'><strong>erescit</strong></span> <span class='ocrx_word' id='word_1_116' title='bbox 763 2473 858 2538; x_wconf 87' lang='lat' dir='ltr'><strong>donis</strong></span> <span class='ocrx_word' id='word_1_117' title='bbox 870 2475 975 2538; x_wconf 83' lang='lat' dir='ltr'><strong>feralis</strong></span> <span class='ocrx_word' id='word_1_118' title='bbox 986 2497 1129 2538; x_wconf 82' lang='lat' dir='ltr'><strong>enervus.</strong></span> 
     </span>
    </p>
   </div>
   <div class='ocr_carea' id='block_1_4' title="bbox 359 2675 1417 2802">
    <p class='ocr_par' dir='ltr' id='par_1_16' title="bbox 359 2675 1417 2802">
     <span class='ocr_line' id='line_1_19' title="bbox 386 2675 1417 2741; baseline 0 -17"><span class='ocrx_word' id='word_1_119' title='bbox 386 2678 422 2724; x_wconf 66' lang='grc' dir='ltr'><strong>πᾶ.</strong></span> <span class='ocrx_word' id='word_1_120' title='bbox 434 2680 464 2722; x_wconf 79' lang='lat' dir='ltr'><strong>In</strong></span> <span class='ocrx_word' id='word_1_121' title='bbox 472 2675 563 2736; x_wconf 73' lang='lat' dir='ltr'><strong>sunere</strong></span> <span class='ocrx_word' id='word_1_122' title='bbox 575 2677 641 2723; x_wconf 87' lang='lat' dir='ltr'><strong>Carr.</strong></span> <span class='ocrx_word' id='word_1_123' title='bbox 654 2677 704 2722; x_wconf 84' lang='lat' dir='ltr'><strong>cod.</strong></span> <span class='ocrx_word' id='word_1_124' title='bbox 717 2705 745 2712; x_wconf 87' lang='lat'><em>-</em></span> <span class='ocrx_word' id='word_1_125' title='bbox 754 2678 907 2724; x_wconf 74' lang='lat' dir='ltr'><strong>Pretervolat.</strong></span> <span class='ocrx_word' id='word_1_126' title='bbox 920 2679 1008 2723; x_wconf 82' lang='lat' dir='ltr'><strong>Boron.</strong></span> <span class='ocrx_word' id='word_1_127' title='bbox 1021 2679 1160 2725; x_wconf 69' lang='lat' dir='ltr'><strong>cod-31.</strong></span> <span class='ocrx_word' id='word_1_128' title='bbox 1171 2680 1318 2741; x_wconf 71' lang='lat' dir='ltr'><strong>Unasetunt.</strong></span> <span class='ocrx_word' id='word_1_129' title='bbox 1330 2683 1417 2726; x_wconf 65' lang='lat' dir='ltr'><strong>bonon.</strong></span> 
     </span>
     <span class='ocr_line' id='line_1_20' title="bbox 359 2755 634 2802; baseline -0.004 0"><span class='ocrx_word' id='word_1_130' title='bbox 359 2755 411 2802; x_wconf 73' lang='lat' dir='ltr'><strong>md.</strong></span> <span class='ocrx_word' id='word_1_131' title='bbox 421 2764 445 2802; x_wconf 90' lang='lat' dir='ltr'><strong>et</strong></span> <span class='ocrx_word' id='word_1_132' title='bbox 453 2757 542 2802; x_wconf 74' lang='lat' dir='ltr'><strong>Borion</strong></span> <span class='ocrx_word' id='word_1_133' title='bbox 559 2757 578 2800; x_wconf 85' lang='lat' dir='ltr'><strong>l.</strong></span> <span class='ocrx_word' id='word_1_134' title='bbox 592 2757 634 2801; x_wconf 83' lang='lat' dir='ltr'><strong>En.</strong></span> 
     </span>
    </p>
   </div>
   <div class='ocr_carea' id='block_1_5' title="bbox 354 2928 1419 3476">
    <p class='ocr_par' dir='ltr' id='par_1_17' title="bbox 354 2928 1419 3397">
     <span class='ocr_line' id='line_1_21' title="bbox 391 2928 1417 3002; baseline -0.001 -23"><span class='ocrx_word' id='word_1_135' title='bbox 391 2945 433 2996; x_wconf 86' lang='lat'><strong>¹7·</strong></span> <span class='ocrx_word' id='word_1_136' title='bbox 449 2931 593 2996; x_wconf 80' lang='lat' dir='ltr'><strong>Areipotens</strong></span> <span class='ocrx_word' id='word_1_137' title='bbox 612 2930 709 2997; x_wconf 65' lang='lat' dir='ltr'><strong>Apono,</strong></span> <span class='ocrx_word' id='word_1_138' title='bbox 724 2931 863 3002; x_wconf 73' lang='grc' dir='ltr'><strong>τοξοφδρις,</strong></span> <span class='ocrx_word' id='word_1_139' title='bbox 910 2930 987 2982; x_wconf 88' lang='lat' dir='ltr'><strong>morti</strong></span> <span class='ocrx_word' id='word_1_140' title='bbox 999 2941 1162 3002; x_wconf 74' lang='lat' dir='ltr'><strong>praemature</strong></span> <span class='ocrx_word' id='word_1_141' title='bbox 1171 2928 1417 3000; x_wconf 59' lang='lat' dir='ltr'><strong>propinquemus</strong></span> 
     </span>
     <span class='ocr_line' id='line_1_22' title="bbox 354 2997 1414 3080; baseline 0 -24"><span class='ocrx_word' id='word_1_142' title='bbox 354 3010 453 3072; x_wconf 74' lang='grc' dir='ltr'>τοξότης</span> <span class='ocrx_word' id='word_1_143' title='bbox 461 3009 612 3073; x_wconf 80' lang='lat' dir='ltr'><strong>(arcitenens</strong></span> <span class='ocrx_word' id='word_1_144' title='bbox 624 2997 735 3078; x_wconf 68' lang='lat' dir='ltr'><strong>,virgil</strong></span> <span class='ocrx_word' id='word_1_145' title='bbox 746 3009 864 3064; x_wconf 81' lang='lat' dir='ltr'><strong>AEn.111‚</strong></span> <span class='ocrx_word' id='word_1_146' title='bbox 910 3012 1036 3080; x_wconf 81' lang='lat' dir='ltr'><strong>torumflet</strong></span> <span class='ocrx_word' id='word_1_147' title='bbox 1041 3011 1135 3079; x_wconf 83' lang='lat' dir='ltr'><strong>parva(</strong></span> <span class='ocrx_word' id='word_1_148' title='bbox 1141 3026 1284 3080; x_wconf 83' lang='lat' dir='ltr'><strong>parvorum</strong></span> <span class='ocrx_word' id='word_1_149' title='bbox 1293 3008 1303 3076; x_wconf 91' lang='lat'>)</span> <span class='ocrx_word' id='word_1_150' title='bbox 1312 3027 1414 3070; x_wconf 79' lang='lat' dir='ltr'><strong>manus,</strong></span> 
     </span>
     <span class='ocr_line' id='line_1_23' title="bbox 355 3086 1419 3157; baseline 0 -17"><span class='ocrx_word' id='word_1_151' title='bbox 355 3087 420 3156; x_wconf 82' lang='lat'><strong>75),</strong></span> <span class='ocrx_word' id='word_1_152' title='bbox 430 3090 529 3138; x_wconf 83' lang='lat' dir='ltr'><strong>adverte</strong></span> <span class='ocrx_word' id='word_1_153' title='bbox 539 3089 549 3154; x_wconf 95' lang='lat'>(</span> <span class='ocrx_word' id='word_1_154' title='bbox 558 3087 607 3139; x_wconf 88' lang='lat' dir='ltr'><strong>uisi</strong></span> <span class='ocrx_word' id='word_1_155' title='bbox 620 3087 696 3139; x_wconf 83' lang='lat' dir='ltr'><strong>malis</strong></span> <span class='ocrx_word' id='word_1_156' title='bbox 712 3105 774 3140; x_wconf 87' lang='lat' dir='ltr'><strong>cum</strong></span> <span class='ocrx_word' id='word_1_157' title='bbox 795 3086 862 3140; x_wconf 83' lang='lat' dir='ltr'><strong>Bur·</strong></span> <span class='ocrx_word' id='word_1_158' title='bbox 910 3092 1043 3157; x_wconf 83' lang='lat' dir='ltr'><strong>trepidique</strong></span> <span class='ocrx_word' id='word_1_159' title='bbox 1056 3102 1206 3157; x_wconf 63' lang='lat' dir='ltr'><strong>precanum,</strong></span> <span class='ocrx_word' id='word_1_160' title='bbox 1221 3091 1303 3147; x_wconf 81' lang='lat' dir='ltr'><strong>duret,</strong></span> <span class='ocrx_word' id='word_1_161' title='bbox 1322 3086 1419 3140; x_wconf 77' lang='lat' dir='ltr'><strong>diutius</strong></span> 
     </span>
     <span class='ocr_line' id='line_1_24' title="bbox 354 3167 1418 3240; baseline 0.001 -25"><span class='ocrx_word' id='word_1_162' title='bbox 354 3183 451 3217; x_wconf 88' lang='lat' dir='ltr'><strong>manno</strong></span> <span class='ocrx_word' id='word_1_163' title='bbox 460 3167 556 3234; x_wconf 82' lang='lat' dir='ltr'><strong>averte)</strong></span> <span class='ocrx_word' id='word_1_164' title='bbox 566 3183 573 3218; x_wconf 78' lang='lat' dir='ltr'><strong><em>z</em></strong></span> <span class='ocrx_word' id='word_1_165' title='bbox 582 3169 627 3217; x_wconf 81' lang='grc' dir='ltr'><strong>Ιιοο</strong></span> <span class='ocrx_word' id='word_1_166' title='bbox 634 3205 641 3226; x_wconf 87' lang='grc'><strong>,</strong></span> <span class='ocrx_word' id='word_1_167' title='bbox 647 3175 733 3232; x_wconf 75' lang='lat' dir='ltr'><strong>pater,</strong></span> <span class='ocrx_word' id='word_1_168' title='bbox 741 3169 786 3218; x_wconf 83' lang='grc' dir='ltr'><strong>Ιιοσ</strong></span> <span class='ocrx_word' id='word_1_169' title='bbox 796 3169 863 3217; x_wconf 78' lang='grc' dir='ltr'>ιιοῠίι</span> <span class='ocrx_word' id='word_1_170' title='bbox 910 3169 982 3220; x_wconf 86' lang='lat' dir='ltr'><strong>vivat</strong></span> <span class='ocrx_word' id='word_1_171' title='bbox 988 3167 1093 3240; x_wconf 87' lang='lat' dir='ltr'><strong>(paullo</strong></span> <span class='ocrx_word' id='word_1_172' title='bbox 1101 3178 1163 3239; x_wconf 91' lang='lat' dir='ltr'><strong>post</strong></span> <span class='ocrx_word' id='word_1_173' title='bbox 1170 3167 1310 3235; x_wconf 82' lang='lat' dir='ltr'><strong>superesse)</strong></span> <span class='ocrx_word' id='word_1_174' title='bbox 1319 3179 1345 3216; x_wconf 83' lang='lat' dir='ltr'><strong>ut</strong></span> <span class='ocrx_word' id='word_1_175' title='bbox 1353 3169 1418 3216; x_wconf 76' lang='lat' dir='ltr'><strong>irivo-</strong></span> 
     </span>
     <span class='ocr_line' id='line_1_25' title="bbox 355 3243 1419 3317; baseline 0.001 -24"><span class='ocrx_word' id='word_1_176' title='bbox 355 3245 434 3312; x_wconf 83' lang='lat' dir='ltr'><strong>resove</strong></span> <span class='ocrx_word' id='word_1_177' title='bbox 443 3260 521 3312; x_wconf 85' lang='lat' dir='ltr'><strong>eaput,</strong></span> <span class='ocrx_word' id='word_1_178' title='bbox 530 3245 635 3298; x_wconf 82' lang='lat' dir='ltr'><strong>sanitati</strong></span> <span class='ocrx_word' id='word_1_179' title='bbox 646 3247 777 3310; x_wconf 87' lang='lat' dir='ltr'><strong>restituas,</strong></span> <span class='ocrx_word' id='word_1_180' title='bbox 786 3246 865 3317; x_wconf 87' lang='lat' dir='ltr'><strong>Apol·</strong></span> <span class='ocrx_word' id='word_1_181' title='bbox 910 3249 978 3308; x_wconf 76' lang='lat' dir='ltr'><strong>lidv&#39;s,</strong></span> <span class='ocrx_word' id='word_1_182' title='bbox 988 3260 1012 3298; x_wconf 87' lang='lat' dir='ltr'><strong>et</strong></span> <span class='ocrx_word' id='word_1_183' title='bbox 1017 3250 1098 3298; x_wconf 73' lang='lat' dir='ltr'><strong>adduc</strong></span> <span class='ocrx_word' id='word_1_184' title='bbox 1105 3248 1224 3314; x_wconf 62' lang='lat' dir='ltr'><strong>gerimus</strong></span> <span class='ocrx_word' id='word_1_185' title='bbox 1232 3247 1324 3314; x_wconf 74' lang='lat' dir='ltr'><strong>egeris.</strong></span> <span class='ocrx_word' id='word_1_186' title='bbox 1332 3243 1419 3296; x_wconf 87' lang='lat' dir='ltr'><strong>Mollis</strong></span> 
     </span>
     <span class='ocr_line' id='line_1_26' title="bbox 358 3322 1330 3397; baseline 0.001 -24"><span class='ocrx_word' id='word_1_187' title='bbox 358 3322 385 3374; x_wconf 92' lang='lat' dir='ltr'><strong>lo</strong></span> <span class='ocrx_word' id='word_1_188' title='bbox 395 3322 525 3376; x_wconf 84' lang='lat' dir='ltr'><strong>salutaris.</strong></span> <span class='ocrx_word' id='word_1_189' title='bbox 910 3339 936 3378; x_wconf 93' lang='lat' dir='ltr'><strong>et</strong></span> <span class='ocrx_word' id='word_1_190' title='bbox 945 3325 1055 3378; x_wconf 76' lang='lat' dir='ltr'><strong>affectus</strong></span> <span class='ocrx_word' id='word_1_191' title='bbox 1066 3325 1144 3397; x_wconf 85' lang='lat' dir='ltr'><strong>plena</strong></span> <span class='ocrx_word' id='word_1_192' title='bbox 1155 3323 1330 3396; x_wconf 85' lang='lat' dir='ltr'><strong>comparatio!</strong></span> 
     </span>
    </p>

    <p class='ocr_par' dir='ltr' id='par_1_18' title="bbox 390 3397 1416 3476">
     <span class='ocr_line' id='line_1_27' title="bbox 390 3397 1416 3476; baseline 0.001 -32"><span class='ocrx_word' id='word_1_193' title='bbox 390 3397 867 3463; x_wconf 81' lang='lat' dir='ltr'><strong>ao.Omnislaberrvosternunepeudet</strong></span> <span class='ocrx_word' id='word_1_194' title='bbox 948 3425 989 3476; x_wconf 84' lang='lat'><strong>²7·</strong></span> <span class='ocrx_word' id='word_1_195' title='bbox 1007 3409 1052 3456; x_wconf 60' lang='lat'><strong>1110</strong></span> <span class='ocrx_word' id='word_1_196' title='bbox 1075 3424 1158 3460; x_wconf 63' lang='lat' dir='ltr'><strong>recen,</strong></span> <span class='ocrx_word' id='word_1_197' title='bbox 1180 3405 1257 3454; x_wconf 61' lang='lat' dir='ltr'><strong>oculis</strong></span> <span class='ocrx_word' id='word_1_198' title='bbox 1279 3405 1416 3460; x_wconf 58' lang='lat' dir='ltr'><strong>intervolat,</strong></span> 
     </span>
    </p>
   </div>
   <div class='ocr_carea' id='block_1_6' title="bbox 352 3473 1419 3870">
    <p class='ocr_par' dir='ltr' id='par_1_19' title="bbox 354 3473 1418 3628">
     <span class='ocr_line' id='line_1_28' title="bbox 355 3473 1418 3553; baseline 0.002 -23"><span class='ocrx_word' id='word_1_199' title='bbox 355 3477 388 3522; x_wconf 71' lang='lat' dir='ltr'><strong>ab</strong></span> <span class='ocrx_word' id='word_1_200' title='bbox 401 3475 511 3523; x_wconf 70' lang='lat' dir='ltr'><strong>munitm</strong></span> <span class='ocrx_word' id='word_1_201' title='bbox 524 3482 576 3524; x_wconf 68' lang='lat' dir='ltr'><strong>lam</strong></span> <span class='ocrx_word' id='word_1_202' title='bbox 590 3473 667 3542; x_wconf 66' lang='lat' dir='ltr'><strong>Periti</strong></span> <span class='ocrx_word' id='word_1_203' title='bbox 684 3474 867 3543; x_wconf 66' lang='lat' dir='ltr'><strong>gubernatoris</strong></span> <span class='ocrx_word' id='word_1_204' title='bbox 910 3483 1036 3536; x_wconf 81' lang='lat' dir='ltr'><strong>memorie</strong></span> <span class='ocrx_word' id='word_1_205' title='bbox 1048 3481 1129 3535; x_wconf 89' lang='lat' dir='ltr'><strong>modo</strong></span> <span class='ocrx_word' id='word_1_206' title='bbox 1144 3482 1237 3553; x_wconf 88' lang='lat' dir='ltr'><strong>sepulti</strong></span> <span class='ocrx_word' id='word_1_207' title='bbox 1246 3479 1367 3534; x_wconf 86' lang='lat' dir='ltr'><strong>Idmonis</strong></span> <span class='ocrx_word' id='word_1_208' title='bbox 1379 3498 1418 3532; x_wconf 88' lang='lat' dir='ltr'><strong>re·</strong></span> 
     </span>
     <span class='ocr_line' id='line_1_29' title="bbox 354 3551 1032 3628; baseline 0.01 -27"><span class='ocrx_word' id='word_1_209' title='bbox 354 3553 416 3602; x_wconf 79' lang='lat' dir='ltr'><strong>unis.</strong></span> <span class='ocrx_word' id='word_1_210' title='bbox 428 3551 595 3622; x_wconf 80' lang='lat' dir='ltr'><strong>Quamquam</strong></span> <span class='ocrx_word' id='word_1_211' title='bbox 606 3569 652 3604; x_wconf 82' lang='lat' dir='ltr'><strong>sua</strong></span> <span class='ocrx_word' id='word_1_212' title='bbox 665 3565 762 3606; x_wconf 76' lang='lat' dir='ltr'><strong>nature</strong></span> <span class='ocrx_word' id='word_1_213' title='bbox 775 3552 866 3628; x_wconf 86' lang='lat' dir='ltr'><strong>plura·</strong></span> <span class='ocrx_word' id='word_1_214' title='bbox 911 3574 1032 3616; x_wconf 69' lang='lat' dir='ltr'><strong>novatur.</strong></span> 
     </span>
    </p>

    <p class='ocr_par' dir='ltr' id='par_1_20' title="bbox 352 3631 1419 3870">
     <span class='ocr_line' id='line_1_30' title="bbox 353 3631 1413 3702; baseline 0.008 -22"><span class='ocrx_word' id='word_1_215' title='bbox 353 3631 404 3682; x_wconf 91' lang='lat' dir='ltr'><strong>lem</strong></span> <span class='ocrx_word' id='word_1_216' title='bbox 427 3649 551 3702; x_wconf 85' lang='lat' dir='ltr'><strong>respuere</strong></span> <span class='ocrx_word' id='word_1_217' title='bbox 570 3631 778 3694; x_wconf 80' lang='lat' dir='ltr'><strong>videaturunus,</strong></span> <span class='ocrx_word' id='word_1_218' title='bbox 796 3633 859 3685; x_wconf 87' lang='lat' dir='ltr'><strong>huic</strong></span> <span class='ocrx_word' id='word_1_219' title='bbox 940 3644 983 3695; x_wconf 75' lang='lat'><strong>28,</strong></span> <span class='ocrx_word' id='word_1_220' title='bbox 997 3645 1107 3693; x_wconf 62' lang='lat' dir='ltr'><strong>warnere</strong></span> <span class='ocrx_word' id='word_1_221' title='bbox 1118 3655 1257 3700; x_wconf 72' lang='lat' dir='ltr'><strong>moranno,</strong></span> <span class='ocrx_word' id='word_1_222' title='bbox 1267 3639 1413 3690; x_wconf 81' lang='lat' dir='ltr'><strong>conclama·</strong></span> 
     </span>
     <span class='ocr_line' id='line_1_31' title="bbox 353 3707 1415 3792; baseline 0.002 -26"><span class='ocrx_word' id='word_1_223' title='bbox 353 3721 441 3762; x_wconf 80' lang='lat' dir='ltr'><strong>tamen</strong></span> <span class='ocrx_word' id='word_1_224' title='bbox 451 3710 529 3761; x_wconf 77' lang='lat' dir='ltr'><strong>etiam</strong></span> <span class='ocrx_word' id='word_1_225' title='bbox 542 3707 605 3761; x_wconf 78' lang='lat' dir='ltr'><strong>addi</strong></span> <span class='ocrx_word' id='word_1_226' title='bbox 616 3729 708 3782; x_wconf 89' lang='lat' dir='ltr'><strong>posse,</strong></span> <span class='ocrx_word' id='word_1_227' title='bbox 718 3711 858 3784; x_wconf 81' lang='lat' dir='ltr'><strong>ipseCice·</strong></span> <span class='ocrx_word' id='word_1_228' title='bbox 904 3721 976 3774; x_wconf 85' lang='lat' dir='ltr'><strong>tione</strong></span> <span class='ocrx_word' id='word_1_229' title='bbox 989 3721 1174 3792; x_wconf 79' lang='lat' dir='ltr'><strong>experiuntur,</strong></span> <span class='ocrx_word' id='word_1_230' title='bbox 1184 3739 1218 3771; x_wconf 87' lang='grc' dir='ltr'><strong>ιιι</strong></span> <span class='ocrx_word' id='word_1_231' title='bbox 1230 3719 1298 3770; x_wconf 76' lang='lat' dir='ltr'><strong>sorte</strong></span> <span class='ocrx_word' id='word_1_232' title='bbox 1312 3716 1415 3788; x_wconf 75' lang='lat' dir='ltr'><strong>fugien-</strong></span> 
     </span>
     <span class='ocr_line' id='line_1_32' title="bbox 352 3788 1419 3870; baseline 0.003 -26"><span class='ocrx_word' id='word_1_233' title='bbox 352 3805 383 3839; x_wconf 72' lang='grc' dir='ltr'><strong><em>Ν</em></strong></span> <span class='ocrx_word' id='word_1_234' title='bbox 392 3807 439 3840; x_wconf 69' lang='lat'><strong>81¹⁸</strong></span> <span class='ocrx_word' id='word_1_235' title='bbox 449 3788 602 3858; x_wconf 66' lang='lat' dir='ltr'><strong>comprdbflt</strong></span> <span class='ocrx_word' id='word_1_236' title='bbox 613 3792 775 3843; x_wconf 68' lang='lat' dir='ltr'><strong>auctoritate·</strong></span> <span class='ocrx_word' id='word_1_237' title='bbox 906 3811 959 3851; x_wconf 87' lang='lat' dir='ltr'><strong>tem</strong></span> <span class='ocrx_word' id='word_1_238' title='bbox 983 3798 1101 3851; x_wconf 84' lang='lat' dir='ltr'><strong>animam</strong></span> <span class='ocrx_word' id='word_1_239' title='bbox 1118 3799 1218 3870; x_wconf 86' lang='lat' dir='ltr'><strong>possint</strong></span> <span class='ocrx_word' id='word_1_240' title='bbox 1233 3797 1365 3860; x_wconf 74' lang='lat' dir='ltr'><strong>retinere,</strong></span> <span class='ocrx_word' id='word_1_241' title='bbox 1386 3794 1419 3848; x_wconf 86' lang='lat' dir='ltr'><strong>de</strong></span> 
     </span>
    </p>
   </div>
   <div class='ocr_carea' id='block_1_7' title="bbox 353 3869 1418 4019">
    <p class='ocr_par' dir='ltr' id='par_1_21' title="bbox 353 3869 1418 4019">
     <span class='ocr_line' id='line_1_33' title="bbox 390 3869 1418 3948; baseline 0.007 -31"><span class='ocrx_word' id='word_1_242' title='bbox 390 3884 431 3917; x_wconf 85' lang='lat' dir='ltr'><strong>ar.</strong></span> <span class='ocrx_word' id='word_1_243' title='bbox 443 3869 646 3934; x_wconf 80' lang='lat' dir='ltr'><strong>Necdebs&#39;tafata</strong></span> <span class='ocrx_word' id='word_1_244' title='bbox 657 3873 861 3931; x_wconf 83' lang='lat' dir='ltr'><strong>movebans‚non</strong></span> <span class='ocrx_word' id='word_1_245' title='bbox 907 3896 960 3948; x_wconf 86' lang='lat' dir='ltr'><strong>quo</strong></span> <span class='ocrx_word' id='word_1_246' title='bbox 978 3895 1051 3930; x_wconf 89' lang='lat' dir='ltr'><strong>more</strong></span> <span class='ocrx_word' id='word_1_247' title='bbox 1070 3875 1130 3929; x_wconf 87' lang='lat' dir='ltr'><strong>vide</strong></span> <span class='ocrx_word' id='word_1_248' title='bbox 1147 3875 1363 3929; x_wconf 83' lang='lat' dir='ltr'><strong>Kirchmannum</strong></span> <span class='ocrx_word' id='word_1_249' title='bbox 1385 3873 1418 3930; x_wconf 86' lang='lat' dir='ltr'><strong>de</strong></span> 
     </span>
     <span class='ocr_line' id='line_1_34' title="bbox 353 3945 1176 4019; baseline 0.009 -24"><span class='ocrx_word' id='word_1_250' title='bbox 353 3955 499 4015; x_wconf 87' lang='lat' dir='ltr'><strong>potuerunt</strong></span> <span class='ocrx_word' id='word_1_251' title='bbox 515 3945 637 4010; x_wconf 85' lang='lat' dir='ltr'><strong>efficere,</strong></span> <span class='ocrx_word' id='word_1_252' title='bbox 657 3961 702 4012; x_wconf 86' lang='lat' dir='ltr'><strong>ut,</strong></span> <span class='ocrx_word' id='word_1_253' title='bbox 720 3947 792 4019; x_wconf 81' lang='lat' dir='ltr'><strong>quod</strong></span> <span class='ocrx_word' id='word_1_254' title='bbox 808 3949 862 4000; x_wconf 81' lang='lat' dir='ltr'><strong>fato</strong></span> <span class='ocrx_word' id='word_1_255' title='bbox 907 3955 1074 4019; x_wconf 67' lang='lat' dir='ltr'><strong>Funeribus,</strong></span> <span class='ocrx_word' id='word_1_256' title='bbox 1089 3955 1121 4018; x_wconf 86' lang='lat' dir='ltr'><strong>I,</strong></span> <span class='ocrx_word' id='word_1_257' title='bbox 1138 3955 1176 4007; x_wconf 85' lang='lat'><strong>13.</strong></span> 
     </span>
    </p>
   </div>
   <div class='ocr_carea' id='block_1_8' title="bbox 355 4021 1423 4346">
    <p class='ocr_par' dir='ltr' id='par_1_22' title="bbox 356 4021 1422 4093">
     <span class='ocr_line' id='line_1_35' title="bbox 356 4021 1422 4093; baseline -0.002 -19"><span class='ocrx_word' id='word_1_258' title='bbox 356 4021 511 4075; x_wconf 83' lang='lat' dir='ltr'><strong>destinatum</strong></span> <span class='ocrx_word' id='word_1_259' title='bbox 522 4035 603 4087; x_wconf 87' lang='lat' dir='ltr'><strong>esset,</strong></span> <span class='ocrx_word' id='word_1_260' title='bbox 617 4037 771 4078; x_wconf 87' lang='lat' dir='ltr'><strong>mutaretur.</strong></span> <span class='ocrx_word' id='word_1_261' title='bbox 786 4027 862 4079; x_wconf 78' lang='lat' dir='ltr'><strong>conf.</strong></span> <span class='ocrx_word' id='word_1_262' title='bbox 943 4037 987 4087; x_wconf 80' lang='lat'><strong>31,</strong></span> <span class='ocrx_word' id='word_1_263' title='bbox 1010 4037 1100 4086; x_wconf 57' lang='lat' dir='ltr'><strong>cmm</strong></span> <span class='ocrx_word' id='word_1_264' title='bbox 1117 4036 1200 4093; x_wconf 67' lang='lat' dir='ltr'><strong>donis,</strong></span> <span class='ocrx_word' id='word_1_265' title='bbox 1219 4031 1333 4084; x_wconf 63' lang='lat' dir='ltr'><strong>vestibus</strong></span> <span class='ocrx_word' id='word_1_266' title='bbox 1353 4029 1422 4083; x_wconf 63' lang='lat' dir='ltr'><strong>aliis.</strong></span> 
     </span>
    </p>

    <p class='ocr_par' dir='ltr' id='par_1_23' title="bbox 356 4101 1423 4264">
     <span class='ocr_line' id='line_1_36' title="bbox 356 4101 1419 4184; baseline -0.003 -21"><span class='ocrx_word' id='word_1_267' title='bbox 356 4101 491 4164; x_wconf 71' lang='lat'><strong>111,461.</strong></span> <span class='ocrx_word' id='word_1_268' title='bbox 908 4133 973 4184; x_wconf 85' lang='lat' dir='ltr'><strong>que,</strong></span> <span class='ocrx_word' id='word_1_269' title='bbox 994 4132 1053 4184; x_wconf 75' lang='lat' dir='ltr'><strong>quat</strong></span> <span class='ocrx_word' id='word_1_270' title='bbox 1076 4113 1118 4170; x_wconf 75' lang='lat' dir='ltr'><strong>vel</strong></span> <span class='ocrx_word' id='word_1_271' title='bbox 1141 4111 1250 4163; x_wconf 83' lang='lat' dir='ltr'><strong>mortuis</strong></span> <span class='ocrx_word' id='word_1_272' title='bbox 1271 4101 1337 4163; x_wconf 74' lang='lat' dir='ltr'><strong>cera</strong></span> <span class='ocrx_word' id='word_1_273' title='bbox 1354 4110 1419 4162; x_wconf 82' lang='lat' dir='ltr'><strong>fuis·</strong></span> 
     </span>
     <span class='ocr_line' id='line_1_37' title="bbox 392 4186 1423 4264; baseline -0.004 -20"><span class='ocrx_word' id='word_1_274' title='bbox 392 4186 862 4252; x_wconf 63' lang='lat' dir='ltr'><strong>²²·QualemProectl’ifl&#39;gmvt&#39;dumjam</strong></span> <span class='ocrx_word' id='word_1_275' title='bbox 909 4206 980 4253; x_wconf 86' lang='lat' dir='ltr'><strong>sent,</strong></span> <span class='ocrx_word' id='word_1_276' title='bbox 1001 4192 1043 4244; x_wconf 90' lang='lat' dir='ltr'><strong>vel</strong></span> <span class='ocrx_word' id='word_1_277' title='bbox 1070 4191 1270 4264; x_wconf 86' lang='lat' dir='ltr'><strong>deplorantibus</strong></span> <span class='ocrx_word' id='word_1_278' title='bbox 1290 4191 1319 4241; x_wconf 87' lang='lat' dir='ltr'><strong>in</strong></span> <span class='ocrx_word' id='word_1_279' title='bbox 1338 4189 1423 4261; x_wconf 81' lang='lat' dir='ltr'><strong>pretio</strong></span> 
     </span>
    </p>

    <p class='ocr_par' dir='ltr' id='par_1_24' title="bbox 355 4260 1334 4346">
     <span class='ocr_line' id='line_1_38' title="bbox 355 4260 1334 4346; baseline 0.007 -37"><span class='ocrx_word' id='word_1_280' title='bbox 355 4275 418 4311; x_wconf 72' lang='lat' dir='ltr'><strong>sorte</strong></span> <span class='ocrx_word' id='word_1_281' title='bbox 436 4260 529 4329; x_wconf 83' lang='lat' dir='ltr'><strong>(nlmls</strong></span> <span class='ocrx_word' id='word_1_282' title='bbox 556 4263 661 4332; x_wconf 76' lang='lat' dir='ltr'><strong>quaeslle</strong></span> <span class='ocrx_word' id='word_1_283' title='bbox 687 4262 788 4314; x_wconf 74' lang='lat' dir='ltr'><strong>(lictum</strong></span> <span class='ocrx_word' id='word_1_284' title='bbox 814 4281 863 4335; x_wconf 80' lang='lat' dir='ltr'><strong>pro</strong></span> <span class='ocrx_word' id='word_1_285' title='bbox 910 4283 996 4324; x_wconf 80' lang='lat' dir='ltr'><strong>essent</strong></span> <span class='ocrx_word' id='word_1_286' title='bbox 1009 4311 1016 4336; x_wconf 71' lang='lat'><strong>,</strong></span> <span class='ocrx_word' id='word_1_287' title='bbox 1019 4273 1113 4340; x_wconf 73' lang='lat' dir='ltr'><strong>feralis</strong></span> <span class='ocrx_word' id='word_1_288' title='bbox 1123 4290 1235 4331; x_wconf 71' lang='lat' dir='ltr'><strong>acervus,</strong></span> <span class='ocrx_word' id='word_1_289' title='bbox 1246 4287 1334 4346; x_wconf 71' lang='lat' dir='ltr'><strong>rogus.</strong></span> 
     </span>
    </p>
   </div>
   <div class='ocr_carea' id='block_1_9' title="bbox 0 0 1578 5102">
    <p class='ocr_par' dir='ltr' id='par_1_25' title="bbox 0 0 1578 5102">
     <span class='ocr_line' id='line_1_39' title="bbox 0 0 1578 5102; baseline 0 0"><span class='ocrx_word' id='word_1_290' title='bbox 0 0 1578 5102; x_wconf 95' lang='lat' dir='ltr'><strong> </strong></span> 
     </span>
    </p>
   </div>
  </div>
 </body>
</html>
