3196 5120
392 509 784 580 ARGONAUTICON
807 511 892 576 LIB.
917 512 986 576 111.
1156 538 1214 578 201

200 645 310 734 Strage
325 645 431 708 virum
451 667 508 708 sua
525 659 608 708 texta
623 667 760 733 parens,
774 669 830 710 sua
845 669 980 710 munera
996 647 1124 728 conjux.

200 763 230 824 lt
246 760 383 849 gemitus
400 775 470 824 toto
488 759 619 824 sInuosa
632 783 691 849 per
706 783 835 849 aequora
851 763 939 825 caelo.

202 875 277 940 Pars
290 890 404 938 tenues
423 873 530 954 llatus,
548 889 581 938 et
595 873 702 939 adhuc
718 874 884 940 stridentia
897 893 1051 965 prensant

200 989 341 1062 Vulnera
349 1037 357 1072 ,
371 1011 444 1077 pars
460 1011 529 1054 scra
543 1007 747 1078 componunt
761 991 884 1054 lumina
900 990 1022 1056 dextra.

201 1109 242 1170 At
256 1127 351 1186 vero,
369 1105 402 1167 in
419 1104 532 1169 mediis
548 1105 701 1195 exsangui
717 1127 793 1195 rege
808 1121 936 1193 reperto

199 1220 397 1310 Aggeribus,
413 1219 496 1284 tristi
512 1219 624 1284 sileant
643 1242 703 1284 ceu
719 1235 833 1286 caetera
845 1220 995 1309 planctu,

200 1337 251 1400 Sic
264 1335 423 1400 famulum
440 1351 644 1424 matrumque
660 1333 771 1418 dolor,
789 1336 835 1400 sic
852 1337 959 1399 omnis
973 1335 1013 1400 ad
1028 1359 1133 1400 unum

199 1451 297 1515 Versa
313 1473 448 1532 manus,
467 1451 550 1515 circa
563 1450 702 1515 lacrimis
716 1473 754 1516 ac
769 1451 934 1516 mentibus
947 1453 1023 1541 aegri

199 1567 291 1631 Stant
303 1565 437 1654 Minyae,
454 1563 638 1652 deflentque
654 1565 764 1646 nefas,
777 1581 809 1630 et
827 1565 970 1654 cuspidis
984 1566 1067 1631 ictus

200 1681 358 1762 AEsuniae,
372 1695 557 1767 sortemque
573 1678 665 1743 ducis
683 1679 828 1742 solantur
841 1679 999 1744 acerbam.
1183 1699 1220 1736 2³⁵

198 1795 255 1862 lIle
271 1795 328 1860 ubi
345 1811 512 1859 concretos
525 1793 638 1883 pingui
650 1794 716 1874 jam
734 1795 890 1882 sanguine
903 1795 1027 1876 crines,

199 1911 423 1998 Pallentesque
438 1933 551 2000 genas,
570 1909 769 1996 infractaque
784 1925 914 1996 pectore
932 1931 1007 1974 caro

198 2025 291 2108 Tela,
308 2048 415 2112 neque
430 2025 598 2090 hesternos
615 2024 744 2114 agnovit
758 2025 792 2087 in
807 2023 935 2112 hospite
949 2025 1073 2105 vultus,
1151 2033 1153 2038 '
1225 2039 1230 2055 ‘

198 2141 356 2230 Ingemit,
369 2156 466 2228 atquc
484 2157 573 2204 artus
589 2139 676 2203 latur
691 2140 876 2227 complexus
892 2139 1031 2204 amicos:

199 2255 269 2319 «Te
284 2271 390 2320 tamen
404 2255 553 2344 ignarum
571 2255 669 2335 tanti,
682 2251 878 2336 miserande,
893 2253 1012 2318 luroris
1184 2287 1219 2326 ,ῳ

198 2371 271 2435 Nox
284 2371 397 2448 habet,
413 2387 445 2433 et
459 2370 550 2434 nullo
565 2386 737 2434 testantem
751 2367 870 2434 foedera
886 2385 1022 2457 questu,

198 2487 239 2552 At
254 2485 333 2548 mihi
348 2483 523 2548 luctificum
538 2484 627 2548 venit
642 2483 756 2563 iubar:
774 2506 814 2548 en
830 2481 948 2570 quihus
962 2483 1076 2548 adsum

197 2597 387 2686 Colloquiis!
409 2598 461 2662 cui
481 2619 533 2662 mc
552 2596 695 2684 hospitio
711 2595 840 2658 fortuna
856 2597 992 2660 revexit!

184 2809 236 2869 apli
252 2807 335 2858 Fletus.
345 2807 418 2856 cndu.
429 2816 452 2853 at
460 2805 514 2854 cdd.
525 2813 579 2850 ants
588 2805 652 2852 Gerr.
663 2830 692 2838 -
700 2803 753 2866 293.
770 2803 884 2850 llevr'naet't.
896 2805 960 2849 Junt.
973 2803 1057 2850 Muscr.
1069 2806 1137 2851 mule.
1151 2807 1194 2852 En.

153 3011 270 3070 sinuosa,
289 3009 331 3072 II,
344 3007 477 3076 451·45t)
487 3023 495 3070 ς
506 3025 568 3076 pars
581 3017 662 3056 tenues
707 3003 806 3054 tristem
819 2999 921 3054 cladem
935 3001 1065 3064 anuline,
1083 3019 1218 3072 sortemque

144 3091 238 3159 flauo,
255 3088 360 3159 spiritus
379 3085 466 3139 emissi
481 3085 536 3138 rim
555 3082 661 3137 vitalem
707 3083 774 3133 discis
786 3082 1044 3142 ncemmndasonem
1054 3083 1116 3153 ,qui
1125 3084 1217 3156 seipse

154 3166 272 3237 txlgtmtn
293 3168 451 3230 observant,
470 3173 496 3216 et
513 3166 594 3216 adduc
607 3165 662 3214 sui-
706 3171 824 3224 accusat,
834 3165 952 3212 solantur.

153 3247 250 3304 densim
265 3244 397 3316 sanguinis
410 3241 510 3315 aliquid
521 3241 661 3295 effunden-
743 3241 804 3294 286.
821 3241 917 3303 Iason,
932 3257 1014 3312 quum
1027 3241 1112 3294 crines
1123 3241 1216 3313 pingui

153 3323 186 3376 tiu
197 3361 204 3387 ,
214 3337 337 3392 prensant
352 3329 457 3376 munera
474 3321 546 3392 (rid.
558 3323 662 3374 sm‘den·
706 3319 834 3391 sanguine
850 3331 1003 3387 concretos,
1016 3319 1143 3392 pallidum
1158 3320 1215 3372 vul·

153 3415 200 3454 tem
219 3421 329 3472 spumam
353 3405 478 3465 uulneris,
501 3400 583 3454 Ovid.
596 3401 661 3453 Met.
706 3398 1217 3470 tumhaatamqueincaroamIcipcctorc

154 3480 234 3546 VIII,
243 3488 309 3550 4173
324 3495 349 3534 et
359 3501 436 3553 supra
447 3519 455 3544 ,
467 3481 544 3548 373),
553 3499 615 3548 pars
626 3499 663 3531 se-
706 3475 850 3532 delractam
861 3476 962 3532 rideret
971 3517 979 3542 ,
988 3479 1112 3550 ingemit,
1123 3489 1148 3530 et
1157 3497 1217 3532 ora·

153 3579 182 3610 ra
187 3597 196 3622 ‚
204 3561 269 3614 certi
280 3559 314 3612 de
321 3571 404 3613 morte
411 3571 581 3630 cognatorum
589 3596 596 3620 ‚
605 3569 662 3610 tan·
706 3556 777 3610 tione
786 3595 794 3620 ,
804 3558 958 3620 affectuum,
966 3558 1138 3611 miserationis
1148 3577 1216 3630 prse-

153 3637 214 3691 dem
231 3653 393 3707 componunt,
414 3639 610 3709 comprimunt,
627 3641 662 3688 lu·
705 3637 794 3690 sertim
811 3649 835 3688 et
853 3636 964 3710 pudoris
974 3637 1067 3708 plena,
1082 3650 1216 3692 mortuum

152 3721 325 3770 minadeoetra.
705 3717 741 3769 itu
760 3717 919 3787 alloquitur:
947 3723 980 3769 Te
997 3731 1077 3768 tamen
1100 3721 1215 3786 ignarum

190 3797 250 3855 280,
266 3797 324 3850 Jum
341 3793 462 3849 inr'entus
479 3793 557 3846 etiam
573 3809 619 3845 rex
632 3792 660 3844 in
705 3799 768 3847 tarrti
778 3797 875 3864 fictoris
896 3817 949 3848 nox
967 3799 1051 3857 labet,
1068 3807 1172 3850 atvero
1187 3809 1216 3850 tu

152 3873 247 3928 mediis
260 3874 415 3928 cadaverum
429 3873 576 3944 aggeribus.
593 3875 662 3924 tristi
704 3873 902 3946 quodammodo
914 3876 976 3928 felix
983 3873 1163 3947 predicandus
1173 3895 1213 3942 es,

152 3955 242 4005 sileant
252 3973 295 4004 reu
308 3969 397 4006 roetera
404 3959 514 4022 plancus,
527 3952 603 4022 quasi
616 3950 661 4004 hic
705 3954 751 4024 qui
765 3964 820 4006 tum
839 3953 937 4008 ludum
955 3967 1038 4009 morte
1060 3957 1214 4028 praevenerls

152 4032 223 4086 solus
240 4032 462 4104 emungendis,
474 4033 511 4084 sic
523 4049 613 4084 omnes
627 4029 661 4083 ad
705 4033 884 4106 spectaculum
897 4075 906 4100 ,
917 4051 941 4088 ee
952 4041 1019 4088 nullo
1033 4051 1157 4089 testantem
1158 4037 1215 4106 soe·

152 4124 390 4166 cumconcurmnt.
398 4112 606 4165 Circumstautet
614 4111 663 4164 Ar·
706 4117 766 4164 dem
776 4129 858 4182 questu
867 4151 874 4176 ,
882 4133 932 4169 nec
942 4115 1040 4170 violata
1050 4135 1065 4170 ι
1075 4115 1214 4187 mehospi·

152 4201 287 4260 gouautra,
302 4193 660 4262 deflentquenesasercuspidis
706 4192 1214 4264 tiijurequerentem.-Vid.udcalcem

151 4269 212 4324 icus
222 4273 348 4332 AEsoniae,
361 4270 463 4326 hastam
482 4272 585 4326 Iasonis
605 4283 659 4324 tam
704 4273 783 4346 hujus
794 4273 851 4328 libri
862 4287 917 4330 uot.
929 4293 987 4348 290.
1000 4275 1050 4334 Eu.
