3198 5106
331 531 374 611 '40
634 533 671 596 o.
694 531 891 597 vetnnn
920 505 1092 598 rilccr

374 659 510 741 Pandit,
526 660 608 725 etin
626 659 754 726 dulcem
770 684 862 751 reges
879 661 1013 725 dimittit
1029 664 1220 750 Hymetton.

375 775 577 864 insequeris,
593 787 751 863 'casusque
767 791 841 841 tuos
857 797 1023 863 expresse,
1039 774 1189 855 Phalere‚

373 890 474 955 Arina
489 887 590 978 geris3
607 911 708 954 vacua
724 912 799 954 nam
815 889 924 978 lapsus
940 889 982 952 ab
997 889 1113 952 arbore
1129 909 1265 976 parvum

373 1003 437 1068 Ter
453 1017 568 1091 quater
582 1002 708 1068 ardenti
724 1020 817 1094 tergo
833 1004 1047 1068 circumvenit
1062 1005 1195 1092 anguis3
1360 1031 1399 1074 ιω

374 1117 442 1182 Stat
457 1117 573 1204 procul
588 1117 761 1182 intendens
777 1116 915 1181 dubium
932 1133 1022 1204 pater
1037 1117 1151 1180 anxius
1166 1139 1288 1182 arcum.

373 1233 459 1297 Turn
476 1230 584 1294 oaelate
599 1247 705 1296 metus
721 1232 800 1296 alios
816 1231 899 1321 gerit
914 1253 1004 1294 arme
1019 1228 1188 1311 Eribotes;

373 1347 443 1411 Nee
458 1347 573 1410 Peleus
589 1346 691 1412 fretus
707 1348 827 1412 soceris
844 1360 878 1411 et
892 1345 1032 1434 conjuge
1048 1343 1122 1408 diva

373 1460 506 1525 Defuit:
522 1476 556 1524 at
570 1484 667 1548 prora
683 1461 833 1549 splendet
847 1477 903 1524 tua
919 1461 1028 1549 cuspis
1044 1459 1086 1523 ah
1101 1459 1181 1538 alta,

373 1574 525 1658 AEncide3
541 1591 670 1641 tantum
686 1576 755 1640 haec
770 1577 839 1640 aliis
856 1576 1011 1640 excelsior
1026 1575 1142 1657 hastis,
1361 1594 1401 1640 tot

374 1689 543 1771 Quantum
560 1691 696 1778 peliaeas
712 1691 747 1754 in
764 1692 883 1755 vertice
899 1690 1019 1754 vicerat
1035 1711 1145 1753 ornos.

373 1803 507 1891 Linquit
523 1821 555 1868 et
570 1806 739 1872 Actorides
755 1823 869 1871 natum
886 1805 1037 1869 Chironis
1053 1805 1088 1866 in
1105 1817 1217 1884 antro,

372 1918 418 1982 Ut
433 1920 539 1984 socius
557 1943 631 1986 caro
647 1923 768 2010 pariter
783 1921 958 1986 meditetur
969 1919 1086 1984 Achilli

373 2031 440 2096 Fila
456 2033 549 2122 lyrae,
565 2037 751 2123 pariterque
766 2036 851 2098 leves
867 2056 950 2121 puer
964 2034 1078 2096 incitet
1093 2032 1217 2112 hastas3

372 2148 483 2212 Discat
497 2173 597 2237 eques
613 2149 731 2237 placidi
747 2148 967 2214 conscendere
982 2163 1072 2235 terga
1088 2145 1242 2234 magistri.
1362 2171 1403 2212 tx·

374 2261 432 2344 Et,
450 2285 548 2351 quern
565 2263 651 2327 fama
666 2287 769 2355 genus
786 2285 855 2326 non
872 2276 921 2326 est
936 2261 1069 2349 decepta
1085 2259 1184 2347 Lyaei,

330 2473 425 2544 apibus
445 2485 549 2546 gentum
570 2477 606 2529 ob
623 2477 719 2530 florum
739 2475 843 2547 copiam
887 2485 962 2545 pater
974 2471 1058 2524 Alcon
1075 2469 1154 2537 (vide
1166 2469 1275 2523 Anthol.
1289 2487 1331 2540 gr.
1345 2467 1402 2520 vol.

330 2557 477 2617 Hymettum,
495 2566 612 2608 montem
629 2575 712 2628 prope
727 2556 845 2609 Athenas
888 2555 932 2617 11,
944 2571 1007 2623 pag.
1021 2555 1088 2615 152,
1101 2549 1165 2604 edit.
1176 2548 1402 2620 Lips.et.laoobs.

329 2650 400 2699 reges
416 2633 545 2698 (Weisel)
559 2639 648 2687 emittit.
889 2631 1030 2684 Animadv.
1041 2631 1094 2683 vol.
1104 2631 1149 2694 11,
1166 2630 1207 2700 pl.
1219 2649 1233 2680 a
1244 2667 1252 2692 ,
1265 2647 1293 2700 p.
1308 2629 1357 2692 38,
1375 2637 1404 2681 et

366 2711 428 2779 398.
440 2716 566 2766 ntalem.
579 2718 654 2766 Casus
665 2729 716 2766 utos
726 2733 846 2781 expressa
890 2711 937 2780 qui
948 2711 983 2762 ibi
996 2709 1153 2777 laudantur)
1167 2719 1218 2761 stet
1231 2708 1339 2779 procul,
1353 2706 1403 2759 du·

326 2793 394 2856 geris
401 2811 481 2852 anna,
490 2793 624 2864 clypeum
632 2793 658 2846 in
666 2793 765 2865 clypeis
772 2791 843 2846 enim
891 2789 1020 2860 biusque,
1035 2808 1069 2842 en
1079 2807 1170 2840 arcum
1179 2785 1309 2840 intendet.
1319 2793 1403 2859 Inten-

327 2869 382 2921 fata
402 2870 532 2940 gentilitia
550 2873 693 2943 appingere
712 2871 841 2927 solebant.
887 2873 948 2920 dens
962 2873 1058 2942 dutum
1072 2888 1156 2920 arcum
1171 2868 1314 2938 aitpoeta,
1328 2865 1403 2919 veui

328 2945 370 2999 td
389 2965 501 3020 grecam
522 2951 653 3004 rationem
675 2949 732 3002 hec
750 2949 822 3003 dicta
833 2987 842 3013 ,
888 2948 1027 3012 tribuent,
1049 2947 1123 3019 quod
1144 2946 1258 3000 hominis
1280 2957 1337 3009 est,
1355 2945 1403 3017 qui

328 3043 409 3098 quem
418 3038 491 3081 amet
502 3029 614 3082 omniuo
625 3031 732 3092 Noster,
743 3047 793 3100 pro
803 3047 844 3082 ar·
886 3025 1009 3081 intendit.
1023 3027 1065 3081 Sic
1078 3030 1158 3078 dubie
1167 3031 1230 3088 ata,
1242 3027 1293 3089 1v,
1304 3030 1365 3095 ⁵²7·

327 3105 394 3169 mis,
408 3107 437 3159 in
457 3108 554 3178 quibus
575 3127 653 3162 casus
671 3109 711 3162 tui
728 3108 844 3179 expressi
923 3114 984 3171 toa.
999 3111 1117 3166 Eribotes.
1129 3106 1253 3177 Orpheus
1261 3116 1287 3158 et
1297 3104 1404 3175 Apollo·

327 3196 398 3237 sunt.
411 3187 454 3239 Sic
465 3188 547 3258 paulo
561 3199 623 3241 ente
635 3207 661 3239 ν.
677 3189 739 3248 385,
754 3191 843 3241 vitata
887 3184 969 3238 dorus
985 3187 1108 3258 ignorent
1128 3185 1274 3238 homiuem.
1295 3182 1403 3256 Apollo·

319 3263 430 3330 fiunem
446 3270 541 3330 cassis,⁸
557 3265 594 3319 eie
607 3266 689 3337 paulo
700 3278 761 3336 post
772 3283 842 3319 vers.
887 3265 994 3330 niuei,
1012 3268 1046 3336 73
1062 3266 1160 3328 habet,
1178 3263 1224 3318 sed
1241 3277 1267 3318 et
1285 3263 1402 3317 hicnon
1490 3299 1501 3309 ·

327 3348 396 3406 402,
414 3349 504 3396 calata
520 3361 596 3396 metus
617 3349 681 3397 alios
699 3365 788 3407 amm
805 3345 843 3398 sie
887 3346 988 3416 magis,
1003 3365 1084 3417 quam
1094 3345 1219 3398 Valerius
1233 3345 1328 3408 effert,
1347 3361 1402 3414 quo

325 3437 354 3471 v.
372 3429 440 3486 410,
457 3426 578 3475 immissus
589 3428 683 3491 patrios
701 3428 733 3476 ds
750 3428 844 3477 vertice
887 3424 970 3478 celati
986 3426 1014 3478 lu
1029 3425 1124 3498 clypeo
1137 3439 1212 3481 metas
1227 3423 1400 3477 illustrentur.

327 3502 423 3562 crinon·
434 3501 472 3554 sic
483 3501 552 3554 libro
561 3503 606 3564 11,
621 3501 685 3566 655,
691 3508 784 3571 poeula
793 3507 844 3555 bel·
888 3503 949 3558 Sine
958 3503 1040 3558 dubio
1049 3503 1172 3558 terribilis
1180 3503 1302 3575 quedem
1311 3503 1403 3573 imago

327 3577 404 3629 Ionem
421 3599 493 3631 casus
510 3600 630 3649 expressa
647 3597 787 3646 moenum
806 3581 844 3636 sio
887 3582 915 3634 in
928 3585 993 3637 orbe
1002 3585 1071 3637 scuti
1081 3585 1132 3636 tuit
1146 3601 1276 3655 expresse.

326 3654 403 3727 Virg.
411 3657 469 3710 Eel.
478 3659 535 3722 Ill,
548 3663 843 3730 106,inscnptt'nomina
924 3665 985 3728 403.
1001 3665 1186 3734 humfredo
1196 3665 1299 3721 sotoris,
1314 3662 1402 3714 Nereo

326 3754 412 3803 regum
433 3753 569 3795 nmcunetr
580 3742 670 3810 stom.
696 3741 843 3796 Liberalior
887 3753 914 3796 et
929 3743 1044 3808 Doride,
1066 3754 1092 3797 et
1109 3746 1224 3818 conjuge
1240 3740 1319 3804 divas
1332 3739 1403 3794 The·

326 3815 367 3868 tui
377 3816 520 3870 afferendis
533 3819 677 3890 exemplis,
696 3832 726 3872 ut
737 3820 842 3874 brevior
886 3821 959 3888 tide,
978 3827 1095 3876 AEacides
1103 3861 1112 3885 ,
1126 3823 1202 3877 AEaci
1216 3821 1304 3884 fitius,
1324 3823 1403 3894 cujus

328 3913 411 3948 essem
426 3896 485 3950 aliis
496 3897 571 3953 loeis.
585 3898 640 3964 Qui
650 3917 713 3953 vero
724 3919 796 3952 casus
806 3905 843 3954 illi
887 3905 984 3956 lostam
1005 3914 1085 3974 poeta
1107 3901 1173 3956 dicit
1195 3912 1301 3955 tuntum
1323 3904 1402 3970 splen·

328 3973 442 4039 luerint,
456 3995 528 4030 nunc
537 3979 687 4050 exponitur.
698 3979 842 4034 Puerulum
887 3986 969 4035 duisse
977 4001 1030 4054 prte
1038 3981 1155 4045 ceteris,
1170 3993 1300 4053 quantum
1311 3980 1402 4044 arbor,

327 4052 470 4108 Phelerurn
488 4058 582 4129 angus
598 4059 632 4111 ab
649 4063 736 4114 ardon
758 4079 843 4114 uuna
887 4079 968 4132 eque
981 4061 1066 4115 excisa
1079 4072 1163 4124 esset,
1176 4061 1293 4132 reliquas
1307 4057 1403 4131 peliaci

328 4132 478 4201 (soliterie?
487 4135 533 4189 sed
544 4137 651 4191 mallem
662 4159 738 4202 cava,
750 4140 844 4210 velpa·
887 4141 986 4194 montis
1002 4141 1108 4193 arbores
1124 4139 1283 4212 proteritate
1297 4156 1404 4210 eupere-

313 4215 397 4281 ,utta)
415 4219 497 4284 lapsus
513 4220 679 4280 circumvenit,
697 4219 774 4292 spiris
790 4221 843 4274 suis
888 4221 963 4274 verit.

327 4290 462 4350 involvere
475 4295 603 4362 minator,
617 4315 671 4370 qno
680 4299 843 4358 vincentius
923 4307 983 4366 40⁷·
999 4304 1126 4353 Actorides
1138 4303 1281 4360 Menoetius,
1297 4300 1342 4371 qui
1355 4316 1402 4359 nn·
