3122 5126
407 554 488 602 xmv
663 522 992 595 LAURENTIUS
1022 519 1213 593 BALBUS

407 661 615 751 optabamus,
637 653 768 740 exsequi
793 674 860 716 nou
890 652 1014 741 potuit:
1036 673 1097 742 ego
1118 675 1216 735 vero,
1238 653 1299 716 etsi
1317 653 1482 719 videbam

407 792 492 835 onus
512 765 593 830 mihi
615 761 764 841 difficile,
777 758 934 835 arduum,
948 782 985 823 ac
1001 783 1019 823 a
1034 759 1145 824 multis
1166 761 1287 825 frustra
1310 777 1482 827 tentatum

407 873 551 963 imponi,
564 867 718 958 quodque
730 865 907 954 plurimum
923 863 1041 946 studii,
1055 865 1190 946 laboris,
1201 881 1299 954 atque
1315 866 1484 931 eruditio·

408 981 475 1061 nis,
499 998 570 1065 quae
593 975 628 1037 in
649 995 701 1036 me
720 969 892 1059 perexigua
908 982 975 1050 est,
997 967 1213 1051 desideraret,
1235 987 1344 1035 tamen
1364 994 1481 1059 quum

409 1078 624 1171 sempervotis
637 1075 790 1142 omnibus
800 1073 1009 1162 expetiverim
1021 1071 1180 1137 studiosis
1189 1073 1480 1158 adolescentibus,

409 1190 466 1278 qui
487 1185 528 1250 ad
551 1179 754 1247 humanioris
776 1178 948 1242 literaturae
969 1176 1093 1267 fastigia
1119 1178 1291 1243 ascendere
1312 1180 1482 1270 concupi-

405 1307 511 1374 scunt,
522 1311 590 1353 mea
602 1309 699 1374 opera
708 1281 871 1372 prodesse,
878 1305 946 1345 non
955 1280 1048 1369 potui
1057 1281 1199 1350 lahorem
1207 1283 1480 1349 honestissimum

407 1396 642 1484 subterfugere.
652 1391 769 1480 Accepi
785 1389 894 1476 itaque
910 1389 1017 1453 statim
1030 1389 1064 1452 in
1080 1411 1195 1453 manus
1205 1390 1368 1456 Valerium
1383 1393 1481 1457 Flac·

408 1528 504 1584 cum,
521 1523 620 1590 quem
641 1498 717 1562 alias
738 1495 858 1559 cursim
881 1511 913 1558 et
936 1495 1075 1558 lectione
1096 1494 1339 1578 festinabunda,
1357 1520 1480 1562 secure

343 1595 347 1609 ¹
408 1611 504 1675 nimis
513 1607 708 1682 evolveram3
723 1621 893 1689 quumque
903 1622 979 1663 eum
996 1622 1073 1664 cura
1086 1599 1271 1684 intentiore,
1286 1602 1478 1667 testudineo

407 1734 478 1781 tum
496 1714 646 1790 demum,
662 1723 719 1771 aut
735 1707 841 1789 aiunt,
857 1729 954 1795 passu
970 1708 1127 1796 legerem,
1144 1707 1268 1771 offendi
1284 1731 1359 1771 eum
1378 1731 1480 1772 men-

409 1824 544 1899 dosum,
557 1815 771 1895 maculatum,
787 1811 988 1901 squalidum,
998 1814 1157 1894 lacerum,
1168 1837 1205 1877 ac
1214 1813 1359 1878 luxatum
1371 1812 1478 1894 adeo,

409 1943 527 1993 utnon
540 1945 656 2012 parum
669 1941 723 1984 me
736 1919 884 2006 obsequii
897 1919 977 2000 mei,
996 1934 1093 2008 atque
1105 1920 1255 2006 promissi
1268 1919 1478 2006 poenituerit:

409 2049 484 2098 aute
504 2029 591 2094 enim
612 2026 790 2114 potuissem
809 2045 913 2087 meam
931 2045 1063 2111 operam
1082 2023 1109 2086 si
1127 2045 1194 2118 non
1217 2023 1369 2104 honeste,
1385 2039 1480 2089 certe

408 2139 487 2203 citra
504 2156 582 2198 meae
597 2134 689 2196 famae
706 2128 886 2218 periculum
905 2149 1039 2217 negare,
1054 2144 1134 2191 tunc
1146 2150 1224 2191 vero
1243 2149 1295 2191 me
1311 2129 1480 2192 anfractus

406 2240 642 2329 labyrintheos,
655 2233 882 2320 Daedaleasque
895 2233 1060 2312 tenebras,
1073 2249 1106 2296 et
1117 2232 1266 2322 ambages
1278 2233 1347 2296 sine
1358 2231 1480 2296 Ariad-

409 2371 458 2412 nae
482 2345 536 2409 lilo
558 2340 735 2408 sentiebam
753 2339 955 2427 ingressum,
972 2360 1033 2401 nec
1050 2360 1118 2426 quo
1136 2354 1230 2430 pacto
1249 2337 1325 2402 inde
1342 2360 1479 2425 possem

408 2451 517 2542 egredi
539 2445 752 2536 percipiebam
766 2467 773 2508 :
786 2443 946 2530 timuique
967 2442 1090 2530 aliquid
1109 2444 1311 2532 pariturum,
1329 2442 1420 2531 quod
1442 2460 1480 2507 et

408 2557 491 2622 milri
514 2552 664 2618 dedecori
686 2565 786 2630 esset,
804 2564 837 2612 et
855 2549 1142 2630 obtrectatoribus,
1161 2550 1218 2637 qui
1244 2571 1372 2638 semper
1396 2565 1479 2614 sunt

409 2660 530 2751 parati,
544 2656 670 2723 ridendi
685 2655 842 2770 praebergt
857 2675 985 2717 causam
996 2678 1005 2734 ;
1017 2676 1093 2717 nam
1108 2669 1146 2717 ut
1160 2652 1337 2741 Sophocles
1355 2654 1388 2716 in
1405 2655 1479 2718 An·

406 2770 517 2858 ligone
525 2765 674 2854 praeclure
684 2810 693 2843 ,
704 2771 770 2834 ὅστις
783 2772 927 2840 ἀνωφέλητα
941 2771 1037 2840 purtim
1047 2769 1134 2832 τεκνόι,
1143 2770 1168 2822 τὶ
1181 2772 1220 2824 τὸν
1233 2765 1260 2820 δ’
1271 2769 1299 2822 ἂν
1313 2771 1389 2832 εἴποις
1402 2770 1479 2836 ἄλλος

408 2884 472 2940 πλὴν
487 2883 554 2952 αὑτῷ
567 2879 653 2938 πόνους
664 2882 737 2946 φῦσαι
745 2915 752 2939 ,
760 2876 833 2927 πολὺν
844 2870 874 2928 dl
887 2877 962 2928 atico
976 2877 1092 2946 ἔχθροισιν
1105 2875 1191 2946 γέλων.
1201 2867 1359 2929 Caetet'um
1369 2889 1476 2954 quum

409 2995 639 3067 cognoscerem
661 2994 711 3036 res
735 2970 850 3036 arduas
873 2993 1019 3058 agressu,
1036 2970 1131 3034 etiam
1154 2969 1181 3033 si
1198 2972 1313 3058 optatis
1339 2971 1478 3036 minime

408 3086 539 3148 fortuna
557 3076 766 3166 respondeat,
781 3092 889 3139 tamen
909 3076 960 3140 vel
982 3077 1087 3140 solum
1112 3075 1326 3154 desiderium,
1343 3076 1477 3141 abunde

408 3189 583 3278 pulchrum
612 3182 784 3246 existimari
814 3180 950 3263 debere,
976 3181 1093 3269 pedem
1122 3205 1327 3270 nequaquam
1355 3182 1478 3247 referre

409 3289 574 3358 constitui.
594 3287 734 3369 Quaesivi
749 3286 858 3372 itaque
877 3286 1035 3360 continuo
1056 3286 1128 3373 plus
1151 3285 1262 3352 decem
1282 3289 1475 3377 exemplaria

411 3397 544 3463 diversis
562 3394 640 3457 locis
658 3393 831 3479 impressa,
845 3414 978 3480 sperans
996 3393 1100 3456 multo
1117 3393 1198 3456 mihi
1216 3393 1404 3473 adjumento
1420 3395 1475 3458 fu·

410 3521 500 3583 tura,
517 3499 574 3564 sed
594 3498 697 3562 nihilo
720 3499 792 3585 plus
812 3494 1023 3561 emolumenti
1040 3497 1117 3562 inde
1135 3501 1314 3590 reportavi,
1330 3519 1427 3587 quam
1447 3502 1474 3564 si

411 3611 460 3674 lac
473 3631 491 3672 e
505 3607 587 3696 gallo
600 3605 774 3693 gallinaceo
788 3604 966 3692 exprimere
980 3604 1208 3670 lahorasssem:
1223 3623 1302 3670 tunc
1315 3606 1474 3686 intellexi,

411 3729 566 3803 quantam
582 3731 743 3798 quamque
759 3707 932 3773 dolendam
947 3708 1103 3789 jacturam
1117 3710 1249 3774 Flaccus
1265 3725 1385 3791 noster,
1403 3717 1477 3773 ‹rnr-¹

413 3841 537 3907 tresque
555 3816 711 3881 sermonis
730 3816 868 3879 Romani
893 3814 1029 3880 studiosi
1049 3815 1203 3898 fecerint,
1219 3817 1254 3879 iu
1269 3817 1474 3880 cunctatione

412 3929 536 4008 dicam,
552 3948 593 3988 an
619 3924 727 4012 potius
751 3922 938 3987 crudelitate
962 3923 1186 3987 Phredenandt'
1207 3925 1371 4004 Pinciani,
1392 3947 1474 4012 prae-

415 4033 555 4123 ceptoris
576 4030 658 4111 urei,
677 4051 846 4116 nunquam
871 4029 947 4093 satis
971 4029 1108 4110 laudati,
1128 4031 1185 4117 qui
1209 4029 1333 4116 aliquot
1356 4029 1474 4094 abhinc

412 4162 514 4205 annos
539 4137 788 4201 commentarios
816 4136 851 4198 in
871 4135 1033 4200 Valerium
1061 4137 1212 4200 Flaccum
1241 4133 1473 4199 eruditissimos

413 4243 634 4325 concinnavit,
651 4259 748 4330 atque
764 4264 819 4306 eos
835 4241 992 4308 hactenus
1009 4243 1042 4304 in
1059 4241 1155 4308 beato
1179 4263 1316 4332 operum
1338 4263 1473 4306 suorum
