3226 5114
386 525 450 590 316
487 525 540 589 ΙΝ
569 526 655 591 LIB.
681 527 919 611 QUARTUM
949 527 1345 594 ARGONAUTICON

384 657 435 691 nus
446 637 479 692 ait
491 675 500 701 ,
513 649 538 691 et
551 657 566 690 a
579 639 711 694 monacho
722 641 837 714 quodam
849 661 881 696 ex
894 643 954 696 loco
965 639 1101 694 communi
1118 640 1152 694 de
1165 640 1282 694 vindicta
1292 637 1385 696 divina
1398 644 1445 696 ad-

384 734 458 775 sutus
476 721 603 776 videatur.
621 723 679 795 Ego
696 743 759 778 veto
777 737 919 797 utrumque
937 743 1042 778 versum
1052 723 1152 777 Valerii
1175 742 1245 787 esse,
1266 735 1292 776 et
1313 724 1445 779 cohaerere

382 807 482 878 optime
490 805 580 859 omnia
588 805 769 862 contenderim
778 845 787 874 ,
797 807 818 862 si
827 828 881 863 una
890 809 982 862 vocula
993 817 1091 860 mutata
1105 805 1188 876 legas:
1199 825 1326 874 nunquam
1336 827 1387 858 noa
1396 826 1445 879 pao

385 909 517 957 nmquam
528 910 601 942 rosa.
619 891 690 944 Tum
701 903 772 946 recte
786 904 880 947 cuneta
896 891 1043 964 procedunt
1054 907 1061 942 τ
1075 890 1199 964 Harpyia
1209 909 1303 958 semper
1310 889 1445 944 habebunt

383 970 482 1042 pabula
492 983 599 1044 parata,
613 978 692 1026 donee
709 975 866 1048 (qtrandiu3
881 977 952 1029 coni.
963 975 1022 1039 ΙΙΙ,
1035 977 1103 1043 414)
1125 974 1178 1028 iras
1193 972 1296 1028 divinas
1305 973 1333 1026 in
1342 993 1371 1027 se
1381 974 1446 1027 exci-

384 1055 477 1108 tabunt
495 1057 627 1111 mortales.
649 1059 704 1112 Nec
718 1058 795 1113 video
810 1059 877 1132 qnid
893 1059 1037 1114 offenderit
1053 1058 1213 1113 fastidiosam
1228 1058 1375 1131 Burmanni
1400 1076 1446 1111 au·

383 1155 456 1202 rem3
470 1138 580 1193 fortasse
588 1143 679 1194 meritae
688 1143 731 1195 iae
738 1144 840 1215 passive
848 1156 959 1215 sumptae
969 1162 976 1193 ε
986 1142 1032 1196 aed
1043 1142 1064 1198 si
1071 1163 1154 1212 pense
1165 1145 1256 1194 sneritoe
1272 1151 1343 1195 reete
1352 1140 1444 1194 dieun-

383 1232 426 1274 tur
434 1260 443 1285 ‚
452 1221 546 1294 quidni
552 1226 611 1286 iroe,
623 1242 681 1297 qua
691 1226 758 1280 nihil
769 1226 843 1280 aliud
853 1226 882 1280 h.
894 1227 911 1280 l.
922 1236 998 1292 aaut,
1010 1245 1091 1299 quam
1098 1246 1195 1295 persae,
1208 1225 1301 1279 εοάειιι
1313 1223 1445 1298 gaudeant

380 1304 538 1379 jmeiconi.
549 1307 594 1374 11,
607 1326 641 1376 99
651 1325 660 1372 ;
669 1309 739 1375 VII,
750 1310 812 1376 454.
824 1311 983 1382 Temperare
992 1309 1058 1364 mibi
1067 1328 1123 1362 non
1132 1309 1208 1381 potui
1217 1349 1226 1376 ,
1235 1308 1300 1380 quin
1310 1309 1444 1382 intextum

383 1390 528 1463 reciperem
540 1401 595 1444 tam
607 1391 710 1447 facilem
722 1405 829 1467 tamque
838 1394 1007 1449 manifestam
1018 1392 1256 1448 emendationem».
1269 1393 1313 1448 Sic
1324 1393 1444 1464 Wagne-

384 1493 440 1528 rns.
451 1473 540 1540 Vide,
554 1494 581 1546 p.
599 1477 666 1548 289,
679 1477 743 1533 novi
754 1477 861 1533 editoris
875 1491 965 1531 notam
976 1478 1036 1532 526.

416 1608 451 1660 V.
461 1606 522 1661 528.
531 1612 643 1661 associa
651 1611 732 1662 victor
739 1613 800 1678 petit
812 1612 916 1679 agmina
924 1613 1021 1679 puppis.
1036 1640 1071 1650 -
1084 1608 1137 1661 Pro
1154 1612 1239 1678 puppis
1252 1607 1375 1660 Heinsius
1384 1607 1447 1678 legit

379 1693 457 1758 pribis,-
475 1708 534 1762 qtae
542 1710 592 1743 vox
605 1690 690 1762 aptior
700 1691 812 1748 videtum.
825 1694 945 1759 Quarum
963 1693 1051 1765 prior,
1071 1703 1100 1745 ut
1113 1709 1172 1763 quas
1183 1691 1270 1744 notior
1282 1703 1350 1745 esset
1362 1731 1371 1756 ,
1382 1690 1445 1744 alte-

382 1774 438 1828 rius
449 1774 536 1827 locum
545 1775 684 1847 usurpavit
693 1777 721 1829 in
732 1777 789 1830 aliis
804 1775 963 1850 quibusdam
973 1775 1073 1829 Valerii
1081 1776 1161 1840 locist
1171 1773 1227 1828 vid.
1238 1775 1295 1839 vt,
1306 1777 1332 1830 5.
1344 1779 1442 1836 Putes,

382 1856 551 1928 designandis
562 1858 717 1930 Mgouautis
728 1861 816 1914 Latini
829 1871 911 1933 poetas
925 1861 1074 1931 frequenter
1086 1859 1231 1914 adhibent:
1246 1858 1328 1912 Ovid.
1339 1858 1445 1912 Metam.

385 1938 456 2004 v11,
467 1941 500 1995 56
517 1940 631 2010 (Medea
642 1941 760 2014 loquitur
771 1947 781 2012 )
792 1963 799 1996 :

522 2043 610 2104 Magna
620 2057 712 2105 sequar,
721 2042 815 2091 titulum
825 2051 920 2092 assata
928 2044 999 2107 pubis
1009 2043 1108 2091 achivas.

383 2146 466 2201 Miror
475 2147 544 2202 banc
557 2147 768 2204 emendationem
783 2168 869 2222 neque
879 2150 1049 2214 Burmanno,
1066 2167 1152 2220 neque
1168 2147 1304 2220 posteriori
1319 2146 1444 2218 cuiquam

383 2229 477 2283 editori
491 2230 573 2284 inisse
586 2243 727 2303 receptam.

416 2354 449 2402 V.
461 2349 522 2405 536.
534 2355 572 2403 Ae
582 2355 666 2420 longe
676 2356 802 2405 dueentem
815 2355 902 2404 otttvta
908 2373 999 2421 pene.
1008 2383 1042 2392 -
1051 2351 1168 2405 Imitatio
1180 2363 1219 2404 est
1230 2348 1334 2404 Horatii
1344 2391 1353 2418 ,
1368 2350 1444 2404 Satis.

384 2433 428 2497 11,
437 2435 454 2488 6
464 2471 471 2496 ,
482 2437 516 2487 60
526 2451 533 2487 τ

520 2524 540 2569 0
549 2537 602 2578 etta,
618 2522 714 2584 quaudo
726 2537 771 2585 ego
780 2531 804 2570 te
814 2523 938 2586 aspiciam!
954 2523 1096 2585 quandoque
1105 2523 1186 2570 licebit

520 2599 588 2644 Nunc
596 2609 700 2645 veteram
709 2598 787 2658 libris.
797 2615 861 2658 uuae
870 2614 953 2646 mmao
965 2607 989 2646 et
999 2597 1112 2647 inertibus
1120 2599 1195 2652 boris,

518 2675 610 2720 Ducem
620 2673 726 2720 sollicite
736 2673 842 2736 jucunda
858 2673 944 2720 oblivia
956 2673 1023 2720 titel

381 2777 689 2850 virgit.AEn.v1,715:

520 2891 618 2937 Secnrm
628 2889 709 2938 latices
719 2899 744 2938 et
754 2891 825 2953 longa
834 2889 922 2938 oblivia
931 2899 1023 2954 potant.

385 3020 397 3043 a
409 2994 548 3068 Eleganter
557 2994 675 3058 dicaam,
687 2995 724 3049 ait
739 2995 906 3050 Burmannus
917 2995 951 3048 de
959 2995 1060 3049 Valerii
1071 3013 1149 3049 versu
1163 2993 1230 3056 536,
1245 3011 1295 3065 pro
1309 3003 1444 3064 potantem

383 3077 461 3133 avide
472 3078 535 3134 vina
545 3117 552 3145 ,
562 3097 621 3150 quse
631 3078 789 3133 oblivionem
802 3080 912 3132 miseria
925 3077 1118 3132 inducebant».
1132 3076 1163 3131 ld
1174 3094 1228 3129 non
1238 3086 1309 3129 recte
1318 3074 1396 3128 nobis
1409 3074 1446 3125 vi·

383 3160 461 3214 detur
473 3160 635 3216 adnotatum.
645 3167 739 3215 Ducere
743 3167 847 3232 meula,
861 3165 949 3215 ducere
960 3182 1065 3223 mm,
1077 3165 1165 3214 deicere
1174 3163 1273 3221 lauces,
1285 3159 1313 3212 in
1323 3156 1446 3229 exemplis

383 3263 442 3317 quae
453 3244 620 3298 Baumannus
637 3246 716 3300 attus
725 3284 732 3309 ‚
740 3260 829 3316 potare
842 3245 949 3318 quidem
966 3244 1131 3317 significarat,
1151 3242 1198 3298 sed
1210 3246 1297 3296 olisia
1309 3247 1400 3295 macera
1410 3239 1446 3293 nit

383 3326 455 3381 aliud
465 3340 504 3382 est
513 3347 593 3400 qnam
603 3331 725 3394 oblivisci,
735 3328 909 3384 obliviscendi
918 3330 1053 3402 voluptate
1061 3329 1115 3382 irai
1123 3346 1131 3393 ς
1140 3346 1205 3392 nec,
1215 3327 1351 3399 quamvis,
1360 3351 1372 3372 ι
1382 3325 1448 3378 mul·

375 3421 426 3464 .tua
435 3410 464 3463 in
472 3429 504 3464 eo
513 3409 547 3463 sit
555 3411 690 3478 Horatius,
699 3422 728 3464 ut
737 3411 832 3466 doceat
841 3413 904 3466 vino
914 3433 990 3467 curas
1006 3411 1068 3486 pelli
1077 3437 1100 3476 s,
1116 3411 1178 3466 vino
1190 3411 1265 3464 locus
1277 3421 1317 3463 est
1328 3408 1356 3462 in
1367 3426 1448 3462 exem-

382 3492 428 3564 plo
450 3493 571 3562 laudato,
590 3493 636 3546 ubi
650 3495 756 3549 lectioni
771 3507 797 3548 et
818 3496 872 3550 otio
886 3507 971 3550 totum
984 3516 1013 3551 se
1025 3496 1148 3560 tradere,
1166 3493 1281 3548 auctoris
1296 3504 1387 3546 votum
1402 3503 1447 3544 est.

383 3577 475 3631 Liceat
485 3578 569 3632 obiter
585 3589 677 3631 notare
687 3616 694 3641 ‚
707 3581 820 3632 inertibus
829 3582 908 3641 horis,
924 3578 994 3634 idem
1004 3599 1060 3634 esse
1069 3577 1142 3651 qnod
1151 3589 1246 3631 vocant
1256 3575 1318 3628 Itali
1328 3616 1336 3641 ‚
1347 3579 1367 3626 s't
1380 3577 1449 3626 dolce

376 3663 425 3728 sar
436 3663 525 3714 niente.
533 3665 603 3715 Veto
618 3659 647 3714 in
660 3660 712 3714 hoe
727 3661 858 3736 Epicureo
872 3673 942 3716 totus
958 3661 1061 3716 videtur
1077 3679 1213 3734 expressus
1226 3670 1316 3712 noster
1334 3658 1448 3710 Joaunes

386 3751 423 3798 La
433 3749 560 3797 Fonteiae,

418 3846 455 3898 V.
468 3844 527 3915 557.
538 3851 637 3898 Pontem
647 3867 709 3915 quas
718 3851 821 3900 reddare
829 3861 925 3916 grates.
938 3877 971 3888 -
980 3848 1070 3900 Jacob.
1085 3845 1168 3900 Henr.
1179 3845 1287 3916 Hassffl,
1303 3841 1388 3895 Peric.
1401 3839 1451 3894 cri·

385 3931 432 3983 tic.
445 3947 471 4000 p.
490 3947 550 4000 107,
565 3930 688 4002 proponit
704 3951 755 3998 qua
768 3949 819 4003 pro
832 3950 910 3998 quas,
923 3930 1050 4002 jubetque
1068 3941 1098 3982 ut
1115 3927 1224 3982 adeatur
1239 3925 1340 3980 Heiusii
1353 3921 1451 3976 notaio

383 4012 456 4065 hunc
469 4011 559 4066 Ovidii
569 4011 675 4080 locum,
689 4012 797 4067 Heroid.
810 4013 896 4079 xm,
909 4020 959 4077 41:

526 4113 576 4172 Qua
584 4129 689 4175 potum,
700 4115 808 4176 qualisve
818 4123 872 4160 tuos
882 4112 971 4160 imitata
982 4111 1074 4159 labores

527 4185 604 4234 Dicar.

387 4279 439 4331 Ubi
447 4276 523 4350 plura
534 4279 652 4350 exempla
663 4279 732 4333 illius
742 4278 849 4334 dicendi
860 4278 978 4332 formulae
993 4281 1063 4346 (quea
1068 4295 1169 4346 possam
1178 4278 1197 4342 ).
