3116 5102
356 551 758 622 n0v1nn1noa1s
790 557 948 624 noun.
1121 558 1184 644 393

121 686 243 750 Magnum
255 681 347 747 regine
364 677 411 726 sed
423 674 486 724 enin
498 673 624 724 miseraute
642 689 763 731 memo,
780 672 826 724 uhi
840 676 926 740 regma
941 670 1182 734 dehortandas,

120 765 194 837 regis
204 761 303 815 Minois
311 759 377 812 lilia.

157 894 193 944 V.
205 893 312 960 389.Ae
323 903 346 939 tu
354 888 435 956 prima
448 883 596 953 doeesandi
607 897 746 950 tempusque
757 885 910 952 mediamque.
922 914 954 924 -
970 881 1019 936 Hic
1036 883 1110 936 facile
1124 883 1184 936 vir-

121 976 219 1046 gilium
228 973 366 1047 agnoscis,
377 972 441 1024 AEn.
452 969 501 1032 IV,
513 969 579 1036 293:

297 1105 567 1124 ..................
572 1080 596 1118 et
606 1087 657 1132 quta
668 1070 802 1116 mollissima
813 1070 879 1118 sandi

293 1154 421 1212 Tempora,
434 1148 486 1209 quis
495 1147 565 1194 rebus
574 1147 656 1192 dexter
664 1144 771 1212 modus¹¹

121 1255 282 1312 Mollissima,
295 1244 394 1310 desum
406 1249 510 1320 egregia
519 1245 630 1319 epitheta
642 1286 650 1312 ,
661 1245 756 1317 quibus
772 1245 896 1312 sublatis,
911 1246 999 1298 nullus
1007 1247 1062 1319 jam
1075 1247 1184 1300 carmini

121 1335 215 1387 color:
226 1333 345 1404 peccavit
357 1332 436 1404 igitur
443 1330 583 1393 Valerius,
597 1329 643 1402 qui
654 1367 661 1393 ,
672 1347 754 1400 quum
768 1328 909 1400 Virgilium
923 1329 1069 1382 imitaretur
1080 1368 1088 1393 ,
1101 1330 1185 1384 brevi·

120 1430 204 1471 tatem
215 1417 349 1489 elegantia
360 1415 504 1489 praetulerit
514 1456 521 1481 ,
531 1434 563 1467 eo
575 1427 663 1466 tamen
676 1412 839 1467 excusandus
850 1454 857 1479 ,
868 1412 940 1484 quod
954 1414 1037 1466 oratio
1049 1427 1120 1467 rocta
1130 1433 1186 1467 tna·

114 1503 206 1572 jorem
220 1498 325 1554 dicendi
339 1496 553 1570 simplicitatem,
566 1515 647 1568 quam
660 1496 786 1550 indirecta
796 1537 803 1560 ‚
812 1498 967 1570 postularet.

155 1613 190 1665 V.
202 1613 262 1680 395.
276 1615 302 1662 Si
317 1613 389 1662 bivios
397 1612 480 1679 possis
499 1611 637 1662 discernere
656 1612 741 1662 ealles.
756 1640 791 1650 -
800 1610 870 1662 veti.
885 1607 962 1662 oodd.
980 1609 1079 1662 liabent
1097 1612 1185 1662 vivos:

117 1697 194 1746 bivios
206 1693 316 1746 debetur
325 1692 447 1759 Heinsio,
458 1711 538 1764 quem
550 1691 577 1744 in
593 1691 643 1745 hac
656 1712 685 1746 re
699 1692 735 1745 sic
745 1691 835 1745 laudat
847 1693 1027 1746 Burmannus:
1043 1719 1054 1740 α
1064 1693 1117 1746 sine
1136 1692 1187 1745 du-

117 1778 164 1830 bio
187 1777 232 1830 hic
257 1775 363 1830 divinus
382 1775 429 1829 luit
448 1776 607 1829 Heinsius».
628 1777 718 1829 Liceat
734 1776 818 1829 obiter
838 1787 928 1830 notare
946 1777 1128 1830 Burmannunt
1146 1775 1187 1831 his

118 1857 208 1910 verbis
221 1876 274 1910 non
288 1857 422 1911 ἀποθέωσιν
438 1853 538 1909 Heinsii
550 1856 658 1920 iecisse,
672 1868 699 1908 ut
718 1853 894 1928 quibusdam,
907 1857 947 1908 vel
961 1855 1088 1921 eruditis,
1099 1857 1185 1909 visum

119 1954 161 1994 est
180 1943 257 2008 viris,
273 1957 321 1993 nec
337 1938 409 1992 aliud
426 1957 506 2012 quam
524 1939 633 1993 Heinsio
649 1941 809 2012 gratulatum
822 1959 878 1993 esse
892 1939 965 2013 quod
978 1959 1070 1992 veram
1085 1941 1188 1993 auctori

119 2043 233 2078 manum
242 2024 411 2078 restituisset:
423 2024 586 2092 dieinnsfuit,
596 2023 624 2076 id
635 2037 683 2090 est,
693 2044 753 2076 aare
763 2026 888 2085 divinavit·
898 2023 934 2075 sic
943 2021 1055 2076 Martini.
1064 2023 1105 2073 111
1115 2064 1123 2087 ,
1134 2040 1164 2091 71
1178 2039 1184 2073 :

120 2113 180 2159 Non
195 2127 247 2158 sum
257 2110 360 2166 divinus,
375 2111 421 2158 sed
433 2110 484 2160 seio
494 2110 657 2176 quidsacias.

155 2231 189 2280 V.
201 2229 262 2298 399.
278 2236 404 2297 Sacraque
419 2233 531 2302 tenfieae
542 2234 646 2298 supplex
656 2244 733 2280 movet
745 2231 814 2280 irrite
827 2231 907 2280 Nocti.
919 2259 948 2270 -
960 2229 1019 2280 Non
1028 2233 1144 2289 Heestoe,
1155 2241 1186 2280 ut

118 2313 231 2384 explieat
240 2315 395 2384 Wagnerus
405 2349 412 2376 ,
423 2312 469 2366 sed
479 2313 529 2384 ipsi
537 2315 612 2364 Noe-ti
618 2352 625 2373 ‚
634 2331 694 2384 ques
702 2315 807 2383 ternflea
816 2310 927 2375 dieitur,
935 2321 1044 2383 propter
1052 2311 1185 2364 somnium

118 2415 175 2466 quo
186 2396 274 2448 territa
283 2408 340 2448 erat
347 2396 441 2449 Medea
450 2416 491 2458 ;v.
503 2415 600 2468 supra,
611 2415 637 2448 v.
650 2397 710 2449 330.

158 2512 192 2564 V.
203 2517 254 2575 406
256 2549 364 2565 .......
368 2517 408 2566 iic
414 2532 528 2582 pmeeres
542 2516 623 2572 audit,
629 2518 915 2582 populosquepreoantes

261 2600 372 2663 Aiioqrtii
376 2597 465 2663 facilis
475 2601 494 2658 ί
492 2614 604 2662 praesens
613 2610 686 2663 puter
695 2601 827 2660 admonet)
838 2600 912 2664 oequt'.

119 2721 132 2738 u
141 2693 185 2746 sie
194 2693 297 2764 vulgata
310 2693 412 2763 ,inquit
420 2692 589 2764 Wagnerus‚
600 2711 659 2764 qna
668 2705 755 2747 tamen
765 2713 818 2747 non
829 2695 889 2748 satis
898 2695 988 2765 placet.
998 2695 1146 2748 Offendunt
1156 2696 1183 2746 in

118 2771 210 2842 primis
224 2771 278 2825 dno
296 2771 439 2844 adjectiva,
447 2773 551 2839 facilis,
567 2776 648 2839 oequi,
666 2774 723 2826 sine
736 2775 833 2844 copula
847 2783 882 2846 τῷ
897 2776 1001 2840 alloquii
1014 2775 1116 2843 juncta.
1135 2773 1185 2826 cni

118 2855 289 2908 incommodo
302 2854 433 2909 medelam
446 2855 536 2908 ailerri
553 2874 630 2927 posse
642 2869 749 2927 putem,
767 2860 787 2909 si
801 2857 967 2928 parenthesin
984 2867 1043 2928 post
1057 2860 1123 2924 aqui
1142 2856 1185 2908 de-

119 2958 193 2990 mum
205 2937 326 3002 claudas,
336 2938 390 2992 hoc
398 2957 475 2992 sensu
485 2957 492 2990 :
502 2957 548 2991 rex
559 2937 634 2992 audit
642 2939 712 2992 cives
723 2952 860 3011 precantes
870 2937 974 3012 placido
984 2959 1030 2992 ore
1036 2977 1044 3002 ,
1054 2939 1139 2991 facilis
1150 2938 1184 2992 ad

118 3020 333 3088 concedendum,
343 3021 415 3094 quod
425 3023 537 3092 petitur,
554 3041 612 3073 narn
625 3042 737 3091 proesens
749 3038 836 3090 poter,
850 3025 886 3076 sol
901 3023 1067 3085 omnituens‚
1081 3041 1105 3076 v.
1118 3025 1183 3090 ²48,

118 3107 326 3170 edrnonetoequt',
338 3101 446 3176 justitias
461 3103 644 3176 aequitatisque
661 3105 791 3158 rationem
808 3107 958 3160 haberenSi
975 3107 1034 3179 quis
1050 3121 1137 3159 tamen
1149 3108 1182 3159 ita

118 3186 195 3238 velit:
210 3189 321 3253 Alioqnir'
336 3192 403 3255 sequi
409 3188 513 3254 sacilt's,
533 3188 551 3240 i.
569 3207 591 3241 e.
610 3187 756 3261 alloquium
773 3189 806 3242 ad
821 3210 925 3261 aequum
935 3232 943 3255 ,
953 3191 1004 3242 nisi
1016 3191 1105 3261 injusti
1117 3188 1184 3261 quid

117 3270 253 3338 postulent
263 3270 350 3333 cives,
368 3271 465 3334 incilis3
480 3290 533 3324 non
553 3271 698 3326 admodum
715 3274 892 3345 refragantem
904 3292 946 3325 me
960 3273 1085 3336 habebit,
1103 3274 1184 3326 immo

118 3354 223 3407 facilem
234 3371 363 3424 ,equum
371 3355 486 3408 n-Nos
495 3357 662 3427 parenthesin
673 3359 782 3411 omnino
794 3359 952 3412 sustulimus.

154 3471 189 3523 V.
201 3472 260 3532 4²3.
271 3472 391 3522 Arsinoen
404 3474 441 3523 illi
459 3476 594 3541 tepidaeque
610 3479 736 3544 requirunt
748 3479 804 3528 Otia
817 3481 876 3528 iaeta
886 3479 967 3529 Phari.
980 3509 1014 3517 -
1029 3503 1040 3523 e
1051 3477 1106 3538 Hli‚
1121 3495 1181 3531 cum

115 3571 179 3624 rege
189 3553 216 3604 in
225 3554 334 3623 patriam
344 3555 454 3625 regressi
463 3561 585 3608 Arsinoen
595 3569 697 3630 petunt.
708 3559 793 3632 Hujus
805 3561 918 3612 nominis
928 3562 1020 3613 urbem
1030 3561 1056 3612 in
1067 3563 1182 3633 AEgypto

117 3639 329 3708 Argonautarum
350 3650 425 3692 estate
444 3639 564 3692 nondum
582 3642 722 3708 exstitisse,
737 3643 904 3697 manifestum
923 3657 969 3697 est.
987 3645 1049 3709 Quo
1063 3644 1180 3709 iactum,

117 3733 166 3783 ut,
179 3721 225 3792 qui
238 3723 307 3775 notis
321 3722 482 3775 illustrarunt
492 3724 645 3792 Valerium,
660 3726 731 3778 varia
753 3727 928 3798 excogitarent
947 3741 1026 3799 atque
1042 3727 1182 3780 substitue·

115 3815 177 3856 rent
190 3804 317 3871 nomina,
338 3823 396 3875 quae
405 3805 469 3858 hnic
487 3806 547 3860 loeo
563 3809 666 3880 aptiora
686 3809 835 3864 viderentur
851 3812 1007 3876 :Heinsius,
1022 3826 1063 3862 ast
1079 3816 1178 3862 Meroen

116 3887 167 3946 ult,-
183 3885 365 3946 Burmannus,
377 3901 404 3938 ατ
413 3890 492 3950 Simn,
510 3907 564 3960 quo
580 3893 687 3945 nomine
697 3893 771 3947 Nilus
785 3894 928 3966 aliqnando
938 3896 1063 3949 occurrit.
1077 3895 1181 3961 Quibus

117 3965 186 4020 adde
204 3971 426 4041 Wesselingium,
448 3971 580 4026 Probnbb.
602 3995 629 4046 p.
646 3979 695 4038 tte,
711 3979 756 4048 qni
776 3980 1052 4047 utinamutinam,
1072 3981 1180 4052 AEgypti

115 4067 207 4102 versus
216 4052 378 4106 palestinam
392 4055 547 4123 terminum,
559 4058 667 4111 mavult.
680 4059 736 4131 Ego
748 4077 812 4113 vero
821 4062 859 4113 nil
869 4073 953 4115 muto.
964 4063 1179 4126 anachronismi,

117 4133 156 4185 uti
174 4133 231 4186 aliia
244 4137 327 4205 poetis
340 4177 347 4202 ,
362 4157 386 4189 v.
402 4157 425 4190 c.
436 4139 566 4210 Virgilio,
581 4143 641 4193 AEu.
651 4143 707 4206 VI,
726 4144 777 4196 366
787 4183 794 4209 ‚
800 4157 886 4212 portus
899 4147 989 4205 Velsisi,
998 4145 1035 4198 sic
1045 4157 1070 4198 et
1083 4147 1179 4199 Nostro

117 4215 302 4283 condonandi3
315 4238 362 4272 nec
380 4220 435 4274 sola
452 4222 507 4276 hec
523 4236 578 4287 est,
590 4243 669 4296 qnam
683 4226 733 4280 sihi
744 4225 871 4294 indulsit,
887 4239 1035 4299 temporum
1049 4229 1178 4303 anticipa·

117 4300 168 4362 tio;
180 4298 240 4362 sed,
258 4314 284 4354 ut
298 4302 358 4356 alias
375 4316 474 4357 taceam
485 4305 587 4372 ‚inira‚
599 4309 652 4376 VI,
670 4313 736 4372 118,
749 4311 795 4364 ubi
810 4310 844 4364 de
860 4311 952 4366 eadem
967 4315 1079 4384 AEgypto
1092 4331 1178 4366 sermo
