3226 5114
365 484 429 562 2311
635 499 638 504 '
662 489 697 550 C.
722 488 919 555 VALERII
950 489 1119 554 FLACCI

451 619 514 682 Dat
526 619 642 706 procul
660 619 781 684 interea
800 637 870 686 toto
889 638 980 710 pater
995 643 1127 710 aequore
1142 621 1272 708 signum

407 733 570 821 Phorcys,
587 751 620 798 et
635 736 793 800 immanes
809 737 932 801 intorto
947 738 1072 801 murice
1087 737 1207 824 phooes

407 849 578 914 Contmhit
595 864 687 914 antra
701 868 831 940 petens;
846 853 943 916 simul
959 868 992 916 et
1007 853 1185 939 Massylus,
1203 869 1236 916 et
1254 874 1322 915 une

408 965 555 1052 Lyctius,
570 981 602 1029 ct
616 967 758 1031 Celebris
777 967 861 1032 redit
875 969 1088 1032 ermentarius
1104 969 1197 1044 ervis.

409 1080 499 1144 Ilicet
515 1083 650 1146 extremi
665 1105 730 1146 nox
744 1082 840 1147 litore
856 1082 938 1146 Solis
957 1083 1067 1148 Iberes
1283 1162 1285 1167 Ι

408 1191 562 1260 Condidit
579 1197 642 1260 alta
658 1196 792 1278 domos,
810 1213 843 1261 et
858 1196 961 1261 sidera
976 1197 1108 1261 sustulit
1123 1199 1226 1260 astris.

408 1311 550 1375 Flumina
564 1313 766 1390 conticuere,
777 1313 862 1394 jacet
875 1313 944 1376 sine
963 1311 1114 1377 fluctibus
1131 1335 1252 1400 aequor.

406 1425 729 1516 Amphitryoniades,
749 1451 809 1492 nec
823 1452 894 1516 quae
911 1451 994 1492 nova
1009 1429 1110 1493 lustra
1124 1428 1286 1516 requiret,

410 1541 478 1605 Nec
493 1566 560 1629 quo
579 1558 682 1607 tentet
698 1544 774 1624 iter,
793 1543 920 1608 comitis
938 1565 998 1607 nec
1015 1543 1078 1607 fata
1094 1545 1254 1632 perempti

409 1657 490 1740 Quae
508 1661 639 1740 referat,
657 1659 763 1740 videt,
784 1677 840 1723 aut
852 1660 956 1724 socios
970 1682 1034 1747 qua
1052 1676 1161 1724 mente
1178 1661 1307 1725 reviset.
1393 1678 1431 1729 7³⁵

407 1774 479 1837 Urit
496 1797 604 1856 arnor,
617 1775 759 1863 solisque
775 1791 871 1865 negat
884 1774 1040 1840 decedere
1055 1777 1151 1840 silvis.

408 1888 482 1953 Non
500 1889 592 1954 aliter
608 1890 732 1979 gemitu
748 1889 916 1978 quondam
933 1891 978 1954 lea
996 1891 1094 1979 prolis
1114 1890 1272 1979 ademptae

398 2089 452 2147 7³¹·
464 2088 620 2134 sustulimus.
633 2088 704 2135 Velie.
719 2097 742 2134 et
753 2091 841 2135 Boron.
853 2089 922 2136 codd.
933 2091 1023 2137 Boron.
1040 2092 1059 2135 1.
1072 2092 1137 2136 lunt.
1151 2091 1236 2136 Moser.
1250 2089 1302 2137 Col.
1318 2097 1342 2136 et
1355 2097 1434 2135 tuetur

368 2169 429 2216 Pius.
442 2171 515 2216 Arvr's.
533 2171 623 2216 Bonon.
639 2171 670 2216 ll.
681 2169 735 2216 Ald.
749 2173 832 2216 Astris.
842 2171 907 2216 em.
920 2169 973 2218 cod.
986 2172 1054 2217 Axis.
1069 2171 1098 2216 ls.
1111 2173 1180 2216 Voss.
1192 2179 1216 2216 et
1232 2169 1311 2216 lleim.
1328 2196 1359 2204 -
1380 2169 1434 2228 73²·

367 2247 483 2295 flumina.
494 2249 599 2295 Vsticnn.
614 2249 667 2296 cod.
683 2248 1000 2311 Jmseumstautus.1‹tn
1015 2251 1103 2296 Boron
1120 2249 1174 2296 cod.
1190 2249 1269 2295 Boni
1284 2258 1307 2296 et
1322 2250 1353 2294 ll.
1369 2251 1435 2294 Jnnt.

367 2329 421 2374 Ald.
434 2328 509 2376 Colin.
522 2330 686 2393 Sineflatibm.
700 2330 764 2376 Cur.
774 2329 949 2391 Sinefluctibus.
959 2331 1026 2374 Voss.
1042 2338 1065 2375 et
1079 2327 1160 2375 lleins.
1173 2355 1206 2364 -
1216 2329 1270 2388 734.
1284 2329 1372 2374 Tondet
1384 2331 1435 2374 im.

368 2406 448 2456 lisine.
457 2411 519 2471 conj.
529 2412 632 2456 Parenti.
643 2408 717 2456 Vntic.
732 2419 756 2454 et
766 2411 856 2456 Boron.
870 2408 941 2454 codd.
958 2411 1047 2454 Boron.
1062 2410 1073 2455 l
1087 2417 1112 2454 et
1127 2409 1157 2454 11.
1172 2409 1217 2454 llo.

405 2601 465 2666 726.
480 2599 542 2650 Dies
554 2597 670 2653 declinat
689 2599 715 2652 in
729 2615 877 2672 vesperam,
924 2594 1064 2668 desperat,
1080 2617 1186 2665 necque
1204 2610 1284 2646 mente
1296 2599 1434 2646 revisaeso·

368 2676 426 2728 Hoc
447 2677 520 2730 varie
542 2689 651 2730 exornat
671 2691 762 2752 poeta,
778 2681 814 2733 ita
833 2692 877 2743 ut,
923 2678 988 2736 cios,
1003 2679 1084 2737 videt,
1100 2675 1225 2747 quodque
1243 2676 1335 2728 mortis
1352 2694 1437 2746 genus
1500 2703 1504 2712 ·

369 2775 428 2826 quse
436 2755 482 2809 illo
492 2769 610 2829 ternpore
618 2760 645 2811 in
655 2761 721 2812 mari
731 2800 738 2824 ‚
748 2762 877 2827 interris,
924 2755 1054 2826 perempti
1072 2754 1174 2807 comilis
1186 2765 1286 2806 umet·
1301 2755 1383 2806 Amor
1395 2752 1436 2807 dl·

369 2836 398 2887 in
412 2838 475 2889 celo
487 2837 608 2891 accidere
618 2841 719 2904 solent,
731 2855 876 2895 enumeret.
923 2834 983 2888 lecti
997 2833 1073 2905 pueri
1090 2845 1179 2886 tantus
1194 2845 1251 2898 est,
1270 2844 1300 2885 ul
1318 2833 1346 2884 in
1366 2833 1437 2884 silvis

369 2923 454 2979 Pater,
471 2930 527 2970 eret
551 2920 622 2972 enirn
644 2921 671 2972 in
694 2920 878 2992 antiquissimis
923 2931 1089 2984 perseverare
1106 2913 1263 2972 constituat,
1277 2911 1437 2964 heudsecut

370 2995 438 3064 diis,
451 3003 571 3066 ΡΙιοκχε,
585 2999 655 3053 lilius
667 2999 742 3054 Ponti
754 3011 779 3054 ct
790 3001 879 3053 Terret
924 3011 955 3046 ac
967 2994 1027 3057 leo,
1039 2993 1083 3047 cui
1092 2993 1170 3045 catuli
1177 2991 1268 3062 erepti.

369 3078 380 3143 (
392 3098 418 3129 v.
429 3083 553 3132 Hemann
565 3085 665 3146 mythol.
678 3084 778 3133 Handb.
793 3083 837 3133 tn.
850 3082 878 3144 1,
959 3075 1020 3142 734.
1030 3076 1125 3124 Comitis
1132 3093 1177 3123 nec
1176 3069 1438 3139 sataperempn'.Vide

370 3161 397 3209 S.
415 3159 446 3226 37
458 3163 482 3224 l,
494 3173 542 3210 toto
563 3181 662 3227 <equore
680 3165 778 3229 signum
791 3165 846 3221 dat,
858 3175 882 3212 et
924 3151 959 3208 ad
971 3153 1068 3206 calcem
1081 3151 1161 3224 hujus
1171 3149 1232 3202 libri
1243 3161 1296 3202 not.
1311 3149 1372 3218 734.
1386 3150 1436 3202 En.

371 3239 584 3289 immanesr'ntorto
596 3239 880 3308 murice(concha)pho·
961 3233 1021 3302 737.
1037 3237 1094 3284 Non
1115 3235 1187 3282 aliter
1202 3233 1292 3298 gemitu
1311 3232 1437 3296 quondum

372 3337 416 3368 sas
428 3321 549 3370 contrahit
559 3335 631 3371 antra
641 3336 734 3389 petens,
750 3317 805 3372 vid.
817 3319 879 3370 Vir·
925 3311 1101 3383 (aliqnando;
1120 3310 1175 3364 vid.
1183 3310 1255 3381 virg.
1267 3309 1365 3379 Georg.
1377 3307 1434 3368 m,

370 3395 417 3465 gil.
431 3399 491 3450 AEn.
503 3403 537 3462 V,
551 3402 611 3462 ⁸²15·
926 3396 978 3461 99)
992 3396 1032 3443 lea
1041 3394 1121 3461 prolis
1131 3394 1250 3458 ademptae
1262 3393 1343 3456 Terga
1354 3390 1434 3448 dedic,

407 3476 468 3544 728.
497 3475 616 3530 Pastores
637 3477 768 3530 reducunt
792 3497 882 3549 greges
926 3491 1034 3543 gemens
1056 3469 1090 3523 de
1112 3470 1185 3541 prole
1207 3467 1329 3538 adempta
1348 3466 1439 3546 fugere

371 3554 480 3607 domum
493 3574 499 3608 :
513 3561 652 3620 Massstus,
664 3557 692 3609 in
706 3557 881 3618 Mauritania,
927 3569 983 3604 sese
1004 3549 1075 3602 videt
1093 3562 1230 3611 coactam,
1252 3545 1331 3599 tristis
1354 3545 1437 3609 redit;

371 3639 468 3700 Lyctim
480 3673 487 3698 ‚
503 3635 649 3694 Cretensis,
666 3652 689 3689 et
702 3639 810 3688 Calabris
821 3640 883 3688 redit
927 3635 994 3682 sedet
1002 3635 1060 3682 inde
1066 3634 1130 3690 viis,
1142 3628 1267 3682 temnentis
1277 3624 1420 3679 metuenda
1431 3643 1438 3688 ;

374 3719 535 3765 amentarius
554 3719 627 3767 amis.
644 3747 678 3756 -
692 3715 823 3768 Occidens
843 3715 882 3768 sol
927 3715 1023 3764 inclusa
1037 3715 1112 3778 longo
1118 3713 1270 3778 pervigilant
1278 3709 1383 3757 castella
1392 3725 1440 3755 me-

373 3795 412 3847 nti
422 3793 514 3845 domos
525 3793 553 3844 in
567 3795 642 3848 terris
651 3793 774 3848 subducit
788 3794 882 3860 oculis,
927 3805 967 3851 tu,
982 3791 1071 3861 plures
1091 3807 1138 3858 per
1158 3787 1215 3840 dies
1234 3797 1351 3858 pastores
1370 3785 1440 3836 intra

374 3876 409 3926 ite
419 3871 505 3926 sidera
515 3871 584 3926 tollit
596 3873 624 3926 in
634 3874 708 3927 cselo.
719 3875 802 3927 Venti
811 3873 884 3946 quie-
928 3881 1002 3941 septa
1024 3887 1115 3940 greges
1138 3868 1290 3925 continent3
1314 3869 1386 3916 dolor
1404 3878 1441 3914 at-

374 3965 450 4006 scunt
460 3956 578 4023 ‚flamina
592 3957 743 4015 conticuere,
753 3957 884 4023 jacetsine
928 3952 1002 4000 ttulit
1016 3952 1101 4008 onies,
1120 3948 1211 4000 oculos
1232 3943 1382 4008 contrahit,
1394 3940 1440 3994 de·

364 4036 583 4104 flnctibmoequor.
928 4027 1016 4099 primit
1033 4025 1114 4095 (vide
1139 4027 1227 4078 locum
1252 4025 1306 4076 lere
1329 4021 1441 4073 similem

410 4115 471 4182 733.
489 4114 539 4167 Sed
560 4113 623 4186 quid
645 4116 723 4168 miser
742 4113 884 4167 Hercules?
929 4125 1024 4178 supra,
1037 4107 1084 4158 lib.
1099 4105 1192 4175 1,758
1203 4142 1211 4167 ,
1221 4103 1267 4156 ubi
1283 4100 1374 4154 itidem
1388 4120 1443 4152 ser·
1467 4167 1471 4174 .

374 4193 504 4246 Omnibus
518 4191 569 4246 late
581 4193 760 4265 pervestigatis
774 4194 846 4246 silvis
860 4203 885 4245 et
929 4205 973 4238 mo
990 4184 1023 4237 de
1035 4185 1112 4238 leoire
1123 4186 1204 4238 irato:
1219 4203 1301 4252 genos
1316 4194 1341 4232 et
1350 4183 1444 4233 lumina

374 4273 525 4340 montibus,
547 4272 580 4326 de
604 4272 786 4347 recuperando
815 4273 884 4344 Hyla
926 4267 1172 4340 pressit),etmisem
1182 4278 1268 4315 rnanat
1270 4263 1334 4331 juba
1342 4262 1444 4312 sordido
