3116 5102
304 517 309 558 .
347 438 740 549 sasonnurroou
767 485 852 552 trs.
877 490 916 552 ν.
1100 492 1163 582 369

140 615 289 702 Namque
300 615 406 678 virum
418 615 517 678 trahit
531 615 600 703 ipse
610 613 741 704 chalybs
754 642 762 698 3
777 634 849 682 tum
865 620 982 685 vellera
995 623 1107 706 victor,

141 731 226 795 Tum
242 729 381 812 meritis,
394 753 454 795 neo
466 732 532 794 sola
543 729 628 794 daho
639 761 662 795 r.
683 733 803 813 Contra
818 736 939 799 inscius
955 755 1062 820 astus,

139 875 152 901 s
161 844 248 934 Ergo
262 865 323 908 neo
335 843 389 907 hie
405 845 523 908 nostris
537 842 647 907 deerat
657 844 749 908 labor
760 846 879 912 arduus
892 851 985 932 actis,

139 957 268 1047 Excipit
278 955 465 1041 AEsonides,
481 973 514 1021 et
527 980 587 1021 ceu
599 957 681 1020 nihil
692 979 821 1046 aequore
833 964 932 1048 passis

138 1072 279 1140 Additus
298 1074 358 1138 iste
374 1072 459 1139 dies!
477 1075 607 1138 veniant
623 1073 804 1161 superhaec
821 1097 953 1166 qnoque
970 1083 1036 1146 fato
1125 1103 1161 1149 sss

136 1189 224 1254 Bella
234 1191 326 1254 meo!
345 1211 412 1252 non
424 1189 514 1251 hunc
527 1210 623 1275 parva
635 1188 716 1251 mihi
730 1189 816 1252 caede
830 1190 995 1277 dolorem,

138 1304 293 1393 Quasque
309 1303 419 1386 dedit,
434 1305 501 1368 luet
514 1304 565 1367 ille
577 1325 683 1368 moras
693 1335 714 1369 ν.
731 1305 817 1368 Turn
830 1306 960 1372 Castora
973 1311 1087 1390 mittit,

137 1419 206 1502 Qui
218 1418 301 1484 ferat
317 1417 398 1483 AEaei
415 1418 510 1482 sociis
522 1438 676 1504 responsa
687 1420 827 1505 tyranni.

179 1533 321 1598 Acribus
338 1548 387 1596 ast
397 1533 470 1595 illos
482 1532 568 1595 curis
579 1553 670 1594 mora
682 1552 762 1596 saeva
775 1534 938 1618 traheba13

135 1650 182 1712 Ac
196 1649 293 1712 simul
304 1663 342 1710 ut
352 1645 462 1710 medio
475 1644 627 1710 viderunt
639 1647 769 1710 Castora
784 1671 915 1736 campo,

136 1762 292 1827 Crebrior
303 1761 438 1825 incussit
448 1775 589 1824 mentem
602 1782 702 1848 pavor
714 1785 721 1824 :
735 1791 747 1816 «
760 1763 789 1825 0
801 1764 817 1826 J
819 1763 887 1826 ovis
898 1766 981 1830 alma

134 1877 330 1966 Progenies,
342 1875 428 1956 fare,
441 1898 481 1939 an
493 1875 628 1963 patriam
641 1897 714 1964 spes
726 1876 791 1940 ulla
803 1877 953 1960 videndi,

121 2083 175 2138 sta.
197 2085 288 2130 Inscius
301 2084 352 2128 acti.
369 2083 433 2127 Carr.
453 2081 506 2127 cod.
524 2081 609 2127 omisso
627 2065 695 2125 reisn
710 2081 823 2140 sequenti.
840 2109 870 2116 -
888 2082 941 2143 547.
958 2086 1030 2131 Levet.
1046 2091 1121 2137 Varie.
1138 2101 1162 2138 et

91 2160 181 2210 Boron.
192 2161 263 2209 oodd.
275 2163 365 2208 Bonon.
376 2161 388 2206 1
400 2170 425 2206 st
435 2161 464 2206 lt.
481 2161 525 2205 En.

128 2333 189 2395 541.
208 2337 321 2399 Namque
335 2335 416 2384 virum
434 2333 529 2384 fortem
552 2343 602 2382 tra-
649 2349 682 2383 va
700 2330 816 2401 pericula
832 2334 977 2401 provocor!
992 2333 1031 2386 sit
1047 2335 1096 2388 itu:
1116 2360 1161 2390 ere-

91 2414 128 2462 tie
137 2415 189 2479 ipse
198 2414 310 2477 ctatyts,
325 2411 427 2463 ferrum
437 2450 445 2476 ,
456 2412 539 2473 ensis;
550 2430 604 2463 non
649 2414 720 2460 uiant
731 2412 819 2476 super(
827 2415 936 2482 prester)
950 2416 1002 2464 laoec
1016 2417 1081 2466 bella
1098 2438 1160 2484 qno-

91 2502 149 2561 eget
173 2488 374 2552 adhortatione,
396 2505 476 2560 quem
497 2501 604 2542 strenua
649 2488 759 2554 qnesato
771 2507 837 2549 meo,
855 2489 877 2540 si
889 2490 974 2543 fatum
985 2492 1023 2544 ita
1036 2493 1107 2549 velit.

91 2566 231 2621 manased
244 2567 604 2640 pugnasrapit.Adverbum
685 2566 745 2628 545.
765 2570 869 2616 Addims
880 2570 924 2619 ista
938 2573 998 2621 dies.
1012 2569 1158 2638 Heinsius,

92 2664 213 2718 expressa
222 2665 254 2699 ex
268 2647 402 2712 Homero,
415 2645 510 2718 Odyss.
523 2647 603 2708 XVI,
649 2645 692 2695 cui
704 2644 765 2696 satis
777 2663 913 2715 uunquam
924 2646 980 2699 fieri
990 2657 1085 2718 potest,
1096 2653 1158 2706 rnal-
1238 2719 1240 2722 Ι

92 2733 155 2792 294,
163 2736 190 2778 et
196 2725 275 2790 xlx,
286 2726 318 2779 13
328 2742 336 2777 t
345 2730 416 2788 αὐτὸς
424 2726 470 2798 γὰρ
479 2727 603 2796 {pinxerat
649 2722 684 2775 let
694 2725 800 2774 additur.
814 2722 867 2774 Et>-

91 2804 174 2878 ἄνδρα
186 2803 302 2880 σίδηρος,
320 2823 378 2876 quae
395 2804 429 2857 ad
450 2803 529 2856 aliam
546 2823 603 2856 rem
684 2799 744 2864 5'46.
758 2806 814 2852 Non
833 2803 897 2852 liuere
913 2823 992 2870 parva
1010 2809 1069 2858 milri
1090 2815 1159 2860 eoede

91 2882 305 2937 accommodavit
321 2882 472 2950 Juvenalis,
483 2883 533 2947 IX,
552 2884 603 2952 37,
647 2877 703 2930 luet
712 2882 819 2930 dotorem
828 2917 835 2939 ,
845 2899 956 2947 quasque
969 2886 1046 2944 dedit,
1060 2891 1108 2938 Inet
1117 2893 1159 2940 ille
1207 2927 1208 2930 ,

91 2965 218 3033 ipimus
232 2961 311 3036 ἄνδρα
329 2961 454 3026 κίναιδος,
469 2961 515 3013 ubi
529 2981 555 3013 v.
568 2959 601 3013 cl.
648 2978 738 3010 moras.
751 2958 812 3010 Haec
822 2975 927 3022 secum,
941 2961 1033 3015 saltem
1045 2983 1098 3018 non
1109 2985 1157 3019 nu·

90 3045 301 3110 Reperti-Tim
310 3037 603 3113 victor-,quandovicto-
628 3036 736 3090 ·diente
757 3055 836 3107 rege,
852 3035 949 3090 dixisse
970 3041 1156 3098 existimandus

88 3118 190 3174 riama
211 3120 292 3174 fratrs
309 3132 396 3173 tecum
420 3132 601 3190 reportarem,
649 3118 786 3170 estiason:
803 3115 926 3169 Graviter
936 3118 990 3171 luet
1008 3139 1054 3174 rex
1067 3125 1154 3178 AEetes

89 3202 217 3269 tum(non
229 3199 337 3265 odiosa,
350 3197 422 3269 quod
433 3199 602 3252 Burmannus
645 3197 717 3249 hunc
725 3195 1074 3266 mihiimpositumlaborem
1083 3240 1090 3266 ,
1100 3223 1157 3274 gra.

89 3277 165 3342 vult,
183 3277 230 3332 sed
248 3277 414 3349 emphatica,
435 3288 461 3330 et
471 3278 532 3331 huic
541 3279 601 3332 loco
645 3275 790 3336 viterluet,
803 3291 869 3344 quas
880 3275 945 3327 mihi
959 3276 1049 3348 objicit
1059 3299 1156 3336 moras.

89 3356 226 3427 aptissima
243 3356 360 3431 ejusdem
376 3358 448 3409 verbi
465 3359 599 3428 repetitio)
681 3353 796 3424 -Piget
812 3353 839 3406 in
851 3353 909 3406 ioco
921 3367 974 3408 tarn
988 3358 1060 3410 sacili
1076 3361 1155 3414 talem

89 3439 192 3496 meritis,
204 3455 266 3488 narn
276 3453 347 3488 nuno
356 3447 452 3488 temere
462 3437 602 3505 petis,vel·
645 3435 730 3486 virum
743 3445 874 3485 errantem
890 3431 1101 3504 deprehendere:
1114 3445 1156 3492 ille

88 3517 159 3576 Iera,
176 3534 222 3567 nee
240 3519 294 3566 sola
302 3551 310 3575 ,
326 3513 382 3566 aliis
395 3513 490 3567 additis
508 3515 601 3579 donis,
645 3514 747 3566 hostem
771 3513 865 3576 AEetae,
884 3530 938 3564 non
964 3517 1076 3579 AEeten,
1099 3520 1154 3573 ullo

89 3595 165 3647 dabo.
645 3593 745 3663 absque
753 3591 837 3645 dubio
852 3589 960 3645 indicat.
970 3593 1021 3646 En.

126 3671 187 3736 sss.
199 3675 288 3724 Contra
307 3675 396 3724 inscius
413 3686 494 3733 astus,
509 3671 600 3724 dolum
681 3673 740 3742 549.
749 3669 839 3725 Socios
849 3689 921 3723 mora
933 3673 1010 3743 longa
1024 3676 1093 3729 curis
1104 3676 1155 3730 im.

89 3747 251 3823 insidiasque
261 3751 329 3823 regis
339 3751 445 3804 subesse
454 3769 509 3803 non
519 3752 602 3822 suspi—
645 3751 769 3822 plevernt.
779 3756 817 3802 Ac
828 3753 899 3800 simul
907 3751 1072 3820 ut(usitatius
1085 3761 1157 3811 simul

89 3841 180 3898 catus,
193 3832 274 3885 Jason
287 3835 391 3900 excipit,
402 3829 542 3901 respondet
552 3831 601 3893 ito,
646 3851 692 3889 ac,
707 3830 813 3882 auribus
832 3848 895 3881 vero
912 3832 1044 3885 consuluit
1058 3849 1154 3906 poeta,

91 3918 120 3957 ut
132 3909 264 3962 facturum
282 3929 310 3964 se
326 3909 451 3982 quidem,
470 3908 542 3980 quod
556 3928 600 3962 rex
645 3928 680 3962 ne
691 3909 729 3962 his
737 3919 845 3981 poneret
854 3910 900 3973 ac)
911 3913 990 3960 medio
999 3932 1084 3980 carnpo
1093 3935 1155 3968 con.

89 3983 171 4049 velit,
184 3987 394 4042 invitum'tamen
403 3988 531 4042 ostendat.
644 3999 784 4058 spexerunt
796 3991 911 4048 Castora,
927 3991 1153 4056 crebn'oriucussr‘t,

127 4065 188 4127 543.
198 4071 265 4136 Ergo
275 4089 320 4120 uec
333 4072 372 4120 lu'c
381 4072 451 4120 labor
462 4074 559 4128 deerat,
576 4081 601 4122 et
644 4069 786 4141 percussit,
798 4080 899 4117 mentem
910 4088 994 4134 pavor.

90 4144 167 4212 quasi
184 4163 239 4198 non
259 4147 322 4201 sutis
340 4166 388 4220 per
410 4150 491 4201 maria
509 4167 601 4220 passus
681 4149 740 4202 551.
755 4153 777 4198 0
788 4149 854 4198 lovis
868 4145 906 4199 fili
917 4149 1006 4216 ,sare,
1019 4151 1081 4216 sors
1091 4153 1101 4217 (
1111 4154 1152 4204 six

89 4237 174 4276 essem
183 4259 192 4290 ,
203 4227 300 4277 addim
310 4231 354 4279 iste
364 4232 429 4290 dies,
441 4247 494 4302 quo
508 4226 541 4282 ad
555 4247 601 4280 no·
645 4237 793 4299 exspectare
803 4227 942 4297 possunt),
952 4244 1035 4278 ornnes
1044 4247 1097 4280 uno
1107 4249 1153 4282 ore

199 4323 225 4388 l·
937 4329 976 4402 24
