3122 5126
265 517 344 593 AD
372 515 664 596 LECTOREM
694 516 1033 599 BENEVOLUM.
1118 553 1187 606 xm

107 657 258 736 Sancti
277 655 496 736 Salonam
513 657 781 752 Bononiensis,
803 663 983 766 signatus
1003 665 1044 739 in
1062 666 1187 743 inven-

110 787 222 858 tan'o
250 781 323 858 sub
352 809 462 858 num.
485 779 573 884 327.
1166 860 1169 866 ,

165 885 403 1000 alditiones,
422 931 444 981 e
463 901 608 1010 quihus
625 905 741 982 variae
761 905 948 985 lectiones
968 937 1074 987 nunc
1096 939 1189 1017 pro-

115 1028 321 1122 feruntur,
332 1026 469 1133 paucis
477 1053 671 1133 exponam
682 1055 691 1123 ;
704 1056 825 1134 quum
841 1028 963 1108 fusius
976 1031 1191 1112 disseratur

116 1152 154 1227 in
175 1149 378 1254 Catalogo
396 1146 487 1228 edd.
503 1147 624 1246 infra,
640 1177 729 1256 pag.
744 1178 799 1229 cc.

174 1280 214 1352 1⁰
238 1271 378 1352 Editio
400 1273 608 1380 princeps,
638 1273 826 1352 Bononiae
852 1277 1061 1383 impressa,
1083 1309 1188 1360 anno

122 1399 243 1502 1474,
269 1396 401 1475 in-fol.
426 1397 633 1476 Lectiones
664 1399 799 1477 insunt
828 1399 979 1507 aliquot
1008 1404 1188 1509 optimae,

117 1521 254 1628 plures
276 1547 372 1597 vero
393 1519 522 1614 malae3
542 1517 694 1597 mendis
717 1539 904 1625 praeterea
928 1541 1050 1602 scatet
1072 1527 1189 1606 innu-

119 1645 256 1740 meris,
266 1669 435 1750 quarum
451 1669 632 1746 magnam
643 1660 797 1748 partem
811 1646 969 1724 sustulit
976 1645 1191 1729 Sabellicus

120 1768 166 1844 in
179 1767 406 1846 Observatt.
421 1766 552 1866 Quam
565 1763 781 1844 editionem
799 1770 1068 1874 spectavisset,
1084 1772 1191 1850 unde

124 1888 418 1970 emendationes
427 1889 603 1996 petiisset
612 1888 838 1988 Sabellicus,
853 1913 982 1988 neme,
995 1919 1065 1971 nec
1075 1895 1192 1974 Hein-

122 2016 220 2110 sius,
243 2041 317 2091 nec
334 2013 603 2115 Burmannus,
617 2014 823 2116 cognovit;
844 2041 888 2091 ac
909 2016 1021 2121 prior
1042 2018 1191 2097 invenit

120 2138 184 2214 vir
195 2136 244 2214 cl.
255 2137 424 2215 Caussm
438 2133 673 2212 Sabellieum
685 2134 960 2216 inObservatt.
976 2137 1191 2219 editionem

120 2260 347 2366 principem
361 2259 414 2337 ob
429 2258 564 2338 oculos
580 2257 782 2356 habuisse,
803 2276 841 2337 et
859 2260 1153 2343 emendationes
1170 2294 1191 2342 e

120 2411 191 2460 sua
217 2384 395 2461 minerva
421 2381 737 2492 deprompsisse:
768 2410 873 2461 nunc
896 2411 991 2490 ergo
1017 2387 1190 2492 primum

121 2507 222 2584 sciet
251 2505 393 2602 lector,
424 2504 533 2612 quod
559 2533 695 2583 omnes
722 2523 836 2584 antea
865 2527 1192 2590 commentatores

122 2629 287 2726 fefellit,
323 2630 545 2734 ingeniosas
586 2629 746 2738 quidem
783 2630 963 2710 Sabellici
1004 2633 1191 2714 lectiones

123 2751 231 2830 nulla
251 2770 385 2830 tamen
405 2754 638 2832 auctoritate
658 2753 797 2832 valere.
822 2754 1020 2834 Editionis
1044 2759 1193 2863 princi-

126 2876 186 2981 pis
202 2876 404 2982 exemplar
418 2876 607 2954 habemus
621 2877 663 2954 in
677 2875 921 2955 Bibliotheca
934 2880 1076 2982 Regia,
1098 2880 1192 2958 olim

127 2998 332 3104 aNeapoli
353 3017 615 3114 asportatpm,
639 3027 760 3106 quum
781 3027 946 3104 regnum
967 3001 1062 3079 illud
1084 3004 1191 3080 inva-

125 3123 238 3200 sisset
254 3119 479 3200 Ludovicus
491 3123 581 3199 Xll.

180 3259 224 3321 2⁰
240 3245 500 3322 Bononiensis
514 3244 653 3338 altera,
672 3246 765 3321 anni
782 3245 895 3349 1498,
911 3246 1048 3326 in-fol,
1058 3248 1194 3325 Emen-

123 3369 308 3449 dationes
328 3368 526 3467 Sabellici,
547 3369 707 3477 aliaeque
722 3369 871 3476 plures,
889 3399 986 3478 quas
998 3370 1193 3477 jubebant

122 3492 245 3585 MSS,
273 3493 316 3568 in
335 3509 445 3570 textu
460 3491 779 3596 recognoscendo
798 3492 988 3571 adhibitae
1009 3513 1111 3572 sunt.

179 3615 222 3692 3⁰
241 3615 410 3712 Veneta,
433 3616 526 3693 anni
547 3616 662 3712 1501,
686 3617 831 3722 passim
856 3617 995 3724 priscis
1015 3618 1187 3728 interpp.

119 3737 304 3834 laudata,
325 3737 393 3816 sed
415 3739 566 3815 minimi
585 3765 678 3816 usus
697 3737 782 3816 fuit.

174 3865 220 3956 4⁰
243 3863 418 3942 luntinae
449 3860 558 3957 duee,
588 3889 650 3940 an.
681 3862 778 3939 1503
808 3879 846 3940 et
880 3865 996 3968 1517,
1026 3893 1192 3970 quarum

117 3987 286 4065 alteram
305 4013 328 4062 a
343 3985 472 4092 priori
489 3985 697 4092 repetitam
710 3969 849 4062 asserit
863 3985 987 4064 abbas
1005 3987 1195 4066 1188111111-

115 4111 256 4220 teger.
280 4111 341 4188 De
364 4109 576 4216 posteriori
599 4127 752 4187 tantum
774 4110 837 4186 hic
860 4113 1008 4188 mentio
1028 4110 1105 4190 flet.

167 4239 215 4314 5⁰
237 4232 527 4328 Bononiensis,
557 4261 645 4309 cum
680 4234 963 4311 commentario
993 4233 1050 4310 Jo.
1083 4235 1192 4340 Bapt.
