3198 5106
400 528 524 575 ctxxvt
810 507 1065 576 PRAEFATIO

399 652 497 702 tatem
521 637 727 726 pretiumque
755 636 983 725 exemplarium
1012 635 1262 715 commentario,
1286 633 1328 698 ad
1343 636 1465 701 intelli-

285 811 287 818 ,
399 742 543 834 gendum
564 758 729 808 auctorem
751 740 915 806 difficilem
938 739 1085 831 plurimis
1106 739 1304 822 necessario,
1323 741 1463 828 stipato·

401 873 487 934 rum,
499 848 646 938 inprimis
659 847 992 929 Burmannianorum,
1008 847 1042 910 in
1052 865 1146 912 causa
1157 867 1237 927 esse,
1247 867 1305 908 cur
1316 847 1463 934 optimus

399 972 514 1046 poeta,
528 955 562 1020 iu
579 977 647 1044 quo
664 953 765 1019 multa
782 954 852 1019 loca
869 974 1075 1042 nequaqnam
1098 951 1173 1016 satis
1186 950 1294 1015 adhuc
1305 952 1462 1040 explicata

400 1078 496 1144 aunt,
511 1061 546 1124 in
568 1080 746 1148 paucorrnn
766 1059 875 1122 veniat
892 1057 1040 1122 notitiam
1047 1080 1057 1138 ;
1082 1079 1173 1122 novae
1197 1055 1365 1139 editionis,
1387 1080 1462 1146 quae

398 1183 550 1257 praeterea
565 1186 643 1254 opes
659 1164 863 1254 superiorum
876 1163 1089 1252 interpretum
1103 1161 1238 1226 haberet
1249 1161 1461 1246 conjunctas,

400 1272 550 1363 parandae
565 1270 636 1358 cepi
650 1271 832 1336 consilium.
844 1268 896 1336 Ad
910 1268 1000 1358 quod
1016 1267 1257 1356 suscipiendum
1267 1282 1366 1356 atque
1378 1291 1465 1336 exse·

400 1377 567 1468 quendum
584 1376 618 1440 id
641 1398 693 1441 me
715 1398 846 1465 quoque
862 1374 1007 1465 impulit,
1028 1374 1118 1462 quod
1141 1375 1182 1440 de
1196 1375 1462 1462 interpretatione

399 1483 636 1572 permultorum
658 1481 806 1546 locorum
828 1495 893 1566 tam
910 1480 1011 1546 varias
1029 1478 1096 1544 ridi
1115 1501 1184 1544 esse
1199 1478 1460 1544 doctissimorum

399 1588 589 1668 hominum,
609 1601 741 1674 tamque
763 1584 977 1673 discrepantes
995 1585 1168 1652 sententias
1179 1605 1188 1666 ,
1199 1599 1250 1650 .ut
1266 1600 1298 1650 et
1316 1585 1460 1674 plurium

400 1694 481 1758 seire
494 1689 613 1772 judicia
629 1690 670 1755 de
686 1689 738 1772 iis,
753 1711 825 1778 quus
838 1712 905 1760 uon
921 1691 996 1760 satis
1012 1691 1174 1779 explorate
1189 1705 1339 1779 percepta
1353 1691 1461 1754 essent

401 1797 611 1889 cognitaque,
634 1810 667 1858 et
683 1817 766 1864 nova
785 1794 932 1884 legitimae
949 1795 1221 1884 interpretationis
1238 1793 1383 1884 praesidia
1399 1796 1460 1860 ha·

399 1905 494 1985 bere,
518 1902 560 1966 ad
583 1899 819 1966 moderandum
835 1901 994 1982 judicium
1010 1917 1210 1990 ,postemque
1232 1918 1319 1967 recte
1340 1901 1460 1968 intelli·

400 2009 561 2102 gendum,
575 2029 730 2096 perquam
749 2007 827 2070 utile
845 2006 914 2070 fore
927 2007 1152 2073 existimarem.
1166 2007 1236 2096 Ego
1251 2028 1343 2090 vero,
1356 2030 1460 2095 quum

401 2116 442 2180 de
456 2114 587 2204 ingenio
599 2127 701 2202 poetae
713 2127 970 2200 argumentoque
985 2111 1083 2191 hujus
1096 2111 1245 2175 carminis
1255 2113 1462 2177 Burmannus

400 2222 435 2286 in
451 2219 654 2312 praefatione,
670 2239 767 2304 quam
778 2239 853 2281 cum
870 2215 1014 2296 ejusdem
1026 2217 1170 2305 catalogo
1183 2219 1461 2306 Argonautarum,

400 2324 564 2392 interdum
582 2322 792 2410 locupletiore
807 2344 826 2386 a
845 2344 897 2386 me
912 2323 1014 2404 facto,
1037 2337 1160 2387 etcum
1179 2321 1303 2409 aliquot
1316 2323 1460 2387 virorum

402 2429 663 2498 doctissimorum
682 2427 943 2514 prefationibus,
960 2427 995 2490 in
1012 2427 1131 2516 quibus
1147 2426 1188 2493 de
1201 2427 1330 2491 Valerio
1347 2443 1460 2492 nostro

401 2537 606 2628 potissimum
628 2533 744 2624 agitur,
762 2532 971 2622 repetendam
992 2535 1119 2617 curavi,
1145 2534 1219 2598 satis
1239 2549 1386 2598 accurate
1404 2535 1459 2598 in-

402 2643 647 2731 telligenterque
662 2637 870 2726 disputassem
894 2660 967 2721 me,
994 2637 1161 2728 quomodo
1176 2654 1320 2703 versatus
1342 2639 1460 2703 luerim

401 2749 436 2812 in
445 2747 509 2812 hoc
520 2745 630 2809 labore
642 2742 730 2828 haud
745 2741 826 2808 adeo
838 2743 932 2827 l'acili‚
942 2759 975 2808 et
987 2743 1107 2832 quibus
1123 2743 1272 2809 subsidiis
1285 2744 1459 2809 emendan-

403 2850 483 2919 dum
496 2848 788 2937 illustrandumque
799 2865 928 2938 poetam
939 2851 1113 2914 instructus
1127 2851 1333 2932 accesserim,
1350 2850 1460 2938 paucis

402 2955 580 3046 expediam.
599 2953 745 3020 Primum
765 2955 864 3044 igitur
882 2953 1034 3034 disseram
1053 2955 1093 3026 de
1116 2955 1235 3044 copiis,
1252 2954 1370 3043 quibus
1386 2970 1462 3044 post

403 3067 639 3142 Burmannum,
654 3061 704 3124 uti
723 3060 803 3124 mihi
821 3061 926 3143 licuit,
945 3077 977 3125 et
993 3060 1034 3125 de
1055 3084 1152 3143 cura,
1171 3083 1286 3149 qnam,
1303 3077 1459 3150 quantum

402 3170 437 3232 in
453 3190 524 3244 mea
540 3167 602 3244 fuit
617 3179 792 3254 potestate,
810 3165 844 3226 in
860 3181 1014 3230 contextu
1026 3165 1215 3256 refingendo
1226 3165 1378 3249 adhibui;
1390 3183 1460 3230 tum

396 3273 444 3364 ¹de
466 3273 606 3354 ratione,
625 3292 723 3358 quam
749 3269 783 3332 in
801 3269 975 3349 alienarum
998 3271 1313 3352 animadversionum
1334 3272 1461 3339 delectu

403 3379 548 3466 meisque
564 3375 799 3458 accessionibus
812 3392 969 3464 sequutus
983 3401 1067 3448 sum.

448 3485 530 3568 Qum
547 3481 626 3556 milri
642 3482 740 3572 igitur
755 3481 950 3557 adminicula
965 3483 1007 3549 ad
1024 3507 1138 3559 manus
1156 3487 1297 3567 luerint,
1320 3507 1460 3575 quorum

403 3590 535 3678 quidem
556 3588 710 3669 majorem
731 3587 797 3652 vim
814 3589 983 3678 aliquoties
1001 3590 1270 3674 desideraveram,
1288 3591 1356 3654 haec
1373 3606 1459 3656 sunt.

404 3697 448 3760 Ut
462 3695 603 3784 primum
618 3692 658 3759 de
674 3717 758 3758 nova
769 3694 912 3776 editione
927 3697 1139 3786 cogitaveram
1152 3696 1303 3778 curanda,
1316 3696 1460 3777 Ernesti,

404 3803 444 3865 V.
468 3802 504 3864 C.
521 3799 663 3887 antiquae
687 3799 891 3890 elegantioris
913 3801 1084 3875 literaturae
1111 3803 1145 3867 in
1166 3801 1339 3868 Germania
1354 3800 1461 3864 vindi-

404 3929 492 3987 cem,
519 3927 617 3995 penes
639 3928 736 3994 quem
756 3908 917 3996 exemplar
943 3909 1147 3984 Bononiense
1172 3930 1247 3972 cum
1267 3907 1459 3972 lectionibus

403 4011 496 4076 variis
516 4034 555 4075 ex
566 4010 639 4075 cod.
656 4028 763 4076 vetere
784 4013 941 4101 excerptis
959 4036 1046 4093 esse,
1062 4035 1100 4080 ex
1118 4013 1314 4078 Bibliotheca
1328 4013 1382 4078 lat.
1400 4015 1460 4078 Fa-

404 4119 544 4184 briciana
560 4118 601 4182 ab
618 4119 672 4183 illo
690 4119 880 4208 locupletata
901 4121 1012 4209 (tomo
1029 4122 1076 4198 ll,
1090 4145 1121 4210 p.
1139 4118 1221 4208 255)
1235 4144 1386 4186 noveram
1402 4119 1458 4208 (1),

438 4278 478 4347 (r)
493 4277 602 4352 Scripsit
614 4295 676 4331 vero
684 4277 718 4332 V.
730 4279 761 4332 C.
777 4278 810 4333 de
823 4279 874 4333 hoc
887 4299 934 4333 suo
945 4280 1085 4353 exemplari
1100 4299 1106 4335 :
1121 4307 1132 4330 ι
1144 4280 1234 4336 liabeo
1247 4281 1394 4353 exemplum
1409 4279 1459 4334 edi·
