3226 5114
378 582 440 658 ²66
490 573 544 638 IN
574 566 659 632 LIB.
684 563 901 627 TERTIUM
933 565 1327 632 ARGONAUTICON

410 721 446 772 V.
458 721 519 784 596.
527 721 616 768 Rursus
625 717 707 778 Hylan
719 724 743 762 et
755 729 836 761 rursus
845 714 926 774 Hylan
934 731 982 778 per
990 715 1068 779 longa
1077 715 1197 762 reclamat

519 801 593 850 Avia.

374 913 490 986 Egregia·
497 908 609 964 imitatio
620 908 700 981 hujus
713 906 780 970 loci,
794 907 868 978 Virg.
878 906 970 978 Eclog.
982 906 1039 970 v1,
1053 913 1102 971 44:

513 1024 666 1074 clamassem
683 1028 709 1066 ut
718 1019 784 1075 litos,
795 1020 867 1079 Hyle,
877 1021 950 1080 Hyle,
959 1036 1029 1068 omne
1042 1031 1143 1068 sopiret.

408 1150 444 1203 V.
455 1152 516 1220 597.
526 1155 679 1216 Responsum
687 1149 771 1208 silve,
787 1159 810 1197 et
822 1165 895 1214 ongo
907 1159 983 1198 certat
993 1150 1078 1217 imago
1090 1179 1125 1189 —-
1144 1153 1218 1216 Vaga
1233 1153 1329 1218 imago,
1346 1151 1434 1223 suppl.

373 1238 457 1297 eroco,
473 1232 500 1285 id
514 1243 569 1295 est,
583 1229 665 1292 echo,
680 1230 820 1301 qunssvocis
839 1247 932 1282 sonum
944 1266 952 1292 ,
963 1229 1066 1300 poetice
1080 1231 1238 1302 imaginem,
1254 1232 1343 1285 refert.
1353 1233 1434 1286 Coni.

372 1315 467 1388 Virgil.
479 1314 577 1384 Georg.
587 1313 699 1396 Νῃήμε

513 1449 831 1466 .....................
836 1415 877 1462 ubi
890 1431 990 1463 nonem
1000 1419 1070 1480 pulsu

511 1494 570 1539 Sur
583 1501 678 1544 sonent.
690 1489 800 1552 vocisque
810 1489 900 1537 offense
910 1491 1007 1537 resultet
1017 1491 1103 1554 imago.
1159 1510 1160 1514 ¹

371 1597 441 1652 Vide
449 1595 656 1670 quoqueHorot.
667 1593 719 1648 Od.
731 1595 759 1661 1,
778 1611 827 1658 12,
843 1593 875 1646 3:
890 1595 958 1663 arjos
966 1597 1056 1648 recinet
1062 1596 1248 1668 jocosassnomen
1259 1598 1353 1666 imago.
1367 1602 1433 1650 Ver·

371 1683 435 1734 bum
446 1695 531 1743 certat,
541 1680 639 1742 echum
647 1697 708 1732 cum
718 1697 784 1732 voce
797 1678 874 1750 qnasi
884 1678 1084 1732 contendentem
1092 1678 1202 1734 feliciter
1210 1681 1302 1754 pingit.
1311 1683 1435 1754 Ingenio·

370 1767 423 1820 sior
435 1784 511 1837 nequo
519 1764 635 1818 Bmthol.
644 1764 778 1828 Morantn,
786 1781 865 1834 qoem
876 1762 940 1816 citat
950 1763 1128 1827 Burmannus,
1137 1763 1240 1836 insigne
1251 1778 1335 1838 poete
1349 1766 1433 1820 nostri

370 1866 482 1901 acumen
503 1859 529 1900 et
552 1847 693 1900 artificium
713 1846 762 1900 sibi
787 1844 990 1920 deprehendisse
1003 1847 1074 1901 visus
1095 1848 1177 1901 estin
1196 1847 1249 1904 hoc
1268 1869 1364 1915 versu,
1377 1871 1433 1922 quo

369 1933 452 2004 ipsius
473 1931 555 1985 echos
570 1931 712 2004 imaginem
732 1933 845 2005 exprimi
866 1942 957 2005 potat,
976 1943 1003 1984 et
1020 1931 1119 1986 nltimse
1134 1931 1241 2004 syllaba
1258 1934 1331 1987 vocis
1347 1937 1432 1998 stre,

370 2016 445 2088 quasi
463 2034 512 2088 per
529 2015 597 2069 echo
609 2018 771 2090 respondere
783 2015 895 2087 primam
914 2015 942 2067 in
955 2025 991 2087 τῷ
1000 2035 1089 2084 naga,
1106 2015 1203 2070 deinde
1215 2037 1268 2087 aga
1284 2018 1381 2072 iterum
1401 2038 1432 2073 ex

370 2119 442 2168 vaga
452 2098 544 2151 referri
557 2117 604 2171 per
614 2117 674 2166 ogo,
686 2097 713 2150 in
724 2097 821 2169 imago.
829 2123 840 2145 ι
849 2099 889 2151 De
898 2116 951 2169 quo
962 2118 1026 2170 ego,
1039 2099 1124 2172 inquit
1133 2101 1317 2166 Burmannus,
1326 2115 1431 2175 poetam

369 2201 403 2234 ne
411 2201 459 2254 per
469 2181 602 2236 somnium
611 2179 717 2253 quidem
727 2182 855 2252 cogitasse
865 2192 939 2253 puto.
950 2209 963 2229 n

404 2305 441 2357 V.
455 2305 517 2377 696.
527 2307 639 2356 Atrociis
653 2305 823 2374 immotafides
829 2342 837 2365 ,
849 2308 986 2374 manisque
995 2309 1108 2358 recondis

523 2390 593 2438 Certa
605 2407 692 2438 mone:
707 2405 752 2438 nec
761 2406 851 2456 parvus
864 2391 958 2453 Hylas:
969 2408 1112 2457 qrmnqnam
1121 2393 1230 2441 omnibus
1240 2411 1310 2460 oeqoe

521 2474 599 2521 Grata
606 2473 755 2532 nedimenta,
770 2474 889 2522 Herculeo
900 2474 943 2523 sub
956 2475 1053 2524 nomine
1057 2476 1177 2541 pendent.

368 2571 464 2623 Varias
478 2569 602 2624 lectiones
616 2569 897 2643 interpretationesque
912 2571 1046 2626 variorum
1059 2593 1112 2626 non
1127 2572 1190 2625 satis
1202 2571 1310 2628 idoneor
1325 2576 1428 2630 omitto.

369 2652 543 2724 Intelligendo
555 2651 594 2705 illi
605 2653 664 2705 loco
677 2653 739 2706 satis
756 2653 865 2708 omnino
882 2653 1000 2708 futurum
1012 2676 1068 2711 esse
1082 2657 1201 2710 existimo
1211 2695 1219 2724 ,
1229 2657 1251 2710 si
1263 2677 1314 2730 pro
1319 2664 1431 2730 pendent

369 2737 470 2806 legatur
477 2740 577 2804 pendit,
591 2735 619 2789 h.
629 2754 653 2789 e.
665 2736 775 2811 alicujus
785 2749 824 2790 est
831 2737 955 2811 ponderis
963 2741 1112 2802 ,momenti
1125 2741 1203 2813 Apud
1211 2744 1316 2796 Locret.
1327 2745 1428 2810 1,362:

366 2824 518 2872 tantumdem
527 2825 634 2889 pendere
642 2820 715 2874 idem
723 2821 794 2875 valet
803 2821 876 2894 quod
888 2829 1036 2876 tantivndem
1041 2829 1159 2892 ponderis
1172 2829 1270 2879 tabere.

403 2949 436 2996 V.
447 2949 509 3015 617.
517 2947 634 3010 Scythicis
644 2959 757 2996 rtmerem
768 2965 840 3013 quum
845 2946 942 3015 sunem
954 2951 1070 3016 terri53—
1076 2953 1171 3000 Struere
1173 2950 1268 3018 funera
1279 2949 1344 3002 mihi
1358 2947 1428 3004 vide·

369 3029 449 3080 turin
465 3048 511 3081 ore
525 3029 628 3081 insonis
641 3025 774 3091 alienum,
788 3030 885 3101 quippe
899 3030 961 3102 qui,
973 3030 1048 3084 Peliae
1061 3044 1169 3097 coactu,
1185 3031 1331 3086 colchicum
1347 3050 1430 3103 expc-

368 3111 496 3164 ditionem
505 3112 619 3182 suscepit
626 3110 733 3163 invitus.
741 3113 800 3164 Non
808 3111 879 3166 eadit
888 3132 918 3166 en
926 3115 1095 3186 reprehensio
1104 3115 1132 3167 in
1141 3115 1197 3168 hnc
1204 3114 1328 3185 Meleagri
1334 3116 1430 3180 verba,

367 3195 669 3256 intra‚681:necenim
686 3197 744 3245 solis
762 3197 823 3246 dare
833 3196 930 3264 funera
943 3201 1036 3250 Colchis
1049 3203 1086 3250 Sit
1097 3201 1173 3250 satis:
1183 3197 1227 3264 ille
1240 3198 1308 3250 enim
1322 3199 1429 3270 loquele

365 3277 506 3349 juvenilem
518 3277 645 3348 impetum
655 3291 686 3326 nc
696 3276 821 3329 ferociam
839 3295 951 3348 arguens
958 3315 966 3341 ‚
983 3279 1109 3353 Meleagri
1128 3281 1197 3335 etati
1211 3293 1237 3335 et
1250 3281 1369 3337 moribus
1380 3283 1429 3336 rite

368 3373 497 3432 congruit.

402 3485 437 3534 V.
449 3485 509 3546 664.
519 3487 575 3534 Non
587 3482 675 3551 eafae
685 3485 763 3542 odiis,-
774 3485 895 3551 oblitaque
903 3483 1076 3552 numinesesso

515 3572 580 3618 luno
591 3569 638 3618 sui.

368 3661 475 3712 Heinsio
493 3659 596 3714 ridetur
608 3661 718 3715 omnino
732 3661 898 3716 scribendum
910 3683 965 3732 pos
978 3681 1027 3738 pro
1034 3663 1181 3737 sammon
1197 3665 1275 3720 lectio
1292 3667 1374 3739 posuit
1394 3687 1429 3721 eo

367 3741 471 3795 facilius
483 3743 579 3814 recipi,
591 3743 664 3816 quod
678 3746 706 3798 in
716 3745 860 3818 archetypo
871 3746 976 3813 codice,
985 3748 1114 3802 Vaticano
1129 3749 1229 3806 scilicet
1236 3785 1244 3813 ,
1254 3749 1369 3819 litterep
1380 3756 1435 3820 ets

367 3838 507 3878 occurrant
526 3846 610 3899 sepe,
625 3828 723 3882 vicibus
736 3831 836 3898 versis,
849 3831 1013 3902 promiscue.
1027 3831 1099 3896 Quin
1113 3832 1193 3886 etism
1206 3831 1347 3899 hocloco,
1360 3853 1429 3885 sara

358 3909 483 3977 facesque
495 3925 563 3962 otras
569 3949 578 3973 ,
596 3912 643 3964 lib.
654 3910 709 3976 111,
721 3916 770 3981 96,
785 3915 868 3969 codex
881 3914 925 3967 ille
933 3933 1010 3983 pones
1022 3915 1102 3968 hebet
1111 3933 1161 3988 pro
1166 3917 1242 3984 faces
1247 3954 1256 3978 ,
1276 3915 1324 3970 scd
1337 3916 1430 3971 imme·

365 3993 426 4046 rito.
439 4023 474 4034 -
487 3997 614 4062 Oblitaque
627 3999 804 4066 nurninefesso
816 4005 880 4052 luno
889 4003 936 4052 sui.
948 3999 990 4052 Sic
1001 3999 1165 4071 virgit'AEn.
1180 4001 1221 4054 111
1230 4040 1239 4066 ,
1249 4005 1318 4070 6²9:

503 4099 624 4148 Oblitnrve
634 4103 669 4149 soi
681 4113 716 4150 est
726 4105 818 4150 Ithrens
830 4103 962 4152 discrimine
973 4115 1046 4154 tento.

400 4219 432 4267 V.
441 4219 502 4285 670.
511 4222 660 4283 Astegomet
668 4237 818 4287 quocumque
829 4240 918 4278 voces.
932 4239 1037 4288 requam
1047 4221 1222 4288 agminaferno

512 4304 586 4352 Plura
599 4315 697 4352 metam.
