<?xml version="1.0" encoding="UTF-8"?>
<!DOCTYPE html PUBLIC "-//W3C//DTD XHTML 1.0 Transitional//EN"
    "http://www.w3.org/TR/xhtml1/DTD/xhtml1-transitional.dtd">
<html xmlns="http://www.w3.org/1999/xhtml" xml:lang="en" lang="en">
 <head>
  <title>
</title>
<meta http-equiv="Content-Type" content="text/html;charset=utf-8" />
  <meta name='ocr-system' content='tesseract 3.04.00' />
  <meta name='ocr-capabilities' content='ocr_page ocr_carea ocr_par ocr_line ocrx_word'/>
</head>
<body>
  <div class='ocr_page' id='page_1' title='image "./cvaleriiflaccis00apolgoog_0307.png"; bbox 0 0 3246 5112; ppageno 0'>
   <div class='ocr_carea' id='block_1_1' title="bbox 416 494 1352 564">
    <p class='ocr_par' dir='ltr' id='par_1_1' title="bbox 416 494 1352 564">
     <span class='ocr_line' id='line_1_1' title="bbox 416 494 1352 564; baseline 0.003 -3"><span class='ocrx_word' id='word_1_1' title='bbox 416 495 458 561; x_wconf 81' lang='lat'>82</span> <span class='ocrx_word' id='word_1_2' title='bbox 547 494 599 558; x_wconf 88' lang='lat' dir='ltr'>IN</span> <span class='ocrx_word' id='word_1_3' title='bbox 626 496 713 560; x_wconf 81' lang='lat' dir='ltr'>Llll.</span> <span class='ocrx_word' id='word_1_4' title='bbox 737 495 935 562; x_wconf 82' lang='lat' dir='ltr'>PRIMUM</span> <span class='ocrx_word' id='word_1_5' title='bbox 962 497 1352 564; x_wconf 81' lang='lat' dir='ltr'><strong>ARGONAUTICON</strong></span> 
     </span>
    </p>
   </div>
   <div class='ocr_carea' id='block_1_2' title="bbox 405 606 1482 931">
    <p class='ocr_par' dir='ltr' id='par_1_2' title="bbox 405 606 1479 674">
     <span class='ocr_line' id='line_1_2' title="bbox 405 606 1479 674; baseline 0.007 -16"><span class='ocrx_word' id='word_1_6' title='bbox 405 608 518 665; x_wconf 74' lang='lat' dir='ltr'>,einum</span> <span class='ocrx_word' id='word_1_7' title='bbox 532 607 627 670; x_wconf 60' lang='lat' dir='ltr'>&#39;lium</span> <span class='ocrx_word' id='word_1_8' title='bbox 641 606 807 660; x_wconf 84' lang='lat' dir='ltr'>Domitianua</span> <span class='ocrx_word' id='word_1_9' title='bbox 821 607 929 674; x_wconf 85' lang='lat' dir='ltr'>Titum,</span> <span class='ocrx_word' id='word_1_10' title='bbox 948 607 995 663; x_wconf 82' lang='lat' dir='ltr'>ned</span> <span class='ocrx_word' id='word_1_11' title='bbox 1012 609 1057 663; x_wconf 91' lang='lat' dir='ltr'>illa</span> <span class='ocrx_word' id='word_1_12' title='bbox 1078 621 1108 664; x_wconf 89' lang='lat' dir='ltr'>ut</span> <span class='ocrx_word' id='word_1_13' title='bbox 1121 608 1164 662; x_wconf 86' lang='lat' dir='ltr'>dei</span> <span class='ocrx_word' id='word_1_14' title='bbox 1177 609 1266 673; x_wconf 80' lang='lat' dir='ltr'>filim,</span> <span class='ocrx_word' id='word_1_15' title='bbox 1288 610 1332 664; x_wconf 90' lang='lat' dir='ltr'>hic</span> <span class='ocrx_word' id='word_1_16' title='bbox 1352 623 1383 664; x_wconf 88' lang='lat' dir='ltr'>ut</span> <span class='ocrx_word' id='word_1_17' title='bbox 1400 613 1479 666; x_wconf 75' lang='lat' dir='ltr'>irater</span> 
     </span>
    </p>

    <p class='ocr_par' dir='ltr' id='par_1_3' title="bbox 417 691 1482 931">
     <span class='ocr_line' id='line_1_3' title="bbox 418 691 1482 766; baseline 0.001 -20"><span class='ocrx_word' id='word_1_18' title='bbox 418 694 560 748; x_wconf 83' lang='lat' dir='ltr'>videretur.</span> <span class='ocrx_word' id='word_1_19' title='bbox 572 718 586 738; x_wconf 70' lang='lat' dir='ltr'>a</span> <span class='ocrx_word' id='word_1_20' title='bbox 596 692 728 746; x_wconf 73' lang='lat' dir='ltr'>Ceterum</span> <span class='ocrx_word' id='word_1_21' title='bbox 738 692 843 759; x_wconf 76' lang='lat' dir='ltr'>Noster,</span> <span class='ocrx_word' id='word_1_22' title='bbox 855 712 938 766; x_wconf 84' lang='lat' dir='ltr'>quum</span> <span class='ocrx_word' id='word_1_23' title='bbox 949 693 1099 765; x_wconf 72' lang='lat' dir='ltr'>imperatori</span> <span class='ocrx_word' id='word_1_24' title='bbox 1112 691 1215 747; x_wconf 80' lang='lat' dir='ltr'>divinoe</span> <span class='ocrx_word' id='word_1_25' title='bbox 1231 692 1346 747; x_wconf 76' lang='lat' dir='ltr'>honoret</span> <span class='ocrx_word' id='word_1_26' title='bbox 1361 711 1482 765; x_wconf 67' lang='lat' dir='ltr'>pronun-</span> 
     </span>
     <span class='ocr_line' id='line_1_4' title="bbox 417 775 1480 851; baseline 0.003 -21"><span class='ocrx_word' id='word_1_27' title='bbox 417 779 480 842; x_wconf 83' lang='lat' dir='ltr'>tiat,</span> <span class='ocrx_word' id='word_1_28' title='bbox 499 775 563 830; x_wconf 85' lang='lat' dir='ltr'>dum</span> <span class='ocrx_word' id='word_1_29' title='bbox 576 777 632 849; x_wconf 82' lang='lat' dir='ltr'>ipae</span> <span class='ocrx_word' id='word_1_30' title='bbox 647 775 735 830; x_wconf 88' lang='lat' dir='ltr'>adhuc</span> <span class='ocrx_word' id='word_1_31' title='bbox 753 775 869 842; x_wconf 84' lang='lat' dir='ltr'>viveret,</span> <span class='ocrx_word' id='word_1_32' title='bbox 884 778 1045 851; x_wconf 75' lang='lat' dir='ltr'>Virgilium,</span> <span class='ocrx_word' id='word_1_33' title='bbox 1062 777 1218 841; x_wconf 81' lang='lat' dir='ltr'>Horatium,</span> <span class='ocrx_word' id='word_1_34' title='bbox 1231 777 1425 851; x_wconf 81' lang='lat' dir='ltr'>Lucanumque</span> <span class='ocrx_word' id='word_1_35' title='bbox 1438 799 1480 832; x_wconf 83' lang='lat' dir='ltr'>ae·</span> 
     </span>
     <span class='ocr_line' id='line_1_5' title="bbox 418 861 564 931; baseline -0.021 -17"><span class='ocrx_word' id='word_1_36' title='bbox 418 861 527 931; x_wconf 88' lang='lat' dir='ltr'>quitur(</span> <span class='ocrx_word' id='word_1_37' title='bbox 545 863 564 929; x_wconf 92' lang='lat'>).</span> 
     </span>
    </p>
   </div>
   <div class='ocr_carea' id='block_1_3' title="bbox 416 960 1484 1286">
    <p class='ocr_par' dir='ltr' id='par_1_4' title="bbox 416 960 1484 1286">
     <span class='ocr_line' id='line_1_6' title="bbox 453 960 1482 1034; baseline 0.002 -20"><span class='ocrx_word' id='word_1_38' title='bbox 453 964 608 1029; x_wconf 79' lang='lat' dir='ltr'>Delubraqne</span> <span class='ocrx_word' id='word_1_39' title='bbox 628 963 700 1029; x_wconf 67' lang='lat' dir='ltr'>genti</span> <span class='ocrx_word' id='word_1_40' title='bbox 711 961 994 1015; x_wconf 69' lang='lat' dir='ltr'>instituet-Delubra</span> <span class='ocrx_word' id='word_1_41' title='bbox 1013 961 1059 1016; x_wconf 83' lang='lat' dir='ltr'>illa</span> <span class='ocrx_word' id='word_1_42' title='bbox 1082 960 1282 1034; x_wconf 75' lang='lat' dir='ltr'>imperatoribus</span> <span class='ocrx_word' id='word_1_43' title='bbox 1303 961 1368 1015; x_wconf 74' lang='lat' dir='ltr'>celo</span> <span class='ocrx_word' id='word_1_44' title='bbox 1389 961 1482 1016; x_wconf 77' lang='lat' dir='ltr'>dicatis</span> 
     </span>
     <span class='ocr_line' id='line_1_7' title="bbox 418 1043 1484 1120; baseline 0.002 -24"><span class='ocrx_word' id='word_1_45' title='bbox 418 1043 517 1098; x_wconf 73' lang='lat' dir='ltr'>institui</span> <span class='ocrx_word' id='word_1_46' title='bbox 529 1055 622 1097; x_wconf 87' lang='lat' dir='ltr'>notum</span> <span class='ocrx_word' id='word_1_47' title='bbox 638 1053 695 1106; x_wconf 72' lang='lat' dir='ltr'>eat3</span> <span class='ocrx_word' id='word_1_48' title='bbox 706 1061 789 1116; x_wconf 77' lang='lat' dir='ltr'>quere</span> <span class='ocrx_word' id='word_1_49' title='bbox 802 1043 885 1098; x_wconf 86' lang='lat' dir='ltr'>miror</span> <span class='ocrx_word' id='word_1_50' title='bbox 897 1043 1034 1098; x_wconf 85' lang='lat' dir='ltr'>Heinaium</span> <span class='ocrx_word' id='word_1_51' title='bbox 1044 1044 1096 1098; x_wconf 88' lang='lat' dir='ltr'>hoe</span> <span class='ocrx_word' id='word_1_52' title='bbox 1116 1046 1175 1099; x_wconf 88' lang='lat' dir='ltr'>loco</span> <span class='ocrx_word' id='word_1_53' title='bbox 1187 1045 1315 1119; x_wconf 87' lang='lat' dir='ltr'>templum</span> <span class='ocrx_word' id='word_1_54' title='bbox 1331 1046 1484 1120; x_wconf 85' lang='lat' dir='ltr'>Hierosoly-</span> 
     </span>
     <span class='ocr_line' id='line_1_8' title="bbox 417 1126 1483 1204; baseline -0.001 -22"><span class='ocrx_word' id='word_1_55' title='bbox 417 1129 548 1182; x_wconf 86' lang='lat' dir='ltr'>mitanum</span> <span class='ocrx_word' id='word_1_56' title='bbox 557 1126 691 1199; x_wconf 65' lang='lat' dir='ltr'>deligam</span> <span class='ocrx_word' id='word_1_57' title='bbox 705 1139 828 1198; x_wconf 78' lang='lat' dir='ltr'>putasae3</span> <span class='ocrx_word' id='word_1_58' title='bbox 844 1131 927 1197; x_wconf 77' lang='lat' dir='ltr'>gentis</span> <span class='ocrx_word' id='word_1_59' title='bbox 940 1129 1068 1182; x_wconf 85' lang='lat' dir='ltr'>nimirum</span> <span class='ocrx_word' id='word_1_60' title='bbox 1085 1149 1135 1203; x_wconf 86' lang='lat' dir='ltr'>pro</span> <span class='ocrx_word' id='word_1_61' title='bbox 1146 1135 1218 1200; x_wconf 76' lang='lat' dir='ltr'>genti</span> <span class='ocrx_word' id='word_1_62' title='bbox 1232 1130 1283 1201; x_wconf 75' lang='lat' dir='ltr'>legi</span> <span class='ocrx_word' id='word_1_63' title='bbox 1299 1131 1389 1204; x_wconf 86' lang='lat' dir='ltr'>jubet,</span> <span class='ocrx_word' id='word_1_64' title='bbox 1405 1133 1441 1184; x_wconf 80' lang='lat' dir='ltr'>ita</span> <span class='ocrx_word' id='word_1_65' title='bbox 1454 1143 1483 1183; x_wconf 89' lang='grc' dir='ltr'>ιιι</span> 
     </span>
     <span class='ocr_line' id='line_1_9' title="bbox 416 1208 1483 1286; baseline 0.003 -21"><span class='ocrx_word' id='word_1_66' title='bbox 416 1208 576 1282; x_wconf 76' lang='lat' dir='ltr'>intelligatur</span> <span class='ocrx_word' id='word_1_67' title='bbox 582 1209 673 1263; x_wconf 88' lang='lat' dir='ltr'>Titum</span> <span class='ocrx_word' id='word_1_68' title='bbox 680 1209 741 1264; x_wconf 81' lang='lat' dir='ltr'>divo</span> <span class='ocrx_word' id='word_1_69' title='bbox 750 1211 821 1283; x_wconf 88' lang='lat' dir='ltr'>patri</span> <span class='ocrx_word' id='word_1_70' title='bbox 829 1211 958 1286; x_wconf 88' lang='lat' dir='ltr'>templum</span> <span class='ocrx_word' id='word_1_71' title='bbox 969 1211 1037 1266; x_wconf 90' lang='lat' dir='ltr'>illud</span> <span class='ocrx_word' id='word_1_72' title='bbox 1048 1231 1104 1266; x_wconf 84' lang='lat' dir='ltr'>eaae</span> <span class='ocrx_word' id='word_1_73' title='bbox 1112 1225 1337 1268; x_wconf 72' lang='lat' dir='ltr'>consecraturum.</span> <span class='ocrx_word' id='word_1_74' title='bbox 1348 1214 1410 1279; x_wconf 91' lang='lat' dir='ltr'>Quo</span> <span class='ocrx_word' id='word_1_75' title='bbox 1421 1233 1483 1268; x_wconf 80' lang='lat' dir='ltr'>rane</span> 
     </span>
    </p>
   </div>
   <div class='ocr_carea' id='block_1_4' title="bbox 415 1294 1484 1783">
    <p class='ocr_par' dir='ltr' id='par_1_5' title="bbox 415 1294 1484 1783">
     <span class='ocr_line' id='line_1_10' title="bbox 416 1294 1482 1370; baseline 0.001 -21"><span class='ocrx_word' id='word_1_76' title='bbox 416 1295 484 1349; x_wconf 84' lang='lat' dir='ltr'>nihil</span> <span class='ocrx_word' id='word_1_77' title='bbox 494 1294 602 1359; x_wconf 75' lang='lat' dir='ltr'>durius,</span> <span class='ocrx_word' id='word_1_78' title='bbox 614 1307 659 1348; x_wconf 88' lang='lat' dir='ltr'>aut</span> <span class='ocrx_word' id='word_1_79' title='bbox 668 1314 683 1348; x_wconf 82' lang='lat' dir='ltr'>n</span> <span class='ocrx_word' id='word_1_80' title='bbox 694 1313 758 1348; x_wconf 82' lang='lat' dir='ltr'>vero</span> <span class='ocrx_word' id='word_1_81' title='bbox 767 1295 874 1368; x_wconf 73' lang='lat' dir='ltr'>longina</span> <span class='ocrx_word' id='word_1_82' title='bbox 883 1295 932 1368; x_wconf 80' lang='lat' dir='ltr'>(a).</span> <span class='ocrx_word' id='word_1_83' title='bbox 944 1297 1112 1350; x_wconf 77' lang='lat' dir='ltr'>Burmannus</span> <span class='ocrx_word' id='word_1_84' title='bbox 1121 1297 1229 1370; x_wconf 87' lang='lat' dir='ltr'>quidem</span> <span class='ocrx_word' id='word_1_85' title='bbox 1242 1297 1310 1351; x_wconf 91' lang='lat' dir='ltr'>nihil</span> <span class='ocrx_word' id='word_1_86' title='bbox 1323 1309 1424 1365; x_wconf 79' lang='lat' dir='ltr'>mutat,</span> <span class='ocrx_word' id='word_1_87' title='bbox 1437 1298 1482 1351; x_wconf 76' lang='lat' dir='ltr'>ted</span> 
     </span>
     <span class='ocr_line' id='line_1_11' title="bbox 415 1377 1484 1449; baseline 0.002 -16"><span class='ocrx_word' id='word_1_88' title='bbox 415 1377 551 1433; x_wconf 85' lang='lat' dir='ltr'>duriorem</span> <span class='ocrx_word' id='word_1_89' title='bbox 566 1377 644 1432; x_wconf 90' lang='lat' dir='ltr'>etiam</span> <span class='ocrx_word' id='word_1_90' title='bbox 654 1378 892 1449; x_wconf 53' lang='lat' dir='ltr'>interpretationem</span> <span class='ocrx_word' id='word_1_91' title='bbox 904 1380 973 1434; x_wconf 85' lang='lat' dir='ltr'>hanc</span> <span class='ocrx_word' id='word_1_92' title='bbox 983 1381 1079 1434; x_wconf 79' lang='lat' dir='ltr'>affert:</span> <span class='ocrx_word' id='word_1_93' title='bbox 1092 1407 1104 1429; x_wconf 79' lang='grc' dir='ltr'><strong>ι</strong></span> <span class='ocrx_word' id='word_1_94' title='bbox 1114 1381 1163 1437; x_wconf 82' lang='lat' dir='ltr'>Via</span> <span class='ocrx_word' id='word_1_95' title='bbox 1177 1383 1248 1434; x_wconf 86' lang='lat' dir='ltr'>enim</span> <span class='ocrx_word' id='word_1_96' title='bbox 1260 1383 1332 1436; x_wconf 81' lang='lat' dir='ltr'>illiue</span> <span class='ocrx_word' id='word_1_97' title='bbox 1348 1381 1432 1435; x_wconf 83' lang='lat' dir='ltr'>dativi</span> <span class='ocrx_word' id='word_1_98' title='bbox 1443 1385 1484 1435; x_wconf 79' lang='lat' dir='ltr'>tibi</span> 
     </span>
     <span class='ocr_line' id='line_1_12' title="bbox 418 1463 1483 1539; baseline 0.002 -21"><span class='ocrx_word' id='word_1_99' title='bbox 418 1477 472 1530; x_wconf 81' lang='lat' dir='ltr'>eet,</span> <span class='ocrx_word' id='word_1_100' title='bbox 484 1474 515 1517; x_wconf 87' lang='lat' dir='ltr'>ut</span> <span class='ocrx_word' id='word_1_101' title='bbox 529 1465 608 1518; x_wconf 78' lang='lat' dir='ltr'>Titue</span> <span class='ocrx_word' id='word_1_102' title='bbox 619 1463 670 1516; x_wconf 81' lang='lat' dir='ltr'>rub</span> <span class='ocrx_word' id='word_1_103' title='bbox 682 1463 807 1536; x_wconf 77' lang='lat' dir='ltr'>auspiciir</span> <span class='ocrx_word' id='word_1_104' title='bbox 819 1464 901 1535; x_wconf 80' lang='lat' dir='ltr'>patris</span> <span class='ocrx_word' id='word_1_105' title='bbox 910 1502 919 1529; x_wconf 99' lang='lat'>,</span> <span class='ocrx_word' id='word_1_106' title='bbox 929 1476 954 1517; x_wconf 84' lang='lat' dir='ltr'>et</span> <span class='ocrx_word' id='word_1_107' title='bbox 964 1465 993 1517; x_wconf 91' lang='lat' dir='ltr'>in</span> <span class='ocrx_word' id='word_1_108' title='bbox 1006 1469 1062 1539; x_wconf 80' lang='lat' dir='ltr'>ejus</span> <span class='ocrx_word' id='word_1_109' title='bbox 1073 1465 1202 1519; x_wconf 80' lang='lat' dir='ltr'>honorem</span> <span class='ocrx_word' id='word_1_110' title='bbox 1215 1477 1242 1519; x_wconf 87' lang='lat' dir='ltr'>et</span> <span class='ocrx_word' id='word_1_111' title='bbox 1255 1467 1366 1538; x_wconf 76' lang='lat' dir='ltr'>gloriam</span> <span class='ocrx_word' id='word_1_112' title='bbox 1381 1465 1483 1520; x_wconf 79' lang='lat' dir='ltr'>institu-</span> 
     </span>
     <span class='ocr_line' id='line_1_13' title="bbox 417 1545 1483 1622; baseline -0.001 -20"><span class='ocrx_word' id='word_1_113' title='bbox 417 1562 492 1602; x_wconf 81' lang='lat' dir='ltr'>unm</span> <span class='ocrx_word' id='word_1_114' title='bbox 500 1549 534 1601; x_wconf 81' lang='lat' dir='ltr'>ait</span> <span class='ocrx_word' id='word_1_115' title='bbox 546 1545 656 1602; x_wconf 82' lang='lat' dir='ltr'>deorum</span> <span class='ocrx_word' id='word_1_116' title='bbox 667 1546 786 1611; x_wconf 87' lang='lat' dir='ltr'>cultum,</span> <span class='ocrx_word' id='word_1_117' title='bbox 803 1565 884 1619; x_wconf 86' lang='lat' dir='ltr'>quem</span> <span class='ocrx_word' id='word_1_118' title='bbox 893 1545 978 1602; x_wconf 83' lang='lat' dir='ltr'>ludaei</span> <span class='ocrx_word' id='word_1_119' title='bbox 994 1546 1184 1612; x_wconf 80' lang='lat' dir='ltr'>credebantur,</span> <span class='ocrx_word' id='word_1_120' title='bbox 1193 1548 1354 1622; x_wconf 87' lang='lat' dir='ltr'>ubicumque</span> <span class='ocrx_word' id='word_1_121' title='bbox 1363 1559 1483 1620; x_wconf 82' lang='lat' dir='ltr'>poterant</span> 
     </span>
     <span class='ocr_line' id='line_1_14' title="bbox 416 1629 1481 1704; baseline -0.002 -16"><span class='ocrx_word' id='word_1_122' title='bbox 416 1631 579 1693; x_wconf 71' lang='lat' dir='ltr'>abolevisse,</span> <span class='ocrx_word' id='word_1_123' title='bbox 593 1641 619 1683; x_wconf 89' lang='lat' dir='ltr'>et</span> <span class='ocrx_word' id='word_1_124' title='bbox 629 1629 680 1702; x_wconf 85' lang='lat' dir='ltr'>ipai</span> <span class='ocrx_word' id='word_1_125' title='bbox 692 1629 778 1684; x_wconf 85' lang='lat' dir='ltr'>nulloa</span> <span class='ocrx_word' id='word_1_126' title='bbox 791 1629 854 1684; x_wconf 77' lang='lat' dir='ltr'>deoc</span> <span class='ocrx_word' id='word_1_127' title='bbox 867 1631 953 1684; x_wconf 87' lang='lat' dir='ltr'>colere</span> <span class='ocrx_word' id='word_1_128' title='bbox 965 1632 1127 1704; x_wconf 80' lang='lat' dir='ltr'>putabuntur</span> <span class='ocrx_word' id='word_1_129' title='bbox 1140 1650 1156 1684; x_wconf 83' lang='lat' dir='ltr'>n</span> <span class='ocrx_word' id='word_1_130' title='bbox 1169 1631 1291 1686; x_wconf 81' lang='lat' dir='ltr'>Romania</span> <span class='ocrx_word' id='word_1_131' title='bbox 1304 1646 1331 1686; x_wconf 90' lang='lat' dir='ltr'>et</span> <span class='ocrx_word' id='word_1_132' title='bbox 1343 1631 1401 1685; x_wconf 85' lang='lat' dir='ltr'>aliia</span> <span class='ocrx_word' id='word_1_133' title='bbox 1420 1651 1481 1704; x_wconf 76' lang='lat' dir='ltr'>gen·</span> 
     </span>
     <span class='ocr_line' id='line_1_15' title="bbox 418 1711 1483 1783; baseline 0.001 -16"><span class='ocrx_word' id='word_1_134' title='bbox 418 1716 504 1778; x_wconf 75' lang='lat' dir='ltr'>tibur,</span> <span class='ocrx_word' id='word_1_135' title='bbox 517 1711 589 1766; x_wconf 88' lang='lat' dir='ltr'>unde</span> <span class='ocrx_word' id='word_1_136' title='bbox 605 1716 704 1783; x_wconf 78' lang='lat' dir='ltr'>impiam</span> <span class='ocrx_word' id='word_1_137' title='bbox 715 1727 815 1782; x_wconf 76' lang='lat' dir='ltr'>gentem</span> <span class='ocrx_word' id='word_1_138' title='bbox 833 1726 915 1768; x_wconf 83' lang='lat' dir='ltr'>vocat</span> <span class='ocrx_word' id='word_1_139' title='bbox 926 1714 1038 1780; x_wconf 71' lang='lat' dir='ltr'>Florus,</span> <span class='ocrx_word' id='word_1_140' title='bbox 1055 1715 1112 1780; x_wconf 88' lang='lat'>111,</span> <span class='ocrx_word' id='word_1_141' title='bbox 1123 1716 1154 1780; x_wconf 84' lang='lat'>5,</span> <span class='ocrx_word' id='word_1_142' title='bbox 1169 1727 1220 1771; x_wconf 86' lang='lat' dir='ltr'>etc.</span> <span class='ocrx_word' id='word_1_143' title='bbox 1232 1741 1242 1764; x_wconf 85' lang='grc' dir='ltr'><strong>ι</strong></span> <span class='ocrx_word' id='word_1_144' title='bbox 1262 1715 1365 1770; x_wconf 72' lang='lat' dir='ltr'>Invitus</span> <span class='ocrx_word' id='word_1_145' title='bbox 1380 1716 1429 1770; x_wconf 80' lang='lat' dir='ltr'>iata</span> <span class='ocrx_word' id='word_1_146' title='bbox 1442 1733 1483 1768; x_wconf 90' lang='lat' dir='ltr'>re-</span> 
     </span>
    </p>
   </div>
   <div class='ocr_carea' id='block_1_5' title="bbox 312 1799 1482 1874">
    <p class='ocr_par' dir='ltr' id='par_1_6' title="bbox 312 1799 1482 1874">
     <span class='ocr_line' id='line_1_16' title="bbox 312 1799 1482 1874; baseline 0.002 -22"><span class='ocrx_word' id='word_1_147' title='bbox 312 1859 315 1864; x_wconf 66' lang='lat'>,</span> <span class='ocrx_word' id='word_1_148' title='bbox 417 1801 483 1863; x_wconf 85' lang='lat' dir='ltr'>toli,</span> <span class='ocrx_word' id='word_1_149' title='bbox 496 1799 543 1854; x_wconf 82' lang='lat' dir='ltr'>red</span> <span class='ocrx_word' id='word_1_150' title='bbox 556 1799 634 1853; x_wconf 89' lang='lat' dir='ltr'>timui</span> <span class='ocrx_word' id='word_1_151' title='bbox 651 1817 685 1852; x_wconf 88' lang='lat' dir='ltr'>ne</span> <span class='ocrx_word' id='word_1_152' title='bbox 700 1799 784 1852; x_wconf 85' lang='lat' dir='ltr'>celeb.</span> <span class='ocrx_word' id='word_1_153' title='bbox 800 1799 852 1853; x_wconf 82' lang='lat' dir='ltr'>vir.</span> <span class='ocrx_word' id='word_1_154' title='bbox 867 1799 966 1854; x_wconf 85' lang='lat' dir='ltr'>Heinaii</span> <span class='ocrx_word' id='word_1_155' title='bbox 985 1801 1184 1874; x_wconf 83' lang='lat' dir='ltr'>Burmanuique</span> <span class='ocrx_word' id='word_1_156' title='bbox 1200 1801 1310 1855; x_wconf 81' lang='lat' dir='ltr'>nomina</span> <span class='ocrx_word' id='word_1_157' title='bbox 1324 1799 1482 1874; x_wconf 73' lang='lat' dir='ltr'>qntbmdnn</span> 
     </span>
    </p>
   </div>
   <div class='ocr_carea' id='block_1_6' title="bbox 417 1881 1021 1956">
    <p class='ocr_par' dir='ltr' id='par_1_7' title="bbox 417 1881 1021 1956">
     <span class='ocr_line' id='line_1_17' title="bbox 417 1881 1021 1956; baseline 0 -20"><span class='ocrx_word' id='word_1_158' title='bbox 417 1885 509 1937; x_wconf 82' lang='lat' dir='ltr'>lucum</span> <span class='ocrx_word' id='word_1_159' title='bbox 523 1883 654 1948; x_wconf 84' lang='lat' dir='ltr'>iacerent,</span> <span class='ocrx_word' id='word_1_160' title='bbox 667 1881 815 1956; x_wconf 86' lang='lat' dir='ltr'>darentque</span> <span class='ocrx_word' id='word_1_161' title='bbox 827 1883 911 1936; x_wconf 84' lang='lat' dir='ltr'>errori</span> <span class='ocrx_word' id='word_1_162' title='bbox 922 1885 1021 1938; x_wconf 86' lang='lat' dir='ltr'>locum.</span> 
     </span>
    </p>
   </div>
   <div class='ocr_carea' id='block_1_7' title="bbox 414 1999 1484 2842">
    <p class='ocr_par' dir='ltr' id='par_1_8' title="bbox 452 1999 1168 2150">
     <span class='ocr_line' id='line_1_18' title="bbox 452 1999 1168 2068; baseline 0.006 -19"><span class='ocrx_word' id='word_1_163' title='bbox 452 1999 488 2050; x_wconf 77' lang='lat' dir='ltr'>V.</span> <span class='ocrx_word' id='word_1_164' title='bbox 503 2001 545 2051; x_wconf 80' lang='lat'>16.</span> <span class='ocrx_word' id='word_1_165' title='bbox 672 2002 750 2064; x_wconf 81' lang='lat' dir='ltr'>Quum</span> <span class='ocrx_word' id='word_1_166' title='bbox 764 2000 822 2066; x_wconf 78' lang='lat' dir='ltr'>jum</span> <span class='ocrx_word' id='word_1_167' title='bbox 834 2003 935 2068; x_wconf 67' lang='lat' dir='ltr'>genito.-</span> <span class='ocrx_word' id='word_1_168' title='bbox 946 2004 1035 2053; x_wconf 71' lang='lat' dir='ltr'>hoelis</span> <span class='ocrx_word' id='word_1_169' title='bbox 1051 2005 1083 2052; x_wconf 77' lang='lat' dir='ltr'>ab</span> <span class='ocrx_word' id='word_1_170' title='bbox 1101 2005 1168 2053; x_wconf 81' lang='lat' dir='ltr'>omni</span> 
     </span>
     <span class='ocr_line' id='line_1_19' title="bbox 611 2085 761 2150; baseline -0.013 -16"><span class='ocrx_word' id='word_1_171' title='bbox 611 2087 683 2134; x_wconf 79' lang='lat' dir='ltr'>Parte</span> <span class='ocrx_word' id='word_1_172' title='bbox 696 2085 761 2150; x_wconf 87' lang='lat' dir='ltr'>poli.</span> 
     </span>
    </p>

    <p class='ocr_par' dir='ltr' id='par_1_9' title="bbox 414 2185 1484 2758">
     <span class='ocr_line' id='line_1_20' title="bbox 455 2185 1481 2260; baseline -0.001 -21"><span class='ocrx_word' id='word_1_173' title='bbox 455 2193 532 2254; x_wconf 78' lang='lat' dir='ltr'>Quum</span> <span class='ocrx_word' id='word_1_174' title='bbox 542 2190 648 2256; x_wconf 76' lang='lat' dir='ltr'>genitor.</span> <span class='ocrx_word' id='word_1_175' title='bbox 658 2186 788 2240; x_wconf 78' lang='lat' dir='ltr'>-Vatic</span> <span class='ocrx_word' id='word_1_176' title='bbox 801 2185 862 2240; x_wconf 89' lang='lat' dir='ltr'>cod.</span> <span class='ocrx_word' id='word_1_177' title='bbox 876 2200 901 2241; x_wconf 90' lang='lat' dir='ltr'>et</span> <span class='ocrx_word' id='word_1_178' title='bbox 912 2206 993 2260; x_wconf 82' lang='lat' dir='ltr'>supra</span> <span class='ocrx_word' id='word_1_179' title='bbox 1006 2202 1030 2238; x_wconf 82' lang='lat' dir='ltr'>tu</span> <span class='ocrx_word' id='word_1_180' title='bbox 1042 2187 1166 2260; x_wconf 73' lang='lat' dir='ltr'>scriptura</span> <span class='ocrx_word' id='word_1_181' title='bbox 1178 2185 1327 2240; x_wconf 82' lang='lat' dir='ltr'>recentiori.</span> <span class='ocrx_word' id='word_1_182' title='bbox 1339 2193 1418 2254; x_wconf 73' lang='lat' dir='ltr'>Quam</span> <span class='ocrx_word' id='word_1_183' title='bbox 1424 2190 1481 2255; x_wconf 81' lang='lat' dir='ltr'>jem</span> 
     </span>
     <span class='ocr_line' id='line_1_21' title="bbox 418 2264 1484 2343; baseline 0.002 -28"><span class='ocrx_word' id='word_1_184' title='bbox 418 2266 573 2327; x_wconf 75' lang='lat' dir='ltr'>n1,Bonon.</span> <span class='ocrx_word' id='word_1_185' title='bbox 590 2264 651 2320; x_wconf 89' lang='lat' dir='ltr'>cod.</span> <span class='ocrx_word' id='word_1_186' title='bbox 668 2284 730 2318; x_wconf 86' lang='lat' dir='ltr'>eum</span> <span class='ocrx_word' id='word_1_187' title='bbox 743 2264 848 2320; x_wconf 73' lang='lat' dir='ltr'>duobus</span> <span class='ocrx_word' id='word_1_188' title='bbox 864 2267 969 2340; x_wconf 72' lang='lat' dir='ltr'>punctis</span> <span class='ocrx_word' id='word_1_189' title='bbox 981 2277 1018 2343; x_wconf 77' lang='grc' dir='ltr'>τῷ</span> <span class='ocrx_word' id='word_1_190' title='bbox 1038 2281 1064 2318; x_wconf 84' lang='grc' dir='ltr'>ιιι</span> <span class='ocrx_word' id='word_1_191' title='bbox 1080 2266 1217 2339; x_wconf 70' lang='lat' dir='ltr'>subjectio,</span> <span class='ocrx_word' id='word_1_192' title='bbox 1235 2266 1311 2338; x_wconf 81' lang='lat' dir='ltr'>quari</span> <span class='ocrx_word' id='word_1_193' title='bbox 1333 2283 1484 2338; x_wconf 75' lang='lat' dir='ltr'>expungen-</span> 
     </span>
     <span class='ocr_line' id='line_1_22' title="bbox 418 2348 1481 2422; baseline -0.003 -19"><span class='ocrx_word' id='word_1_194' title='bbox 418 2349 482 2403; x_wconf 89' lang='lat' dir='ltr'>dum</span> <span class='ocrx_word' id='word_1_195' title='bbox 495 2351 540 2403; x_wconf 77' lang='lat' dir='ltr'>rit.</span> <span class='ocrx_word' id='word_1_196' title='bbox 553 2348 632 2402; x_wconf 87' lang='lat' dir='ltr'>Unde</span> <span class='ocrx_word' id='word_1_197' title='bbox 645 2362 716 2422; x_wconf 82' lang='lat' dir='ltr'>putet</span> <span class='ocrx_word' id='word_1_198' title='bbox 729 2369 778 2422; x_wconf 95' lang='lat' dir='ltr'>pro</span> <span class='ocrx_word' id='word_1_199' title='bbox 788 2351 869 2405; x_wconf 82' lang='lat' dir='ltr'>verbo</span> <span class='ocrx_word' id='word_1_200' title='bbox 879 2351 906 2404; x_wconf 90' lang='lat' dir='ltr'>iu</span> <span class='ocrx_word' id='word_1_201' title='bbox 920 2351 1008 2405; x_wconf 87' lang='lat' dir='ltr'>Vatic.</span> <span class='ocrx_word' id='word_1_202' title='bbox 1025 2353 1085 2405; x_wconf 88' lang='lat' dir='ltr'>cod.</span> <span class='ocrx_word' id='word_1_203' title='bbox 1095 2351 1207 2414; x_wconf 86' lang='lat' dir='ltr'>omiaao,</span> <span class='ocrx_word' id='word_1_204' title='bbox 1220 2349 1284 2402; x_wconf 83' lang='lat' dir='ltr'>alios</span> <span class='ocrx_word' id='word_1_205' title='bbox 1297 2349 1481 2418; x_wconf 62' lang='lat' dir='ltr'>matineseie</span> 
     </span>
     <span class='ocr_line' id='line_1_23' title="bbox 418 2431 1481 2508; baseline 0 -22"><span class='ocrx_word' id='word_1_206' title='bbox 418 2432 591 2488; x_wconf 75' lang='lat' dir='ltr'>aubrtituirae.</span> <span class='ocrx_word' id='word_1_207' title='bbox 602 2436 670 2500; x_wconf 75' lang='lat' dir='ltr'>Quae</span> <span class='ocrx_word' id='word_1_208' title='bbox 687 2433 765 2487; x_wconf 84' lang='lat' dir='ltr'>lectio</span> <span class='ocrx_word' id='word_1_209' title='bbox 781 2435 909 2508; x_wconf 76' lang='lat' dir='ltr'>posterior</span> <span class='ocrx_word' id='word_1_210' title='bbox 926 2454 958 2488; x_wconf 84' lang='lat' dir='ltr'>ex</span> <span class='ocrx_word' id='word_1_211' title='bbox 972 2435 1075 2488; x_wconf 89' lang='lat' dir='ltr'>Bonon.</span> <span class='ocrx_word' id='word_1_212' title='bbox 1091 2436 1119 2499; x_wconf 90' lang='lat'>1,</span> <span class='ocrx_word' id='word_1_213' title='bbox 1135 2435 1162 2487; x_wconf 90' lang='lat' dir='ltr'>in</span> <span class='ocrx_word' id='word_1_214' title='bbox 1183 2446 1288 2488; x_wconf 71' lang='lat' dir='ltr'>cetone</span> <span class='ocrx_word' id='word_1_215' title='bbox 1300 2451 1392 2487; x_wconf 75' lang='lat' dir='ltr'>onmes</span> <span class='ocrx_word' id='word_1_216' title='bbox 1406 2431 1481 2486; x_wconf 84' lang='lat' dir='ltr'>editt.</span> 
     </span>
     <span class='ocr_line' id='line_1_24' title="bbox 418 2515 1483 2593; baseline -0.002 -23"><span class='ocrx_word' id='word_1_217' title='bbox 418 2515 536 2570; x_wconf 86' lang='lat' dir='ltr'>defluxit.</span> <span class='ocrx_word' id='word_1_218' title='bbox 559 2517 610 2569; x_wconf 77' lang='lat' dir='ltr'>Pro</span> <span class='ocrx_word' id='word_1_219' title='bbox 637 2519 669 2568; x_wconf 79' lang='lat' dir='ltr'>ab</span> <span class='ocrx_word' id='word_1_220' title='bbox 694 2521 761 2570; x_wconf 84' lang='lat' dir='ltr'>omni</span> <span class='ocrx_word' id='word_1_221' title='bbox 776 2533 848 2587; x_wconf 80' lang='lat' dir='ltr'>parte</span> <span class='ocrx_word' id='word_1_222' title='bbox 865 2523 935 2588; x_wconf 84' lang='lat' dir='ltr'>poli,</span> <span class='ocrx_word' id='word_1_223' title='bbox 958 2519 1116 2592; x_wconf 82' lang='lat' dir='ltr'>conjiciebat</span> <span class='ocrx_word' id='word_1_224' title='bbox 1134 2519 1272 2593; x_wconf 78' lang='lat' dir='ltr'>Heinsius,</span> <span class='ocrx_word' id='word_1_225' title='bbox 1293 2522 1325 2570; x_wconf 75' lang='lat' dir='ltr'>ab</span> <span class='ocrx_word' id='word_1_226' title='bbox 1349 2523 1401 2569; x_wconf 85' lang='lat' dir='ltr'>alta</span> <span class='ocrx_word' id='word_1_227' title='bbox 1425 2537 1483 2568; x_wconf 81' lang='lat' dir='ltr'>aree</span> 
     </span>
     <span class='ocr_line' id='line_1_25' title="bbox 414 2599 1481 2674; baseline 0.003 -24"><span class='ocrx_word' id='word_1_228' title='bbox 414 2602 476 2667; x_wconf 80' lang='lat' dir='ltr'>poli,</span> <span class='ocrx_word' id='word_1_229' title='bbox 487 2611 625 2670; x_wconf 78' lang='lat' dir='ltr'>propterea</span> <span class='ocrx_word' id='word_1_230' title='bbox 635 2599 708 2672; x_wconf 90' lang='lat' dir='ltr'>quod</span> <span class='ocrx_word' id='word_1_231' title='bbox 717 2637 725 2665; x_wconf 91' lang='lat'>,</span> <span class='ocrx_word' id='word_1_232' title='bbox 735 2619 794 2673; x_wconf 89' lang='lat' dir='ltr'>aup.</span> <span class='ocrx_word' id='word_1_233' title='bbox 802 2619 831 2654; x_wconf 72' lang='lat' dir='ltr'>r.</span> <span class='ocrx_word' id='word_1_234' title='bbox 843 2607 891 2666; x_wconf 66' lang='lat'>16,</span> <span class='ocrx_word' id='word_1_235' title='bbox 901 2602 1037 2674; x_wconf 77' lang='lat' dir='ltr'>legebatur</span> <span class='ocrx_word' id='word_1_236' title='bbox 1044 2606 1071 2655; x_wconf 84' lang='lat' dir='ltr'>in</span> <span class='ocrx_word' id='word_1_237' title='bbox 1081 2607 1148 2654; x_wconf 81' lang='lat' dir='ltr'>omni</span> <span class='ocrx_word' id='word_1_238' title='bbox 1155 2618 1229 2656; x_wconf 72' lang='lat' dir='ltr'>mire.</span> <span class='ocrx_word' id='word_1_239' title='bbox 1236 2601 1287 2656; x_wconf 84' lang='lat' dir='ltr'>Sed</span> <span class='ocrx_word' id='word_1_240' title='bbox 1295 2601 1377 2654; x_wconf 87' lang='lat' dir='ltr'>multa</span> <span class='ocrx_word' id='word_1_241' title='bbox 1388 2600 1481 2673; x_wconf 72' lang='lat' dir='ltr'>hujuc-</span> 
     </span>
     <span class='ocr_line' id='line_1_26' title="bbox 418 2679 1476 2758; baseline 0.001 -24"><span class='ocrx_word' id='word_1_242' title='bbox 418 2679 522 2734; x_wconf 88' lang='lat' dir='ltr'>eemodi</span> <span class='ocrx_word' id='word_1_243' title='bbox 534 2680 606 2754; x_wconf 84' lang='lat' dir='ltr'>apud</span> <span class='ocrx_word' id='word_1_244' title='bbox 613 2683 750 2736; x_wconf 79' lang='lat' dir='ltr'>Valerium</span> <span class='ocrx_word' id='word_1_245' title='bbox 762 2686 873 2756; x_wconf 84' lang='lat' dir='ltr'>repetita</span> <span class='ocrx_word' id='word_1_246' title='bbox 883 2698 1041 2750; x_wconf 79' lang='lat' dir='ltr'>occurrunt,</span> <span class='ocrx_word' id='word_1_247' title='bbox 1054 2685 1176 2758; x_wconf 83' lang='lat' dir='ltr'>illincque</span> <span class='ocrx_word' id='word_1_248' title='bbox 1186 2685 1313 2758; x_wconf 84' lang='lat' dir='ltr'>loquendi</span> <span class='ocrx_word' id='word_1_249' title='bbox 1324 2685 1416 2738; x_wconf 69' lang='lat' dir='ltr'>forme</span> <span class='ocrx_word' id='word_1_250' title='bbox 1426 2723 1434 2746; x_wconf 92' lang='lat'>,</span> <span class='ocrx_word' id='word_1_251' title='bbox 1445 2687 1476 2735; x_wconf 71' lang='lat' dir='ltr'>ab</span> 
     </span>
    </p>

    <p class='ocr_par' dir='ltr' id='par_1_10' title="bbox 416 2768 1411 2842">
     <span class='ocr_line' id='line_1_27' title="bbox 416 2768 1411 2842; baseline 0.004 -26"><span class='ocrx_word' id='word_1_252' title='bbox 416 2768 484 2817; x_wconf 77' lang='lat' dir='ltr'>omni</span> <span class='ocrx_word' id='word_1_253' title='bbox 497 2781 584 2834; x_wconf 78' lang='lat' dir='ltr'>parre,</span> <span class='ocrx_word' id='word_1_254' title='bbox 602 2785 656 2820; x_wconf 92' lang='lat' dir='ltr'>non</span> <span class='ocrx_word' id='word_1_255' title='bbox 673 2768 826 2840; x_wconf 81' lang='lat' dir='ltr'>inirequeur</span> <span class='ocrx_word' id='word_1_256' title='bbox 844 2787 910 2822; x_wconf 76' lang='lat' dir='ltr'>nent</span> <span class='ocrx_word' id='word_1_257' title='bbox 924 2769 995 2842; x_wconf 87' lang='lat' dir='ltr'>apud</span> <span class='ocrx_word' id='word_1_258' title='bbox 1011 2782 1123 2842; x_wconf 76' lang='lat' dir='ltr'>poetae:</span> <span class='ocrx_word' id='word_1_259' title='bbox 1142 2768 1221 2824; x_wconf 84' lang='lat' dir='ltr'>Ovid.</span> <span class='ocrx_word' id='word_1_260' title='bbox 1235 2769 1299 2823; x_wconf 82' lang='lat' dir='ltr'>Met.</span> <span class='ocrx_word' id='word_1_261' title='bbox 1316 2769 1346 2836; x_wconf 90' lang='lat'>1,</span> <span class='ocrx_word' id='word_1_262' title='bbox 1358 2769 1390 2832; x_wconf 70' lang='grc'>34</span> <span class='ocrx_word' id='word_1_263' title='bbox 1403 2784 1411 2820; x_wconf 86' lang='lat'>:</span> 
     </span>
    </p>
   </div>
   <div class='ocr_carea' id='block_1_8' title="bbox 632 2876 1246 3016">
    <p class='ocr_par' dir='ltr' id='par_1_11' title="bbox 632 2876 1246 3016">
     <span class='ocr_line' id='line_1_28' title="bbox 632 2876 1192 2942; baseline 0.004 -20"><span class='ocrx_word' id='word_1_264' title='bbox 632 2876 749 2939; x_wconf 82' lang='lat' dir='ltr'>Principio</span> <span class='ocrx_word' id='word_1_265' title='bbox 761 2887 861 2933; x_wconf 84' lang='lat' dir='ltr'>terram,</span> <span class='ocrx_word' id='word_1_266' title='bbox 877 2893 908 2924; x_wconf 86' lang='lat' dir='ltr'>ue</span> <span class='ocrx_word' id='word_1_267' title='bbox 919 2894 968 2925; x_wconf 90' lang='lat' dir='ltr'>non</span> <span class='ocrx_word' id='word_1_268' title='bbox 980 2879 1075 2942; x_wconf 66' lang='lat' dir='ltr'>nequalia</span> <span class='ocrx_word' id='word_1_269' title='bbox 1085 2881 1115 2926; x_wconf 83' lang='lat' dir='ltr'>ab</span> <span class='ocrx_word' id='word_1_270' title='bbox 1126 2879 1192 2925; x_wconf 88' lang='lat' dir='ltr'>omui</span> 
     </span>
     <span class='ocr_line' id='line_1_29' title="bbox 632 2951 1246 3016; baseline 0 -18"><span class='ocrx_word' id='word_1_271' title='bbox 632 2951 700 2998; x_wconf 76' lang='lat' dir='ltr'>Ptrte</span> <span class='ocrx_word' id='word_1_272' title='bbox 709 2951 785 3008; x_wconf 77' lang='lat' dir='ltr'>foret,</span> <span class='ocrx_word' id='word_1_273' title='bbox 799 2953 878 3015; x_wconf 72' lang='lat' dir='ltr'>magni</span> <span class='ocrx_word' id='word_1_274' title='bbox 887 2954 988 3015; x_wconf 79' lang='lat' dir='ltr'>rpeoiam</span> <span class='ocrx_word' id='word_1_275' title='bbox 997 2953 1134 3016; x_wconf 68' lang='lat' dir='ltr'>glomerarit</span> <span class='ocrx_word' id='word_1_276' title='bbox 1143 2953 1168 3000; x_wconf 87' lang='lat' dir='ltr'>in</span> <span class='ocrx_word' id='word_1_277' title='bbox 1176 2953 1246 3000; x_wconf 74' lang='lat' dir='ltr'>orbis.</span> 
     </span>
    </p>
   </div>
   <div class='ocr_carea' id='block_1_9' title="bbox 413 3047 1147 3212">
    <p class='ocr_par' dir='ltr' id='par_1_12' title="bbox 413 3047 1147 3212">
     <span class='ocr_line' id='line_1_30' title="bbox 413 3047 843 3104; baseline -0.005 0"><span class='ocrx_word' id='word_1_278' title='bbox 413 3049 505 3104; x_wconf 75' lang='lat' dir='ltr'>senec.</span> <span class='ocrx_word' id='word_1_279' title='bbox 524 3047 631 3102; x_wconf 83' lang='lat' dir='ltr'>Hercul.</span> <span class='ocrx_word' id='word_1_280' title='bbox 647 3049 699 3102; x_wconf 84' lang='lat' dir='ltr'>iur.</span> <span class='ocrx_word' id='word_1_281' title='bbox 716 3069 743 3104; x_wconf 80' lang='grc' dir='ltr'>ι.</span> <span class='ocrx_word' id='word_1_282' title='bbox 758 3067 843 3104; x_wconf 78' lang='lat' dir='ltr'>noa:</span> 
     </span>
     <span class='ocr_line' id='line_1_31' title="bbox 629 3150 1147 3212; baseline -0.004 -15"><span class='ocrx_word' id='word_1_283' title='bbox 629 3150 699 3197; x_wconf 80' lang='lat' dir='ltr'>liutto</span> <span class='ocrx_word' id='word_1_284' title='bbox 709 3161 776 3212; x_wconf 83' lang='lat' dir='ltr'>parte</span> <span class='ocrx_word' id='word_1_285' title='bbox 785 3151 816 3197; x_wconf 85' lang='lat' dir='ltr'>ab</span> <span class='ocrx_word' id='word_1_286' title='bbox 825 3151 890 3197; x_wconf 86' lang='lat' dir='ltr'>omni</span> <span class='ocrx_word' id='word_1_287' title='bbox 902 3151 994 3212; x_wconf 73' lang='lat' dir='ltr'>genitor</span> <span class='ocrx_word' id='word_1_288' title='bbox 1003 3150 1075 3197; x_wconf 66' lang='lat' dir='ltr'>natm</span> <span class='ocrx_word' id='word_1_289' title='bbox 1083 3160 1147 3196; x_wconf 84' lang='lat' dir='ltr'>tona.</span> 
     </span>
    </p>
   </div>
   <div class='ocr_carea' id='block_1_10' title="bbox 450 3261 1255 3417">
    <p class='ocr_par' dir='ltr' id='par_1_13' title="bbox 450 3261 1255 3417">
     <span class='ocr_line' id='line_1_32' title="bbox 450 3261 1248 3332; baseline 0.003 -20"><span class='ocrx_word' id='word_1_290' title='bbox 450 3261 487 3314; x_wconf 89' lang='lat' dir='ltr'>V.</span> <span class='ocrx_word' id='word_1_291' title='bbox 505 3279 545 3331; x_wconf 81' lang='lat'>¹7·</span> <span class='ocrx_word' id='word_1_292' title='bbox 696 3267 782 3332; x_wconf 81' lang='lat' dir='ltr'>Neque</span> <span class='ocrx_word' id='word_1_293' title='bbox 801 3266 903 3315; x_wconf 82' lang='lat' dir='ltr'>enimin</span> <span class='ocrx_word' id='word_1_294' title='bbox 918 3267 993 3328; x_wconf 73' lang='lat' dir='ltr'>tyrias</span> <span class='ocrx_word' id='word_1_295' title='bbox 1009 3267 1134 3330; x_wconf 59' lang='lat' dir='ltr'>&amp;notura</span> <span class='ocrx_word' id='word_1_296' title='bbox 1149 3266 1248 3314; x_wconf 62' lang='lat' dir='ltr'>cannas</span> 
     </span>
     <span class='ocr_line' id='line_1_33' title="bbox 633 3349 1255 3417; baseline -0.003 -17"><span class='ocrx_word' id='word_1_297' title='bbox 633 3349 733 3409; x_wconf 80' lang='lat' dir='ltr'>Certior,</span> <span class='ocrx_word' id='word_1_298' title='bbox 748 3351 880 3417; x_wconf 73' lang='lat' dir='ltr'>autgraiis</span> <span class='ocrx_word' id='word_1_299' title='bbox 894 3349 977 3400; x_wconf 82' lang='lat' dir='ltr'>Helice</span> <span class='ocrx_word' id='word_1_300' title='bbox 989 3350 1111 3400; x_wconf 71' lang='lat' dir='ltr'>sonando</span> <span class='ocrx_word' id='word_1_301' title='bbox 1125 3350 1255 3416; x_wconf 71' lang='lat' dir='ltr'>magistris.</span> 
     </span>
    </p>
   </div>
   <div class='ocr_carea' id='block_1_11' title="bbox 416 3445 1478 3601">
    <p class='ocr_par' dir='ltr' id='par_1_14' title="bbox 416 3445 1478 3601">
     <span class='ocr_line' id='line_1_34' title="bbox 416 3445 1478 3514; baseline 0.005 -19"><span class='ocrx_word' id='word_1_302' title='bbox 416 3450 502 3513; x_wconf 73' lang='lat' dir='ltr'>Neque</span> <span class='ocrx_word' id='word_1_303' title='bbox 514 3448 539 3497; x_wconf 86' lang='grc' dir='ltr'>ιἰι</span> <span class='ocrx_word' id='word_1_304' title='bbox 553 3449 638 3511; x_wconf 62' lang='lat' dir='ltr'>tyriae</span> <span class='ocrx_word' id='word_1_305' title='bbox 650 3446 738 3499; x_wconf 88' lang='lat' dir='ltr'>Vatic.</span> <span class='ocrx_word' id='word_1_306' title='bbox 747 3447 850 3500; x_wconf 89' lang='lat' dir='ltr'>Bonon.</span> <span class='ocrx_word' id='word_1_307' title='bbox 860 3445 940 3500; x_wconf 88' lang='lat' dir='ltr'>codd.</span> <span class='ocrx_word' id='word_1_308' title='bbox 952 3459 977 3500; x_wconf 87' lang='lat' dir='ltr'>et</span> <span class='ocrx_word' id='word_1_309' title='bbox 992 3447 1095 3502; x_wconf 76' lang='lat' dir='ltr'>bonon.</span> <span class='ocrx_word' id='word_1_310' title='bbox 1107 3450 1132 3501; x_wconf 92' lang='lat'>1.</span> <span class='ocrx_word' id='word_1_311' title='bbox 1148 3449 1240 3514; x_wconf 88' lang='lat' dir='ltr'>Quum</span> <span class='ocrx_word' id='word_1_312' title='bbox 1249 3460 1338 3502; x_wconf 80' lang='lat' dir='ltr'>tutem</span> <span class='ocrx_word' id='word_1_313' title='bbox 1351 3466 1404 3500; x_wconf 89' lang='lat' dir='ltr'>nou</span> <span class='ocrx_word' id='word_1_314' title='bbox 1415 3465 1478 3500; x_wconf 86' lang='lat' dir='ltr'>oon-</span> 
     </span>
     <span class='ocr_line' id='line_1_35' title="bbox 416 3523 1478 3601; baseline 0.002 -25"><span class='ocrx_word' id='word_1_315' title='bbox 416 3535 496 3577; x_wconf 80' lang='lat' dir='ltr'>ataret</span> <span class='ocrx_word' id='word_1_316' title='bbox 508 3542 610 3592; x_wconf 72' lang='lat' dir='ltr'>rmus,</span> <span class='ocrx_word' id='word_1_317' title='bbox 619 3523 684 3578; x_wconf 89' lang='lat' dir='ltr'>huic</span> <span class='ocrx_word' id='word_1_318' title='bbox 693 3563 702 3593; x_wconf 96' lang='lat'>,</span> <span class='ocrx_word' id='word_1_319' title='bbox 711 3537 756 3590; x_wconf 90' lang='lat' dir='ltr'>ut,</span> <span class='ocrx_word' id='word_1_320' title='bbox 764 3525 924 3599; x_wconf 75' lang='lat' dir='ltr'>precedenti</span> <span class='ocrx_word' id='word_1_321' title='bbox 935 3566 943 3592; x_wconf 94' lang='lat'>,</span> <span class='ocrx_word' id='word_1_322' title='bbox 954 3528 1064 3581; x_wconf 87' lang='lat' dir='ltr'>verbum</span> <span class='ocrx_word' id='word_1_323' title='bbox 1076 3545 1175 3594; x_wconf 90' lang='lat' dir='ltr'>unum,</span> <span class='ocrx_word' id='word_1_324' title='bbox 1190 3545 1286 3601; x_wconf 84' lang='lat' dir='ltr'>nempe</span> <span class='ocrx_word' id='word_1_325' title='bbox 1294 3532 1323 3584; x_wconf 77' lang='grc' dir='ltr'>τὸ</span> <span class='ocrx_word' id='word_1_326' title='bbox 1333 3530 1411 3588; x_wconf 77' lang='lat' dir='ltr'>enin,</span> <span class='ocrx_word' id='word_1_327' title='bbox 1424 3545 1478 3579; x_wconf 89' lang='lat' dir='ltr'>me-</span> 
     </span>
    </p>
   </div>
   <div class='ocr_carea' id='block_1_12' title="bbox 413 3609 1479 3683">
    <p class='ocr_par' dir='ltr' id='par_1_15' title="bbox 413 3609 1479 3683">
     <span class='ocr_line' id='line_1_36' title="bbox 413 3609 1479 3683; baseline 0.002 -23"><span class='ocrx_word' id='word_1_328' title='bbox 413 3609 447 3660; x_wconf 90' lang='lat' dir='ltr'>tri</span> <span class='ocrx_word' id='word_1_329' title='bbox 456 3627 536 3664; x_wconf 75' lang='grc' dir='ltr'><strong>οιιιιιι</strong></span> <span class='ocrx_word' id='word_1_330' title='bbox 548 3609 759 3683; x_wconf 87' lang='lat' dir='ltr'>interpolandum</span> <span class='ocrx_word' id='word_1_331' title='bbox 769 3611 819 3666; x_wconf 84' lang='lat' dir='ltr'>luit</span> <span class='ocrx_word' id='word_1_332' title='bbox 834 3613 888 3682; x_wconf 72' lang='lat'>(3),</span> <span class='ocrx_word' id='word_1_333' title='bbox 899 3611 960 3664; x_wconf 80' lang='lat' dir='ltr'>Pius</span> <span class='ocrx_word' id='word_1_334' title='bbox 971 3653 980 3678; x_wconf 92' lang='lat'>‚</span> <span class='ocrx_word' id='word_1_335' title='bbox 995 3611 1036 3665; x_wconf 84' lang='lat' dir='ltr'>vir</span> <span class='ocrx_word' id='word_1_336' title='bbox 1054 3611 1098 3664; x_wconf 89' lang='lat' dir='ltr'>ille</span> <span class='ocrx_word' id='word_1_337' title='bbox 1111 3611 1140 3664; x_wconf 91' lang='lat' dir='ltr'>in</span> <span class='ocrx_word' id='word_1_338' title='bbox 1158 3609 1328 3683; x_wconf 82' lang='lat' dir='ltr'>diapicieudia</span> <span class='ocrx_word' id='word_1_339' title='bbox 1346 3610 1479 3664; x_wconf 70' lang='lat' dir='ltr'>veteribus</span> 
     </span>
    </p>
   </div>
   <div class='ocr_carea' id='block_1_13' title="bbox 403 3801 1479 4316">
    <p class='ocr_par' dir='ltr' id='par_1_16' title="bbox 443 3801 1211 3866">
     <span class='ocr_line' id='line_1_37' title="bbox 443 3801 1211 3866; baseline 0.007 -19"><span class='ocrx_word' id='word_1_340' title='bbox 443 3801 480 3864; x_wconf 88' lang='grc' dir='ltr'>(ι)</span> <span class='ocrx_word' id='word_1_341' title='bbox 493 3802 577 3865; x_wconf 72' lang='lat' dir='ltr'>virgil.</span> <span class='ocrx_word' id='word_1_342' title='bbox 587 3804 672 3866; x_wconf 70' lang='lat' dir='ltr'>Georg.</span> <span class='ocrx_word' id='word_1_343' title='bbox 682 3803 732 3851; x_wconf 79' lang='lat' dir='ltr'>tnta</span> <span class='ocrx_word' id='word_1_344' title='bbox 742 3805 822 3854; x_wconf 74' lang='lat' dir='ltr'>lieret.</span> <span class='ocrx_word' id='word_1_345' title='bbox 832 3803 877 3851; x_wconf 86' lang='lat' dir='ltr'>Od.</span> <span class='ocrx_word' id='word_1_346' title='bbox 886 3805 911 3859; x_wconf 88' lang='lat'>1,</span> <span class='ocrx_word' id='word_1_347' title='bbox 920 3820 950 3859; x_wconf 69' lang='lat' dir='ltr'>n,</span> <span class='ocrx_word' id='word_1_348' title='bbox 967 3805 1055 3852; x_wconf 72' lang='lat' dir='ltr'>tran.</span> <span class='ocrx_word' id='word_1_349' title='bbox 1066 3806 1093 3860; x_wconf 86' lang='lat' dir='ltr'>l,</span> <span class='ocrx_word' id='word_1_350' title='bbox 1106 3805 1137 3860; x_wconf 73' lang='grc'>45</span> <span class='ocrx_word' id='word_1_351' title='bbox 1145 3819 1211 3866; x_wconf 75' lang='lat' dir='ltr'>seqq.</span> 
     </span>
    </p>

    <p class='ocr_par' dir='ltr' id='par_1_17' title="bbox 412 3875 1479 4238">
     <span class='ocr_line' id='line_1_38' title="bbox 444 3875 1477 3942; baseline 0.002 -21"><span class='ocrx_word' id='word_1_352' title='bbox 444 3875 479 3938; x_wconf 84' lang='lat' dir='ltr'>(a)</span> <span class='ocrx_word' id='word_1_353' title='bbox 494 3877 554 3922; x_wconf 83' lang='lat' dir='ltr'>Vide</span> <span class='ocrx_word' id='word_1_354' title='bbox 568 3877 641 3940; x_wconf 74' lang='lat' dir='ltr'>igitur</span> <span class='ocrx_word' id='word_1_355' title='bbox 655 3893 686 3925; x_wconf 88' lang='lat' dir='ltr'>ne</span> <span class='ocrx_word' id='word_1_356' title='bbox 700 3879 731 3926; x_wconf 76' lang='lat' dir='ltr'>nb</span> <span class='ocrx_word' id='word_1_357' title='bbox 750 3877 822 3941; x_wconf 83' lang='lat' dir='ltr'>iptim</span> <span class='ocrx_word' id='word_1_358' title='bbox 829 3879 918 3927; x_wconf 82' lang='lat' dir='ltr'>Valerii</span> <span class='ocrx_word' id='word_1_359' title='bbox 932 3895 1003 3928; x_wconf 83' lang='lat' dir='ltr'>manu</span> <span class='ocrx_word' id='word_1_360' title='bbox 1018 3879 1048 3927; x_wconf 81' lang='lat' dir='ltr'>ait</span> <span class='ocrx_word' id='word_1_361' title='bbox 1062 3879 1108 3927; x_wconf 78' lang='lat' dir='ltr'>rue</span> <span class='ocrx_word' id='word_1_362' title='bbox 1123 3879 1163 3926; x_wconf 82' lang='lat' dir='ltr'>tibi</span> <span class='ocrx_word' id='word_1_363' title='bbox 1179 3878 1297 3942; x_wconf 75' lang='lat' dir='ltr'>cultusque</span> <span class='ocrx_word' id='word_1_364' title='bbox 1307 3877 1394 3936; x_wconf 66' lang='lat' dir='ltr'>dem„</span> <span class='ocrx_word' id='word_1_365' title='bbox 1413 3876 1477 3924; x_wconf 75' lang='lat' dir='ltr'>dalc-</span> 
     </span>
     <span class='ocr_line' id='line_1_39' title="bbox 414 3950 1479 4016; baseline 0.003 -23"><span class='ocrx_word' id='word_1_366' title='bbox 414 3950 500 4012; x_wconf 77' lang='lat' dir='ltr'>hraque</span> <span class='ocrx_word' id='word_1_367' title='bbox 512 3953 588 4012; x_wconf 71' lang='lat' dir='ltr'>gentis</span> <span class='ocrx_word' id='word_1_368' title='bbox 603 3953 716 4006; x_wconf 65' lang='lat' dir='ltr'>intimet,</span> <span class='ocrx_word' id='word_1_369' title='bbox 731 3963 758 4000; x_wconf 89' lang='lat' dir='ltr'>nt</span> <span class='ocrx_word' id='word_1_370' title='bbox 773 3953 872 4002; x_wconf 82' lang='lat' dir='ltr'>delubra</span> <span class='ocrx_word' id='word_1_371' title='bbox 890 3954 966 4016; x_wconf 71' lang='lat' dir='ltr'>gentio</span> <span class='ocrx_word' id='word_1_372' title='bbox 982 3969 1030 4000; x_wconf 88' lang='lat' dir='ltr'>non</span> <span class='ocrx_word' id='word_1_373' title='bbox 1045 3955 1141 4010; x_wconf 67' lang='lat' dir='ltr'>Flavia,</span> <span class='ocrx_word' id='word_1_374' title='bbox 1160 3953 1201 4003; x_wconf 76' lang='lat' dir='ltr'>ced</span> <span class='ocrx_word' id='word_1_375' title='bbox 1216 3953 1318 4000; x_wconf 73' lang='lat' dir='ltr'>Idumen</span> <span class='ocrx_word' id='word_1_376' title='bbox 1335 3952 1432 4008; x_wconf 80' lang='lat' dir='ltr'>innuat3</span> <span class='ocrx_word' id='word_1_377' title='bbox 1451 3967 1479 3998; x_wconf 84' lang='lat' dir='ltr'>ae</span> 
     </span>
     <span class='ocr_line' id='line_1_40' title="bbox 412 4023 1478 4090; baseline 0.005 -23"><span class='ocrx_word' id='word_1_378' title='bbox 412 4023 525 4082; x_wconf 83' lang='lat' dir='ltr'>templum</span> <span class='ocrx_word' id='word_1_379' title='bbox 537 4024 780 4084; x_wconf 73' lang='lat' dir='ltr'>llieroaolymiteuum,</span> <span class='ocrx_word' id='word_1_380' title='bbox 788 4037 837 4074; x_wconf 87' lang='lat' dir='ltr'>toto</span> <span class='ocrx_word' id='word_1_381' title='bbox 845 4029 902 4075; x_wconf 87' lang='lat' dir='ltr'>orbe</span> <span class='ocrx_word' id='word_1_382' title='bbox 911 4027 1099 4085; x_wconf 82' lang='lat' dir='ltr'>celeberrimum,</span> <span class='ocrx_word' id='word_1_383' title='bbox 1111 4029 1224 4090; x_wconf 75' lang='lat' dir='ltr'>abrogato</span> <span class='ocrx_word' id='word_1_384' title='bbox 1234 4027 1305 4074; x_wconf 85' lang='lat' dir='ltr'>veteri</span> <span class='ocrx_word' id='word_1_385' title='bbox 1314 4028 1380 4073; x_wconf 86' lang='lat' dir='ltr'>cultu</span> <span class='ocrx_word' id='word_1_386' title='bbox 1389 4026 1478 4079; x_wconf 77' lang='lat' dir='ltr'>divino,</span> 
     </span>
     <span class='ocr_line' id='line_1_41' title="bbox 412 4097 1478 4165; baseline 0.005 -24"><span class='ocrx_word' id='word_1_387' title='bbox 412 4097 555 4157; x_wconf 73' lang='lat' dir='ltr'>Vespasiano</span> <span class='ocrx_word' id='word_1_388' title='bbox 568 4098 699 4146; x_wconf 85' lang='lat' dir='ltr'>iudeorum</span> <span class='ocrx_word' id='word_1_389' title='bbox 710 4115 847 4156; x_wconf 68' lang='lat' dir='ltr'>nummum,</span> <span class='ocrx_word' id='word_1_390' title='bbox 859 4113 1036 4165; x_wconf 70' lang='lat' dir='ltr'>pemmonem,</span> <span class='ocrx_word' id='word_1_391' title='bbox 1053 4103 1193 4156; x_wconf 78' lang='lat' dir='ltr'>referendo,</span> <span class='ocrx_word' id='word_1_392' title='bbox 1210 4099 1341 4150; x_wconf 83' lang='lat' dir='ltr'>dedicatum</span> <span class='ocrx_word' id='word_1_393' title='bbox 1355 4102 1384 4148; x_wconf 88' lang='lat' dir='ltr'>iri</span> <span class='ocrx_word' id='word_1_394' title='bbox 1402 4119 1415 4148; x_wconf 83' lang='lat' dir='ltr'>a</span> <span class='ocrx_word' id='word_1_395' title='bbox 1430 4099 1478 4147; x_wconf 81' lang='lat' dir='ltr'>filio</span> 
     </span>
     <span class='ocr_line' id='line_1_42' title="bbox 412 4171 940 4238; baseline 0.008 -18"><span class='ocrx_word' id='word_1_396' title='bbox 412 4171 561 4230; x_wconf 66' lang='lat' dir='ltr'>solymorum</span> <span class='ocrx_word' id='word_1_397' title='bbox 572 4173 669 4229; x_wconf 84' lang='lat' dir='ltr'>victore,</span> <span class='ocrx_word' id='word_1_398' title='bbox 682 4175 796 4238; x_wconf 71' lang='lat' dir='ltr'>designet.</span> <span class='ocrx_word' id='word_1_399' title='bbox 811 4177 940 4226; x_wconf 80' lang='grc' dir='ltr'><strong>Ηιιιιιιυι.</strong></span> 
     </span>
    </p>

    <p class='ocr_par' dir='ltr' id='par_1_18' title="bbox 403 4245 1478 4316">
     <span class='ocr_line' id='line_1_43' title="bbox 403 4245 1478 4316; baseline 0.006 -24"><span class='ocrx_word' id='word_1_400' title='bbox 403 4255 410 4271; x_wconf 80' lang='grc'><em>·</em></span> <span class='ocrx_word' id='word_1_401' title='bbox 440 4247 476 4309; x_wconf 76' lang='lat'>(3)</span> <span class='ocrx_word' id='word_1_402' title='bbox 490 4245 598 4294; x_wconf 82' lang='lat' dir='ltr'>llaintim</span> <span class='ocrx_word' id='word_1_403' title='bbox 606 4245 741 4297; x_wconf 65' lang='lat' dir='ltr'>dieitYatio.</span> <span class='ocrx_word' id='word_1_404' title='bbox 752 4251 804 4299; x_wconf 85' lang='lat' dir='ltr'>eod.</span> <span class='ocrx_word' id='word_1_405' title='bbox 816 4251 926 4314; x_wconf 71' lang='lat' dir='ltr'>prolerre</span> <span class='ocrx_word' id='word_1_406' title='bbox 936 4267 1009 4316; x_wconf 75' lang='lat' dir='ltr'>neque</span> <span class='ocrx_word' id='word_1_407' title='bbox 1020 4253 1098 4305; x_wconf 70' lang='lat' dir='ltr'>enims</span> <span class='ocrx_word' id='word_1_408' title='bbox 1108 4253 1149 4301; x_wconf 80' lang='lat' dir='ltr'>ned</span> <span class='ocrx_word' id='word_1_409' title='bbox 1159 4255 1205 4300; x_wconf 80' lang='lat' dir='ltr'>hoe</span> <span class='ocrx_word' id='word_1_410' title='bbox 1213 4253 1265 4300; x_wconf 88' lang='lat' dir='ltr'>loco</span> <span class='ocrx_word' id='word_1_411' title='bbox 1276 4261 1317 4309; x_wconf 88' lang='lat' dir='ltr'>,ut</span> <span class='ocrx_word' id='word_1_412' title='bbox 1328 4249 1406 4298; x_wconf 75' lang='lat' dir='ltr'>nultit</span> <span class='ocrx_word' id='word_1_413' title='bbox 1415 4247 1478 4304; x_wconf 63' lang='lat' dir='ltr'>aliie,</span> 
     </span>
    </p>
   </div>
   <div class='ocr_carea' id='block_1_14' title="bbox 0 0 1628 5112">
    <p class='ocr_par' dir='ltr' id='par_1_19' title="bbox 0 0 1628 5112">
     <span class='ocr_line' id='line_1_44' title="bbox 0 0 1628 5112; baseline 0 0"><span class='ocrx_word' id='word_1_414' title='bbox 0 0 1628 5112; x_wconf 95' lang='lat' dir='ltr'> </span> 
     </span>
    </p>
   </div>
  </div>
 </body>
</html>
