3198 5106
274 495 546 564 THEOPHIL.
568 497 762 566 CHRIST.
788 501 993 568 HARLES.
1028 525 1183 570 ccxxxix

116 638 248 690 ‹ceant
263 623 333 688 Nec
350 623 495 690 diversus
509 627 636 715 syllabas
651 628 769 692 modus
783 621 831 720 est
845 646 986 694 servatus
1000 631 1051 713 in,
1068 632 1182 696 Patia-

116 761 129 784 ι
140 731 216 796 sius.
228 730 364 796 Ovidius
382 732 418 794 in
434 732 526 813 Ibin,
542 755 572 797 v.
594 732 677 821 327:

266 912 279 932 α
291 887 410 960 Quaeque
423 887 451 940 iu
464 885 635 942 Adimantum
647 890 753 944 Phliasia
766 909 848 964 regna
861 903 1000 947 tenentem.
1012 921 1024 940 ιι

160 1025 258 1092 Idem
269 1029 304 1092 in
316 1029 506 1094 Praefatione
516 1034 610 1120 ,pagi
621 1030 662 1107 45
674 1078 683 1112 ,
695 1032 958 1115 «Vehementius,
972 1036 1026 1115 ait,
1039 1036 1182 1122 peccavit
1288 1093 1291 1098 .

119 1163 132 1188 ‹
141 1133 193 1196 vir
206 1131 442 1198 eruditissimus
453 1131 697 1223 (Burmannus)
708 1183 717 1218 ,
729 1137 1068 1224 quumValen'iFlacci
1080 1139 1134 1203 lib.
1148 1143 1181 1221 l,

118 1265 131 1290 «
141 1237 197 1324 67,
215 1237 378 1328 corrigere
394 1255 568 1304 conaretur
585 1240 650 1306 hoc
667 1240 788 1306 modo:

262 1415 275 1435 ι
294 1427 388 1442 ......
394 1400 440 1443 aut
449 1408 530 1443 curru
543 1409 627 1444 sevos
639 1391 762 1444 frenasse
774 1390 902 1446 dracones

261 1503 274 1524 ι
286 1476 393 1546 arida,
406 1479 511 1552 ignaras
524 1479 626 1534 Cereris
637 1481 685 1553 qui
696 1497 801 1534 vomere
814 1493 896 1534 terras

262 1592 275 1612 ι
288 1568 397 1622 imbuit.

123 1727 236 1787 ικιλιὸς
249 1713 336 1778 enim
360 1713 463 1777 tribus
483 1713 627 1801 syllabis,
650 1729 749 1800 atque
775 1713 856 1779 adeo
874 1715 976 1803 prima
994 1715 1083 1781 brevi
1104 1740 1182 1805 pro-

121 1821 319 1886 ‹nuntiatur
330 1851 353 1883 r.
368 1819 445 1907 Cap.
459 1817 506 1881 lx
517 1867 525 1900 ,
538 1842 570 1907 p.
592 1840 669 1905 179,
688 1817 744 1882 uhi
764 1819 883 1883 multus
902 1837 950 1884 est
968 1819 1008 1884 de
1023 1822 1181 1886 vocabulo

121 1926 242 2008 accola,
255 1925 390 2012 ejusque
406 1924 644 2012 permutatione
658 1947 733 1988 cum
748 1923 864 2005 incola,
876 1925 909 1988 in
922 1925 1085 1990 Valerium
1095 1927 1183 1992 Flac-

122 2057 214 2116 cum,
227 2034 284 2114 IV,
300 2030 382 2112 513,
401 2030 532 2119 corrigit

420 2165 580 2238 Strophadas
596 2184 668 2220 nunc
685 2172 773 2219 accola
784 2171 867 2240 ponti.

123 2317 196 2407 Pag.
211 2317 284 2404 196.
308 2346 321 2371 ‹
335 2317 396 2380 llic
412 2316 522 2396 locus,
544 2315 669 2402 inquit,
695 2315 729 2376 in
746 2317 934 2380 memoriam
958 2316 1075 2408 redigit
1093 2318 1182 2384 haud

122 2423 352 2504 «dissimilem,
368 2421 424 2486 sed
442 2438 646 2510 suspectum,
665 2423 781 2488 Valerii
797 2423 918 2504 Flacci,
933 2425 973 2506 V,
990 2424 1071 2506 430,

259 2599 272 2618 ‹-
285 2571 394 2624 Flebsut
406 2569 526 2642 populeas
537 2573 659 2642 juvenem
671 2568 818 2622 Phaetonta
833 2590 952 2637 sorores,

260 2687 273 2707 «
285 2663 349 2713 Ater
358 2672 385 2712 et
393 2657 502 2712 Eridani
512 2652 631 2729 tepidum
642 2655 735 2728 globus
746 2657 801 2711 ibat
811 2658 838 2709 in
850 2675 954 2711 amnem
965 2677 972 2711 :

259 2775 272 2795 ι
284 2749 318 2801 tt
327 2751 390 2822 juga
399 2748 443 2801 vix
452 2749 539 2812 Tethys
551 2761 723 2817 sparsumque
733 2745 862 2816 recolligit
872 2763 960 2808 axem,

206 2845 210 2857 '
259 2863 272 2884 ι
282 2837 316 2888 Et
327 2833 516 2889 formidantem
524 2836 621 2902 patries
635 2831 766 2905 Pyroenta
780 2832 902 2886 dolores:

122 3021 132 3042 ·
147 3005 185 3052 ut
200 2988 287 3051 enim
302 2985 424 3072 Tethys
440 2984 548 3048 Solem
564 2985 598 3046 in
614 2983 746 3048 lberum
765 3005 851 3047 mare
865 2983 1031 3048 cadentem
1046 2987 1181 3075 excipiat

122 3092 272 3174 «11‚36,
296 3092 342 3156 sic
359 3090 436 3180 juga
453 3089 586 3154 Phoebei
609 3111 745 3171 currus,
772 3105 804 3154 et
821 3111 922 3176 equos
947 3088 1107 3180 dispersos
1128 3093 1180 3156 vix

121 3196 317 3264 «commode
331 3196 499 3284 recolligit.
516 3196 591 3259 Non
608 3218 704 3259 nemo
717 3213 804 3260 certe
820 3213 1038 3286 congruenter
1048 3197 1180 3280 ovidio,
1300 3203 1303 3210 ’

124 3335 134 3361 ι
147 3305 297 3371 Lucretio
312 3304 527 3389 Lucauoque,
544 3316 634 3365 tomo
648 3305 680 3383 I,
695 3323 727 3390 p.
741 3302 821 3386 280,
839 3302 1034 3391 scripsisset:

260 3483 274 3504 a
286 3457 319 3507 m
328 3458 393 3528 juga
404 3455 448 3507 rix
461 3457 576 3516 Phoebus,
591 3472 763 3526 sparsumque
773 3454 902 3526 recolligit
911 3474 1002 3518 axem,

260 3570 273 3590 α
285 3545 318 3597 Et
331 3541 518 3597 formidantem
526 3545 621 3611 patrios
634 3542 765 3614 Pyroenta
780 3542 903 3597 dolores:

122 3702 202 3751 -aut
226 3688 344 3764 Titan,
363 3683 453 3772 quod
475 3705 596 3748 nomen
614 3685 768 3748 usitatum
792 3700 905 3772 poetae.
931 3685 1029 3748 Favet
1050 3684 1179 3773 quidem

121 3823 132 3846 ι
146 3815 225 3874 vox,
240 3793 397 3880 patrios.»

162 3901 200 3963 ln
226 3898 310 3962 libro
335 3895 622 3974 Observationum,
649 3917 721 3983 pag.
747 3917 807 3968 21,
828 3896 871 3957 ita
896 3894 1045 3958 emendat
1073 3897 1179 3960 locum

120 4003 343 4068 difficillimum
359 3999 475 4064 Valerii
491 3999 612 4079 Flacci,
625 3999 658 4064 ll
667 4049 676 4080 ,
698 3997 762 4084 439
779 4022 786 4060 z

259 4149 393 4202 Hactenus
407 4148 434 4200 in
447 4145 558 4219 populos
568 4151 638 4208 vati,
659 4150 831 4207 Smnodraca,
848 4143 971 4216 diemque

261 4236 341 4291 Missa
355 4239 432 4292 valer
451 4234 582 4310 sacrisque
594 4246 693 4290 metum
707 4252 825 4286 servemus
836 4232 943 4305 opertis.
