3192 5128
426 582 493 630 cst
719 557 868 626 PETRI
897 556 1167 628 BURMANNI

417 689 592 778 J'uventutt's
600 687 788 775 pedagogis
814 686 922 774 (forte
936 688 1126 767 Erasmum,
1142 687 1342 768 sturmium,
1360 683 1484 754 Melan·

426 793 596 875 chtonem,
606 807 639 857 et
649 794 706 881 qui
719 815 832 858 eorum
844 809 962 858 sectam
971 792 1202 880 sequebantur,
1212 791 1384 880 innuens),
1395 794 1486 882 quod

424 898 652 965 Alexandrum
667 897 916 964 Grammaticum
924 946 934 980 ,
959 899 1089 964 Gallum
1097 947 1108 978 ,
1121 921 1212 965 sensu
1212 897 1352 986 sas1lem
1357 947 1368 978 ,
1383 915 1485 964 mate·

425 1009 477 1070 ria
496 1004 663 1094 testatum,
681 1006 841 1093 verbisque
855 1008 1046 1070 succinctus
1055 1051 1065 1084 ,
1082 1027 1123 1068 ne
1140 1005 1228 1068 citari
1247 1005 1377 1092 quidem
1394 1022 1484 1094 pate·

424 1129 547 1176 rentur.
566 1112 673 1193 Quem
689 1132 766 1175 vero
783 1110 1000 1178 Alexandrum
1023 1110 1181 1199 intelligat
1198 1109 1334 1191 dubito,
1357 1112 1419 1176 nisi
1442 1113 1484 1175 sit

423 1218 494 1298 ille,
517 1216 574 1303 qui
590 1214 631 1280 de
643 1213 734 1278 Villa
753 1215 817 1278 Del
841 1214 946 1280 dictus
972 1238 1094 1280 nomen
1116 1214 1248 1303 aliquod
1264 1215 1379 1280 habuit
1399 1217 1483 1282 circa

423 1325 463 1386 A.
486 1323 587 1400 1240,
604 1335 636 1382 et
653 1319 777 1406 dequo
800 1319 902 1384 videri
923 1319 1044 1408 poterit
1059 1321 1211 1401 Vossius,
1228 1320 1283 1384 lib.
1300 1321 1315 1388 Ι
1335 1319 1376 1385 de
1391 1323 1483 1386 Aual.

423 1448 492 1513 cap.
509 1446 560 1510 29.
579 1423 683 1488 Video
701 1425 813 1504 etiarn,
832 1426 917 1488 inter
932 1425 1036 1512 prima
1048 1425 1139 1488 initia
1153 1425 1389 1514 typographicae
1404 1427 1482 1490 artis

422 1531 580 1619 prodiisse
599 1528 768 1594 Alexandri
785 1530 1033 1596 Grammaticam
1048 1529 1312 1618 Venetiis,1473,
1329 1532 1482 1611 et14823

421 1659 501 1723 quas
526 1635 685 1700 editiones
712 1635 890 1700 Maisairius
913 1652 1080 1700 memorat.
1104 1637 1258 1702 Praeterm
1281 1637 1314 1701 in
1340 1638 1482 1725 epistolis

420 1739 635 1804 obscurorum
648 1739 792 1802 virorum
802 1739 973 1804 Alexandri
976 1753 1084 1828 partes
1097 1761 1180 1828 saepe
1190 1741 1281 1804 citari
1293 1739 1407 1822 rideo,
1422 1742 1480 1829 qui

420 1869 460 1910 an
480 1845 566 1910 idern
585 1845 627 1908 sit
646 1861 759 1908 auctor
772 1847 900 1927 nescio,
913 1867 974 1910 nec
989 1867 1093 1933 operae
1111 1843 1251 1932 pretium
1268 1860 1350 1933 puto
1367 1846 1482 1910 obscu-

419 1973 493 2016 rum
502 1951 593 2016 hunc
602 1949 824 2014 tenebriouem
834 1951 867 2013 in
878 1951 982 2014 lucem
995 1949 1165 2015 retrahere.
1179 1951 1221 2014 Et
1232 1950 1310 2036 quid
1323 1973 1406 2038 opus
1416 1951 1481 2016 Ma·

420 2058 540 2122 serium
562 2079 601 2119 ex
616 2057 844 2143 magistrorum
864 2077 999 2119 suorum
1014 2055 1187 2134 institutis,
1205 2071 1238 2120 et
1250 2055 1432 2144 disciplina,
1447 2073 1481 2120 et

418 2162 556 2226 aliorum
575 2157 685 2246 elogiis
702 2178 849 2238 censere,
866 2179 970 2244 quum
988 2157 1029 2220 de
1042 2158 1111 2236 ejus
1127 2158 1257 2246 ingenio
1273 2159 1480 2229 liceatnobis

418 2267 494 2353 ipsis
522 2263 680 2343 conjicere
701 2284 741 2326 ex
760 2262 1004 2349 epigrammate,
1027 2261 1117 2347 quod
1140 2262 1172 2324 in
1194 2263 1390 2328 Teutonicos
1413 2287 1482 2331 ma-

305 2419 308 2426 .
418 2372 532 2458 gistros
543 2365 683 2432 effundit
694 2365 735 2428 ad
749 2366 803 2430 lib.
816 2367 850 2447 I,
862 2387 908 2428 vs.
920 2365 978 2445 333
992 2363 1214 2454 quodhiclegi
1223 2368 1390 2448 volumus,
1402 2371 1480 2455 quia

417 2477 451 2538 in
465 2494 643 2561 paucorum
660 2470 809 2534 manibus
826 2471 893 2550 ejus
910 2471 1161 2535 commentarius
1177 2487 1345 2538 versatur:

559 2587 692 2646 Invidiam
703 2589 840 2660 generauit
852 2589 957 2654 Honos,
966 2589 1110 2660 Virtusque
1122 2607 1214 2644 meua

591 2675 701 2729 Edidit:
713 2687 787 2736 estne
798 2685 855 2728 sato
868 2673 964 2746 dignos
977 2686 1089 2748 uterque
1101 2677 1215 2748 petens?

553 2767 662 2818 Pectore
672 2763 759 2816 viroso
770 2761 839 2815 sceda
845 2762 1009 2814 Obtrectatio
1019 2763 1108 2834 lingua

590 2848 691 2903 Prodiit
701 2887 709 2913 ,
719 2849 782 2902 huic
792 2849 885 2901 Timor
894 2861 933 2902 est
944 2849 988 2902 cui
997 2860 1082 2920 pater,
1093 2849 1135 2902 Ira
1145 2868 1229 2904 soror.

550 2940 648 2992 Partus
656 2937 741 2990 inanis
750 2937 820 3002 abit,
828 2935 935 3008 vestigia
945 2949 1061 3009 syrmate
1070 2936 1139 2990 delet

588 3025 695 3091 Gloria,
706 3023 804 3077 dehinc
816 3021 940 3076 dominos
950 3021 1029 3095 digna
1043 3023 1135 3095 preire
1146 3041 1270 3094 sequens.

415 3141 512 3207 Aliud
522 3163 588 3205 non
605 3138 740 3202 minoris
758 3138 921 3228 elegantiae
934 3136 1043 3225 prodit
1057 3135 1097 3200 ad
1115 3137 1171 3202 lib.
1185 3137 1225 3220 V,
1244 3141 1320 3225 196:

554 3264 654 3315 Parvus
667 3273 723 3314 erat
733 3261 873 3334 Phryxus,
890 3273 980 3314 vectus
990 3273 1061 3314 trans
1074 3262 1148 3316 litora
1162 3265 1254 3335 ponti,

589 3351 674 3402 Psrva
684 3349 774 3412 Helle,
787 3348 876 3401 invisis
884 3367 969 3401 merso
978 3349 1066 3422 puella
1074 3349 1159 3405 vadis.

552 3437 686 3493 Suocrevit
696 3435 817 3509 Pluyxus
827 3473 835 3500 ‚
847 3437 929 3490 crevit
937 3457 992 3492 nou
1002 3435 1094 3492 addita
1103 3439 1228 3512 nymphis

589 3524 639 3578 llic
647 3523 697 3576 dea
706 3523 740 3576 de
750 3521 826 3576 Pario
837 3543 968 3578 marmore
977 3525 1045 3578 lacta
1053 3543 1139 3580 soror.

414 3639 521 3719 Quam
532 3636 645 3723 implet
660 3634 801 3722 poeticas
816 3656 910 3698 aures
922 3634 973 3698 illa
988 3633 1108 3720 syllaba
1122 3657 1159 3699 us
1170 3650 1219 3698 ter
1233 3636 1386 3723 repetita,
1392 3659 1477 3724 part-

413 3765 486 3824 vus,
505 3741 672 3826 Phryxus,
695 3741 824 3802 vocuo!
840 3737 898 3802 sed
917 3761 956 3802 ex
968 3738 1033 3802 hoc
1050 3761 1160 3828 ungue
1174 3740 1301 3804 leonem
1322 3741 1397 3804 licet
1412 3764 1475 3806 no·

412 3869 517 3929 scere,
531 3861 565 3910 et
575 3843 743 3910 Andrelini
754 3859 787 3908 et
797 3844 881 3908 Stoae
891 3865 1082 3931 germanum
1093 3843 1289 3932 discipulum
1300 3846 1474 3928 ustiutare3

412 3953 486 4016 licet
497 3952 568 4039 plus
579 3973 598 4014 a
609 3951 684 4014 Stoa
693 3957 816 4035 ,quam
826 3948 1002 4014 Andrelino
1018 3950 1192 4036 arripuisse
1204 3967 1325 4036 putem.
1336 3951 1473 4014 Carrion

410 4073 442 4122 et
466 4056 604 4135 Balbus,
631 4054 751 4120 nullam
780 4055 846 4118 lere
864 4055 1021 4118 omittunt
1047 4055 1250 4120 occasionem
1274 4055 1473 4136 Maserium,

409 4185 507 4251 quem
518 4161 701 4248 interpretis
715 4161 847 4224 nomine
859 4159 1023 4249 designat,
1041 4159 1243 4226 traducendi.
1256 4163 1298 4225 Et
1312 4162 1383 4242 ille,
1398 4183 1473 4226 eum

407 4265 469 4330 levi
479 4285 579 4330 mauu
590 4277 739 4326 tractasse
750 4277 894 4349 poetam,
909 4262 1016 4326 omnia
1031 4262 1194 4332 inoffenso
1205 4262 1289 4352 pede
1299 4264 1472 4351 preterire,
