3192 5128
272 477 505 550 LUDOVICI
536 472 785 550 csnatottls
814 478 1060 550 PRAEFATIO.
1090 503 1226 550 nxxxnr

122 612 171 676 B.
189 610 333 702 Egnatii
343 611 587 694 commentarii,
600 611 804 700 aliorumque
817 612 1054 698 annotationes,
1065 635 1133 678 nou
1144 630 1228 678 esset

126 718 296 783 fortassis
313 718 382 799 jam
404 739 536 784 necesse
559 741 635 784 cnm
658 734 709 784 tot
726 717 859 784 <liversis
875 717 1080 784 diversorum
1098 721 1227 809 opinio-

130 823 249 888 nibus
268 823 464 907 couflictari,
478 839 512 888 et
525 846 563 889 ea
578 847 651 912 quae
661 825 696 890 B.
710 824 805 906 Pius,
823 823 1014 908 Sabellicus,
1024 825 1227 915 Pomponius

130 931 278 1014 Iratus,
292 931 490 1014 Politianus,
504 932 604 997 lanus
616 930 825 1014 Parrhasius,
842 931 996 1015 Volscus,
1015 931 1158 1020 Sooppa,
1179 948 1228 996 at·

137 1061 215 1126 que
230 1037 317 1103 adeo
332 1038 490 1103 Maserius
507 1037 563 1126 (ut
578 1059 621 1101 ne
639 1038 865 1126 grammaticos
883 1036 1036 1127 afferam)
1048 1041 1228 1105 commenti

140 1159 250 1226 sunt,
270 1142 467 1224 jamdudum
491 1143 588 1210 tacita
610 1142 760 1208 omnium
784 1144 1021 1226 consensione,
1043 1159 1082 1208 ut
1108 1166 1227 1234 appro-

140 1249 244 1333 bata,
264 1265 322 1315 ant
341 1251 458 1332 rejecta
475 1249 635 1315 fuissent:
655 1271 745 1314 nuno
764 1272 867 1338 quum
894 1250 976 1314 nihil
993 1250 1124 1315 illorum
1143 1274 1227 1340 pras-

142 1373 198 1421 ter
222 1356 409 1437 jactantiam
435 1355 609 1446 quamdam
636 1355 747 1444 (quod
767 1356 810 1421 ad
833 1355 924 1422 hunc
941 1372 1072 1446 poetam
1087 1356 1225 1446 attinet)

146 1463 190 1528 ad
207 1486 273 1530 nos
289 1465 491 1553 pervenerit,
506 1487 576 1528 uon
591 1463 649 1528 abs
666 1485 702 1528 re
718 1465 868 1528 futurum
885 1464 1035 1544 arbitror,
1053 1464 1079 1528 si
1097 1464 1208 1551 paucis
1214 1512 1225 1546 ,
1251 1455 1254 1461 ¹

147 1568 236 1657 quid
253 1567 295 1633 de
313 1569 352 1633 iis
377 1567 576 1633 censendum
600 1569 661 1651 sit,
681 1567 857 1656 aliquando
874 1569 1032 1657 aperiam,
1051 1591 1123 1658 quae
1143 1568 1225 1632 mibi

146 1674 209 1738 hic
227 1695 306 1738 saue
321 1673 425 1762 prima
441 1673 503 1739 erit
524 1695 627 1738 carra:
654 1671 798 1738 secunda
818 1669 918 1756 vero,
945 1689 983 1738 ut
999 1675 1159 1740 variantes
1177 1673 1225 1737 le·

145 1780 297 1861 ctiones,
314 1801 382 1867 quo
399 1779 510 1844 lectori
526 1801 624 1844 snum
641 1793 771 1843 maneat
786 1777 967 1862 judicium,
980 1779 1136 1860 indicem,
1152 1801 1224 1867 qum

146 1885 260 1975 colligi
275 1900 460 1974 potuerunt
474 1901 540 1950 taut
557 1907 596 1949 ex
613 1885 751 1975 vttlgatis
766 1885 875 1968 libris,
893 1907 976 1974 quos
999 1885 1032 1950 in
1042 1907 1225 1975 ,progressu

145 1991 349 2075 nominabo,
364 2013 462 2079 quam
479 2015 519 2056 ex
532 1992 635 2056 veteri
649 1992 870 2080 manuscripto
881 1991 1016 2073 codice,
1035 2014 1134 2080 quern
1148 2007 1223 2055 ante

146 2112 322 2162 maestos
346 2117 452 2160 annos
475 2098 699 2186 conscriptum
723 2097 822 2162 luisse
838 2097 1026 2187 gravissima
1041 2099 1225 2162 multorum

131 2201 265 2286 'juditia
282 2202 543 2284 confirmarunt,
559 2205 681 2292 quibus
697 2221 860 2294 qnantum
882 2205 943 2268 hac
959 2205 994 2268 iu
1020 2227 1056 2268 re
1074 2203 1223 2268 tribuen-

146 2310 226 2375 dum
241 2311 302 2392 sit,
319 2325 395 2374 tum
418 2308 571 2394 demum,
598 2310 719 2393 lector,
745 2333 917 2400 agnosces,
935 2333 1040 2399 quum
1064 2333 1156 2376 suam
1182 2307 1224 2373 de

144 2417 339 2505 antiquitate
355 2439 545 2500 censuram,
558 2417 650 2505 quod
663 2417 754 2483 breti
771 2417 921 2484 futurum
936 2440 1052 2507 spero,
1067 2419 1222 2482 inlunem

144 2523 273 2612 prodire
297 2522 480 2612 patientur.
498 2523 670 2587 Postremo
696 2523 912 2612 interpretum
939 2524 1110 2614 opiniones
1137 2522 1224 2586 iuter

143 2652 174 2693 se
190 2651 386 2720 opponam,
404 2643 438 2692 et
455 2627 535 2716 quid
550 2627 727 2694 dicendum
742 2628 901 2712 videatur,
915 2629 1099 2710 ostendam
1115 2628 1174 2694 ubi
1191 2643 1225 2692 et

137 2759 239 2803 meam
256 2753 296 2802 et
310 2736 459 2800 aliorum
470 2733 643 2800 doctorum
652 2736 798 2800 virorum
811 2758 930 2823 sequar
943 2737 1154 2802 sententiam:
1166 2732 1223 2800 sed

37 2939 40 2947 Ι
128 2845 191 2926 jam
205 2842 466 2933 expositionem
480 2840 662 2931 aggredior.
