3122 5126
387 543 435 586 xx
631 518 779 586 PRAEF.
806 521 935 589 EDIT.
962 517 1205 590 JUNTINAE.

387 649 453 711 rica
475 646 632 736 compede
654 670 836 731 revocares,
856 652 1061 738 revocatique
1074 650 1289 731 Florentiam,
1305 650 1347 713 ad
1364 669 1475 716 tuam

387 771 420 818 et
450 737 671 819 studiosorum
701 755 872 820 utilitatem
902 756 1170 847 deportarentur,
1201 757 1322 844 quibus
1356 759 1473 823 rebus

388 877 548 947 quantum
573 861 724 942 excellas,
750 862 952 927 literatorum
979 879 1026 926 est
1046 861 1222 944 judicium,
1248 863 1305 951 qui
1330 862 1474 950 ubique

387 966 553 1046 locorum,
565 961 687 1052 ubique
701 969 846 1056 gentium
860 986 892 1033 te
910 969 1001 1032 illum
1018 967 1213 1056 praedicant,
1231 991 1329 1056 quem
1345 991 1472 1057 graecae

388 1086 420 1134 et
452 1093 592 1134 romanae
629 1071 728 1135 literae
764 1073 1013 1137 instauratorem
1047 1073 1108 1136 sibi
1141 1073 1385 1161 pollicerentur.
1416 1076 1472 1146 At

389 1174 543 1262 quoniam
569 1175 667 1238 verba
695 1199 762 1240 non
785 1193 965 1265 suppetunt
983 1177 1112 1258 animo,
1137 1175 1267 1241 laudare
1295 1200 1355 1266 pro
1385 1199 1467 1241 me·

388 1280 474 1363 ritis,
490 1280 676 1370 ingenium,
697 1282 825 1363 literas,
849 1281 1064 1370 eloquentiam
1090 1298 1180 1345 tuam
1205 1305 1271 1345 non
1296 1283 1465 1362 conabor,

388 1385 573 1450 Timantem
590 1385 752 1470 imitatus,
768 1403 806 1452 ut
825 1387 915 1475 quod
933 1388 1082 1476 penicillo
1101 1388 1278 1475 exprimere
1296 1410 1363 1451 non
1379 1411 1466 1477 pos·

389 1513 483 1573 sum,
505 1493 617 1556 saltem
638 1494 712 1557 velo
740 1509 919 1583 contegam.
949 1492 1108 1557 Percurro
1135 1493 1204 1557 htec
1230 1495 1368 1575 cursim,
1386 1516 1462 1557 non

387 1596 540 1668 adulandi
551 1619 645 1662 causa
655 1597 780 1686 (quum
795 1621 861 1662 non
880 1613 945 1662 tam
960 1597 1114 1680 solidam,
1127 1614 1194 1662 tam
1204 1621 1312 1663 veram
1323 1597 1459 1664 laudem

388 1727 478 1768 vanae
491 1705 746 1792 praedicationes,
757 1728 855 1792 quam
869 1728 926 1768 sua
936 1706 1053 1792 cuique
1063 1722 1148 1770 recte
1159 1707 1241 1769 facta
1253 1705 1460 1790 conciliant),

389 1809 445 1874 sed
465 1810 544 1874 alios
569 1810 610 1874 ad
634 1810 745 1875 eadem
762 1810 867 1875 studia
885 1809 1057 1892 incitandi,
1071 1834 1108 1875 ac
1124 1827 1217 1874 tuum
1236 1833 1312 1874 cum
1326 1809 1460 1874 Valerio

388 1917 503 1981 Flacco
523 1916 668 1982 studium
687 1916 872 2007 profitendi.
893 1915 992 1999 Quod
1015 1917 1095 1980 mihi
1117 1917 1360 1980 hortamentum
1379 1939 1461 1981 sane

388 2018 450 2082 luit
465 2036 500 2083 et
515 2019 743 2095 incitabulum,
761 2035 798 2082 ut
807 2019 866 2082 tibi
879 2019 1093 2105 nuncupatim
1104 2019 1315 2082 inscriberem
1326 2017 1459 2082 hocVa-

388 2124 458 2188 lerii
480 2147 582 2213 opus,
594 2125 738 2204 varium,
754 2125 978 2204 luculentum,
994 2124 1144 2212 elegans,
1160 2145 1221 2186 nee
1237 2125 1271 2186 in
1290 2122 1380 2192 ludis,
1400 2124 1460 2186 tri-

388 2230 522 2295 vialibus
538 2233 728 2318 protritum,
740 2245 850 2294 nostra
865 2229 963 2294 modo
980 2251 1076 2318 opera
1094 2251 1275 2295 excussum.
1291 2230 1358 2311 Qui
1373 2230 1460 2293 liber

387 2351 481 2399 antea
500 2337 695 2418 majoribus,
714 2352 746 2400 et
760 2336 929 2425 pluribus,
946 2357 1013 2398 non
1039 2335 1112 2398 dico
1137 2333 1281 2417 mendis,
1295 2333 1352 2399 sed
1375 2357 1458 2421 porf

389 2441 486 2507 tentis
502 2465 539 2506 ac
555 2444 708 2506 monstris
726 2442 885 2525 scatebat,
898 2441 1017 2528 quibus
1031 2439 1182 2505 tollendis
1198 2461 1284 2503 unus
1299 2439 1458 2504 Hercules

389 2549 464 2611 satis
480 2549 556 2623 fuit,
576 2549 824 2613 Bartholomaeus
834 2549 975 2627 Fontius,
991 2547 1077 2610 varia
1090 2547 1275 2635 linguarum
1291 2545 1456 2608 literatura

390 2654 536 2718 munitus
553 2672 652 2743 atque
667 2655 863 2736 instructus,
890 2655 942 2716 cui
965 2653 1081 2740 ingens
1105 2652 1204 2741 gratia
1223 2649 1371 2714 habenda
1390 2667 1453 2732 est,

388 2782 491 2846 quum
508 2760 542 2822 in
560 2758 775 2824 adolescentia
791 2760 824 2823 in
842 2782 881 2822 eo
891 2756 1088 2845 corrigendo
1102 2757 1280 2844 plurimum
1292 2755 1454 2820 laborave-

389 2863 455 2928 rit:
474 2863 573 2929 modo
600 2866 685 2928 enirn
708 2865 827 2928 saniori
853 2885 912 2951 per
938 2877 1063 2926 aetatem
1088 2862 1245 2943 consilio,
1271 2860 1453 2926 doctissima

389 2971 654 3058 interpretatione
671 2970 761 3035 bunc
781 2967 1045 3034 candidissimum
1063 2984 1192 3056 poetam
1207 2966 1248 3030 ab
1263 2967 1379 3048 injuria
1395 2990 1451 3031 au·

391 3073 478 3139 dacis
494 3075 626 3140 inscitiae
649 3074 847 3139 vindicavit:
864 3073 1025 3138 salebrosa
1049 3073 1204 3162 levigans,
1220 3072 1357 3138 obscura
1376 3073 1449 3136 illu·

391 3195 512 3262 strans,
533 3182 694 3244 maculosa
711 3180 911 3260 emaculans,
937 3201 1035 3266 quam
1051 3179 1230 3268 elegantem
1248 3194 1281 3241 et
1296 3176 1449 3242 eruditam

389 3285 706 3373 interpretationem,
725 3306 791 3348 utta
813 3305 888 3346 cum
912 3283 980 3345 aliis
1004 3283 1071 3362 ejus
1096 3282 1361 3346 lucubratissimis
1384 3282 1449 3370 opi·

389 3392 462 3472 bus,
472 3391 637 3478 publicare
645 3391 711 3470 jem
723 3389 857 3453 accincti
867 3411 981 3452 sumus
991 3411 1107 3475 ,quare
1116 3436 1125 3468 ,
1135 3394 1266 3450 σπουδαῖοι
1275 3398 1450 3461 ἁπαξάπαντες

312 3568 316 3576 ,
388 3509 512 3577 ὀρχεῖσθε,
524 3505 566 3558 καὶ
586 3508 716 3576 σκιρτᾶτε,
729 3505 770 3559 καὶ
785 3507 914 3575 χορεύετε,
928 3511 1103 3582 postquam
1122 3493 1223 3558 nitida
1241 3494 1344 3557 Flacci
1361 3493 1449 3557 datur

388 3625 445 3664 ora
463 3603 565 3682 tueri,
584 3623 622 3665 ac
642 3624 731 3665 veras
748 3623 842 3665 voces
863 3599 985 3664 audire.
1006 3602 1163 3686 Caeterum
1180 3598 1342 3662 Valerium
1366 3599 1448 3662 Flac·

389 3729 464 3770 curn
475 3754 484 3787 ,
497 3707 540 3769 mi
553 3705 750 3787 Michelotti,
768 3705 872 3770 donec
890 3705 1011 3785 majora
1028 3705 1103 3787 tibi,
1121 3728 1158 3769 ac
1172 3705 1304 3768 fortasse
1321 3703 1448 3768 meliora

390 3814 682 3901 emancipabimus,
699 3814 798 3878 veluti
826 3812 1014 3900 proludium
1039 3811 1171 3899 aliquod
1198 3810 1315 3873 amoris
1334 3809 1449 3889 nostri,

390 3920 461 3982 laeta
484 3943 636 4008 rogamus
655 3921 760 3985 fronte
782 3919 934 4007 excipias,
958 3941 1108 4008 magnam
1129 3919 1221 3981 ineo
1236 3917 1447 4003 voluptatem,

390 4024 524 4088 multam
533 4049 641 4090 rerum
656 4027 837 4090 doctrinam
851 4024 1123 4113 deprehensurus.
1133 4023 1221 4103 Vale,
1234 4019 1448 4085 Benedictum-

389 4153 471 4218 que,
486 4119 719 4196 tuaedoctrinae
738 4131 940 4213 studiosum,
958 4128 1092 4218 perinde
1110 4153 1147 4193 ac
1163 4129 1261 4209 soles,
1276 4150 1359 4196 uma,
1404 4143 1405 4146 ’
