3198 5106
412 549 529 596 cnxxu
714 523 864 592 PETRI
893 523 1168 592 BURMANNI

412 641 514 722 nostri
533 651 780 734 jucundissimi,
802 667 837 716 et
857 651 968 740 Magni
993 652 1198 740 praeceptoris
1224 627 1304 731 lilii,
1322 650 1365 716 ad
1383 674 1477 716 oram

411 761 561 828 editionis
574 758 755 825 Heinsianoe
766 756 941 845 adscriptas
952 756 1145 839 habuimus,
1157 755 1215 820 sed
1227 754 1317 820 unde
1332 757 1392 820 illae
1408 759 1478 821 sint

411 869 538 958 petitae,
555 866 760 954 ignoramus:
773 882 887 926 omnes
899 884 998 943 vero,
1012 879 1128 950 praeter
1148 861 1294 926 codicem
1312 861 1403 926 illurn
1416 885 1478 927 ve·

411 970 561 1038 nerandae
570 968 750 1049 vetustatis,
761 990 828 1055 quo
842 967 919 1032 Pius
932 989 1010 1030 usus
1023 983 1089 1048 est,
1098 989 1138 1031 ex
1151 965 1323 1032 Germania
1335 969 1476 1048 illatum,

409 1079 562 1144 videntur
579 1091 653 1164 post
673 1074 721 1137 Pii
743 1089 775 1137 et
798 1072 928 1138 Maserii
951 1071 1110 1137 editiones
1129 1074 1249 1160 reperti
1263 1073 1373 1140 fuisse.
1389 1074 1475 1139 Nam

410 1182 532 1250 Aldum
557 1181 720 1252 diversum
743 1201 763 1242 a
785 1178 947 1266 prioribus
973 1177 1123 1242 babuisse
1149 1177 1293 1243 codicem
1319 1202 1359 1243 ex
1379 1181 1477 1244 variis

409 1291 556 1354 locorum
577 1285 794 1374 plurimorum
810 1282 1003 1347 lectionibus
1019 1299 1159 1371 apparet.
1176 1282 1348 1372 Superesse
1365 1284 1477 1350 adhuc

408 1393 554 1459 codicem
578 1392 750 1478 antiquum
774 1389 924 1478 Neapoli,
946 1410 1044 1476 quem
1065 1389 1100 1452 in
1125 1388 1319 1454 Bibliotheca
1338 1392 1475 1479 Josepbi

408 1500 551 1564 Vallettae
560 1491 1090 1574 viditMnntfauconius,docemur
1099 1495 1215 1574 exejus
1225 1496 1334 1560 Diario
1344 1497 1473 1578 Italico,

408 1627 480 1694 pag.
499 1601 572 1666 306.
590 1600 679 1664 Alios
697 1597 824 1662 codices
842 1597 943 1662 nostri
954 1615 1057 1686 poetae
1075 1622 1142 1663 non
1161 1601 1269 1666 iuveni
1283 1603 1472 1683 memorari,

407 1710 483 1773 licet
498 1705 627 1771 credam
644 1703 677 1768 in
695 1701 891 1791 quibusdam
907 1701 1111 1770 bibliothecis
1124 1705 1402 1793 exemplariaalia,
1413 1706 1473 1772 sed

408 1811 571 1903 pauciora,
581 1832 680 1899 quarn
690 1808 827 1872 aliorum
834 1823 1019 1896 poetarum,
1031 1825 1165 1876 exstare.
1178 1811 1261 1875 Nam
1272 1827 1305 1876 et
1314 1811 1473 1876 Maserius

407 1921 442 2000 in
459 1919 523 1984 fine
540 1913 763 1990 commentarii
781 1929 924 2001 quatum
939 1935 973 1978 se
991 1913 1158 1979 codicibus
1173 1914 1322 1995 ath'utum
1338 1915 1473 2003 prolite-

410 2042 476 2106 tur,
492 2024 550 2110 qui
568 2043 634 2110 quo
651 2019 790 2083 abierint
805 2019 932 2108 ignoro.
950 2018 1041 2083 ldem
1057 2041 1227 2084 recensum
1244 2020 1289 2084 ibi
1305 2021 1371 2110 agit
1387 2021 1475 2084 viro·

408 2151 483 2216 rum
493 2127 684 2206 doctorum,
695 2122 751 2211 qui
762 2138 837 2187 ante
848 2144 882 2188 se
891 2123 1020 2188 Valerio
1032 2123 1273 2212 interpretando
1284 2148 1318 2189 se
1329 2126 1475 2190 accinxe-

407 2249 500 2314 runt,
510 2231 628 2320 partim
641 2227 786 2316 quaedam
799 2228 868 2291 loca
880 2227 948 2307 ejus
958 2228 1071 2300 inaliis
1080 2230 1244 2317 opusculis
1255 2230 1473 2312 illustrantes,

407 2355 444 2403 ut
465 2336 675 2417 Sabellicum,
689 2333 903 2415 Politianum,
917 2333 1138 2417 Parrhasium,
1152 2336 1248 2399 Pium
1271 2336 1306 2400 iu
1322 2335 1474 2401 Adnota-

406 2442 560 2520 tionibus,
572 2440 746 2527 Baptistam
758 2438 944 2527 Egnatium,
952 2455 985 2502 et
996 2440 1085 2522 alios,
1097 2463 1239 2528 quorum
1254 2456 1287 2504 et
1300 2463 1361 2505 nos
1372 2465 1474 2530 supra

406 2547 629 2630 meminimus,
642 2544 760 2634 partim
777 2544 832 2632 qui
850 2547 1098 2610 commentarios
1113 2547 1345 2634 promiserunt,
1353 2564 1391 2612 ut
1404 2548 1471 2612 Da·

406 2653 523 2717 nielem
543 2650 749 2725 Caletanum,
767 2664 798 2713 ct
812 2648 984 2730 Volscum,
1004 2649 1062 2713 sed
1082 2673 1224 2738 quorum
1243 2650 1324 2714 nihil
1339 2651 1380 2716 ad
1395 2651 1472 2718 Gal·

405 2760 454 2823 los
468 2770 583 2846 praeter
595 2753 778 2835 jactantiam
795 2755 981 2841 pervenisse
997 2755 1118 2820 scribit.
1135 2756 1256 2828 Praeter
1271 2756 1342 2820 illos
1355 2779 1432 2820 vero
1451 2782 1484 2822 uz

404 2863 544 2929 Macerio
564 2875 760 2926 memoratos
775 2859 839 2924 vidi
862 2875 895 2923 et
915 2861 1125 2926 Dominicum
1148 2861 1288 2926 Marium
1311 2861 1352 2926 ad
1372 2862 1467 2928 Ovid.
1501 2863 1503 2866 ’

406 2971 517 3034 Amor.
536 2969 566 3050 1,
583 2988 645 3046 vu,
667 2963 728 3046 52,
747 2965 931 3052 promisisse
948 2967 1217 3031 commentarium
1241 2968 1273 3030 in
1299 2967 1468 3051 Flaccum,

403 3096 502 3162 quem
518 3073 613 3136 etiam
628 3069 827 3134 intercidisse
842 3087 935 3158 puto.
948 3071 1027 3136 Post
1041 3073 1217 3137 Maserium
1231 3073 1330 3137 Mich.
1346 3073 1470 3138 Piccar·

404 3196 456 3243 tus
479 3197 611 3242 manum
634 3175 806 3238 admovere
822 3176 949 3239 Valerio
972 3177 1067 3242 etiam
1088 3177 1317 3260 meditabatur,
1339 3194 1377 3242 ut
1399 3179 1469 3266 ipse

403 3286 437 3348 in
463 3283 650 3374 praefatione
674 3279 898 3343 Periculorum
924 3281 1110 3346 criticorum
1134 3306 1194 3346 uos
1215 3283 1325 3366 docet,
1343 3284 1375 3348 in
1399 3308 1468 3371 quo

403 3391 513 3455 libello
523 3389 618 3454 etiam
627 3388 736 3449 locum
745 3407 849 3448 unum
861 3401 894 3449 et
905 3387 1041 3452 alterum
1051 3405 1155 3476 poetae
1164 3388 1329 3470 emendat,
1337 3389 1468 3468 adjutus

404 3495 516 3560 codice
530 3491 727 3572 Erfurtensi,
742 3506 779 3554 ut
794 3508 826 3554 et
840 3491 993 3556 Heinsius
1006 3493 1039 3556 iu
1054 3495 1240 3582 prefatione
1256 3498 1466 3568 suamonuit.

402 3599 549 3664 barthius
574 3596 670 3660 etiam
695 3592 738 3657 ad
762 3593 868 3659 Guiel.
893 3597 1018 3662 Britou.
1041 3598 1098 3663 lib.
1128 3600 1194 3682 Xl,
1215 3599 1298 3682 366,
1319 3601 1467 3672 meminit

402 3701 628 3768 commentarii
640 3700 690 3764 sui
701 3701 735 3763 in
748 3699 910 3766 Valerium
923 3705 1090 3786 Flaccum,
1100 3728 1198 3792 quem
1209 3704 1466 3770 adolescentulus

401 3806 636 3894 conscripserit.
648 3805 956 3884 Clarissimusetiaan
965 3809 1144 3891 Fabricius,
1152 3810 1232 3877 Bibl.
1242 3811 1357 3875 Graecae
1369 3809 1424 3876 lib.
1438 3811 1467 3891 I,

402 3935 472 4000 cap.
491 3911 545 3993 18,
560 3913 717 3975 loannem
730 3912 876 3975 Ulricum
892 3913 1080 3980 Meurerum
1096 3914 1299 3978 Francofurti
1316 3931 1391 3978 ante
1407 3917 1464 3978 ali-

401 4034 483 4106 quot
507 4039 611 4080 annoa
633 4017 797 4098 Valerium
825 4019 976 4084 Flaccum
999 4020 1174 4110 vulgarisse
1198 4034 1345 4100 testatur,
1366 4043 1464 4107 quarn

402 4123 578 4188 editionem
595 4145 655 4186 nec
667 4123 753 4204 vidi,
770 4145 829 4188 nec
845 4124 886 4188 ab
902 4126 965 4189 alio
983 4148 1149 4213 quoquam
1165 4141 1374 4200 memoratam
1392 4126 1463 4214 legi.

401 4227 535 4294 Memini
545 4226 695 4316 quidem,
706 4251 759 4294 me
770 4231 932 4309 Ultrajecti
942 4228 1059 4295 vidisse
1068 4229 1343 4296 olim-Meurermn
1353 4253 1465 4318 quem·
