<?xml version="1.0" encoding="UTF-8"?>
<!DOCTYPE html PUBLIC "-//W3C//DTD XHTML 1.0 Transitional//EN"
    "http://www.w3.org/TR/xhtml1/DTD/xhtml1-transitional.dtd">
<html xmlns="http://www.w3.org/1999/xhtml" xml:lang="en" lang="en">
 <head>
  <title>
</title>
<meta http-equiv="Content-Type" content="text/html;charset=utf-8" />
  <meta name='ocr-system' content='tesseract 3.04.00' />
  <meta name='ocr-capabilities' content='ocr_page ocr_carea ocr_par ocr_line ocrx_word'/>
</head>
<body>
  <div class='ocr_page' id='page_1' title='image "./cvaleriiflaccis00apolgoog_0100.png"; bbox 0 0 3192 5128; ppageno 0'>
   <div class='ocr_carea' id='block_1_1' title="bbox 414 419 1198 521">
    <p class='ocr_par' dir='ltr' id='par_1_1' title="bbox 414 419 1198 521">
     <span class='ocr_line' id='line_1_1' title="bbox 414 419 1198 521; baseline 0.014 -32"><span class='ocrx_word' id='word_1_1' title='bbox 414 419 672 489; x_wconf 82' lang='lat' dir='ltr'><strong>PRAEFATIO</strong></span> <span class='ocrx_word' id='word_1_2' title='bbox 703 420 910 493; x_wconf 75' lang='lat' dir='ltr'>ALTERA.</span> <span class='ocrx_word' id='word_1_3' title='bbox 1067 449 1198 521; x_wconf 82' lang='lat' dir='ltr'><strong>uxxtux</strong></span> 
     </span>
    </p>
   </div>
   <div class='ocr_carea' id='block_1_2' title="bbox 23 545 1199 4228">
    <p class='ocr_par' dir='ltr' id='par_1_2' title="bbox 23 545 1199 4228">
     <span class='ocr_line' id='line_1_2' title="bbox 108 545 1199 638; baseline 0.013 -28"><span class='ocrx_word' id='word_1_4' title='bbox 108 547 213 636; x_wconf 79' lang='lat' dir='ltr'><strong>gotie</strong></span> <span class='ocrx_word' id='word_1_5' title='bbox 234 545 388 635; x_wconf 78' lang='lat' dir='ltr'><strong>qtreedam</strong></span> <span class='ocrx_word' id='word_1_6' title='bbox 405 569 477 614; x_wconf 84' lang='lat' dir='ltr'><strong>mea</strong></span> <span class='ocrx_word' id='word_1_7' title='bbox 497 548 678 630; x_wconf 73' lang='lat' dir='ltr'><strong>familuria,</strong></span> <span class='ocrx_word' id='word_1_8' title='bbox 694 563 733 614; x_wconf 89' lang='lat' dir='ltr'><strong>ut</strong></span> <span class='ocrx_word' id='word_1_9' title='bbox 747 549 850 616; x_wconf 81' lang='lat' dir='ltr'><strong>multa</strong></span> <span class='ocrx_word' id='word_1_10' title='bbox 866 571 1082 638; x_wconf 83' lang='lat' dir='ltr'><strong>concurrunt,</strong></span> <span class='ocrx_word' id='word_1_11' title='bbox 1098 573 1199 624; x_wconf 84' lang='lat' dir='ltr'><strong>retar-</strong></span> 
     </span>
     <span class='ocr_line' id='line_1_3' title="bbox 112 651 1199 741; baseline 0.01 -23"><span class='ocrx_word' id='word_1_12' title='bbox 112 651 279 733; x_wconf 78' lang='lat' dir='ltr'><strong>dasseut3</strong></span> <span class='ocrx_word' id='word_1_13' title='bbox 296 669 329 718; x_wconf 91' lang='lat' dir='ltr'><strong>et</strong></span> <span class='ocrx_word' id='word_1_14' title='bbox 345 653 466 741; x_wconf 83' lang='lat' dir='ltr'><strong>quaeris</strong></span> <span class='ocrx_word' id='word_1_15' title='bbox 483 653 565 722; x_wconf 85' lang='lat' dir='ltr'><strong>mihi</strong></span> <span class='ocrx_word' id='word_1_16' title='bbox 581 653 656 723; x_wconf 87' lang='lat' dir='ltr'><strong>satis</strong></span> <span class='ocrx_word' id='word_1_17' title='bbox 673 652 759 734; x_wconf 68' lang='lat' dir='ltr'><strong>justa</strong></span> <span class='ocrx_word' id='word_1_18' title='bbox 776 677 872 728; x_wconf 86' lang='lat' dir='ltr'><strong>causa</strong></span> <span class='ocrx_word' id='word_1_19' title='bbox 887 657 1064 724; x_wconf 88' lang='lat' dir='ltr'><strong>ulciscendi</strong></span> <span class='ocrx_word' id='word_1_20' title='bbox 1079 661 1199 730; x_wconf 87' lang='lat' dir='ltr'><strong>doloris</strong></span> 
     </span>
     <span class='ocr_line' id='line_1_4' title="bbox 115 757 1198 856; baseline 0.011 -33"><span class='ocrx_word' id='word_1_21' title='bbox 115 759 192 824; x_wconf 83' lang='lat' dir='ltr'><strong>mei</strong></span> <span class='ocrx_word' id='word_1_22' title='bbox 205 757 395 843; x_wconf 77' lang='lat' dir='ltr'><strong>videretur,</strong></span> <span class='ocrx_word' id='word_1_23' title='bbox 411 759 493 847; x_wconf 84' lang='lat' dir='ltr'><strong>coepi</strong></span> <span class='ocrx_word' id='word_1_24' title='bbox 513 759 633 824; x_wconf 84' lang='lat' dir='ltr'><strong>iterum</strong></span> <span class='ocrx_word' id='word_1_25' title='bbox 648 758 689 824; x_wconf 91' lang='lat' dir='ltr'><strong>de</strong></span> <span class='ocrx_word' id='word_1_26' title='bbox 707 781 791 826; x_wconf 82' lang='lat' dir='ltr'><strong>nova</strong></span> <span class='ocrx_word' id='word_1_27' title='bbox 812 759 954 826; x_wconf 84' lang='lat' dir='ltr'><strong>editione</strong></span> <span class='ocrx_word' id='word_1_28' title='bbox 972 786 1041 830; x_wconf 89' lang='lat' dir='ltr'><strong>non</strong></span> <span class='ocrx_word' id='word_1_29' title='bbox 1058 769 1198 856; x_wconf 80' lang='lat' dir='ltr'><strong>cogitare</strong></span> 
     </span>
     <span class='ocr_line' id='line_1_5' title="bbox 118 864 1198 956; baseline 0.01 -27"><span class='ocrx_word' id='word_1_30' title='bbox 118 880 275 947; x_wconf 77' lang='lat' dir='ltr'><strong>tantum,</strong></span> <span class='ocrx_word' id='word_1_31' title='bbox 289 864 347 930; x_wconf 82' lang='lat' dir='ltr'><strong>ned</strong></span> <span class='ocrx_word' id='word_1_32' title='bbox 360 865 455 930; x_wconf 88' lang='lat' dir='ltr'><strong>etiam</strong></span> <span class='ocrx_word' id='word_1_33' title='bbox 466 866 510 930; x_wconf 87' lang='lat' dir='ltr'><strong>ita</strong></span> <span class='ocrx_word' id='word_1_34' title='bbox 526 865 707 954; x_wconf 81' lang='lat' dir='ltr'><strong>diligenter,</strong></span> <span class='ocrx_word' id='word_1_35' title='bbox 717 865 956 955; x_wconf 82' lang='lat' dir='ltr'><strong>indignatione,</strong></span> <span class='ocrx_word' id='word_1_36' title='bbox 967 885 1005 933; x_wconf 91' lang='lat' dir='ltr'><strong>ut</strong></span> <span class='ocrx_word' id='word_1_37' title='bbox 1020 869 1071 956; x_wconf 89' lang='lat' dir='ltr'><strong>fit,</strong></span> <span class='ocrx_word' id='word_1_38' title='bbox 1082 875 1198 939; x_wconf 88' lang='lat' dir='ltr'><strong>stimu-</strong></span> 
     </span>
     <span class='ocr_line' id='line_1_6' title="bbox 120 969 1198 1068; baseline 0.01 -34"><span class='ocrx_word' id='word_1_39' title='bbox 120 971 235 1054; x_wconf 79' lang='lat' dir='ltr'><strong>lante,</strong></span> <span class='ocrx_word' id='word_1_40' title='bbox 252 971 288 1035; x_wconf 92' lang='lat' dir='ltr'><strong>in</strong></span> <span class='ocrx_word' id='word_1_41' title='bbox 305 993 344 1034; x_wconf 87' lang='lat' dir='ltr'><strong>ea</strong></span> <span class='ocrx_word' id='word_1_42' title='bbox 358 969 545 1035; x_wconf 83' lang='lat' dir='ltr'><strong>adornanda</strong></span> <span class='ocrx_word' id='word_1_43' title='bbox 559 970 721 1053; x_wconf 85' lang='lat' dir='ltr'><strong>laborare,</strong></span> <span class='ocrx_word' id='word_1_44' title='bbox 733 985 771 1034; x_wconf 92' lang='lat' dir='ltr'><strong>ut</strong></span> <span class='ocrx_word' id='word_1_45' title='bbox 781 972 891 1059; x_wconf 78' lang='lat' dir='ltr'><strong>paucis</strong></span> <span class='ocrx_word' id='word_1_46' title='bbox 905 971 1021 1040; x_wconf 90' lang='lat' dir='ltr'><strong>diebus</strong></span> <span class='ocrx_word' id='word_1_47' title='bbox 1036 977 1198 1068; x_wconf 87' lang='lat' dir='ltr'><strong>quidquid</strong></span> 
     </span>
     <span class='ocr_line' id='line_1_7' title="bbox 123 1075 1195 1166; baseline 0.009 -26"><span class='ocrx_word' id='word_1_48' title='bbox 123 1075 169 1142; x_wconf 85' lang='lat' dir='ltr'><strong>ad</strong></span> <span class='ocrx_word' id='word_1_49' title='bbox 182 1100 256 1141; x_wconf 80' lang='lat' dir='ltr'><strong>eam</strong></span> <span class='ocrx_word' id='word_1_50' title='bbox 269 1097 340 1141; x_wconf 87' lang='lat' dir='ltr'><strong>rem</strong></span> <span class='ocrx_word' id='word_1_51' title='bbox 353 1075 548 1164; x_wconf 78' lang='lat' dir='ltr'><strong>pertinebat,</strong></span> <span class='ocrx_word' id='word_1_52' title='bbox 563 1075 760 1140; x_wconf 83' lang='lat' dir='ltr'><strong>absolverem</strong></span> <span class='ocrx_word' id='word_1_53' title='bbox 775 1098 783 1140; x_wconf 91' lang='lat'><strong>:</strong></span> <span class='ocrx_word' id='word_1_54' title='bbox 803 1099 901 1166; x_wconf 86' lang='lat' dir='ltr'><strong>quam</strong></span> <span class='ocrx_word' id='word_1_55' title='bbox 918 1094 1027 1144; x_wconf 87' lang='lat' dir='ltr'><strong>tamen</strong></span> <span class='ocrx_word' id='word_1_56' title='bbox 1039 1084 1195 1150; x_wconf 88' lang='lat' dir='ltr'><strong>hactenus</strong></span> 
     </span>
     <span class='ocr_line' id='line_1_8' title="bbox 126 1181 1195 1272; baseline 0.008 -26"><span class='ocrx_word' id='word_1_57' title='bbox 126 1183 218 1272; x_wconf 84' lang='lat' dir='ltr'><strong>apud</strong></span> <span class='ocrx_word' id='word_1_58' title='bbox 231 1205 285 1247; x_wconf 89' lang='lat' dir='ltr'><strong>me</strong></span> <span class='ocrx_word' id='word_1_59' title='bbox 302 1182 458 1264; x_wconf 79' lang='lat' dir='ltr'><strong>abjectam</strong></span> <span class='ocrx_word' id='word_1_60' title='bbox 472 1181 577 1262; x_wconf 85' lang='lat' dir='ltr'><strong>jacere</strong></span> <span class='ocrx_word' id='word_1_61' title='bbox 592 1204 704 1270; x_wconf 86' lang='lat' dir='ltr'><strong>passus</strong></span> <span class='ocrx_word' id='word_1_62' title='bbox 722 1204 812 1265; x_wconf 71' lang='lat' dir='ltr'><strong>sum,</strong></span> <span class='ocrx_word' id='word_1_63' title='bbox 829 1206 897 1249; x_wconf 89' lang='lat' dir='ltr'><strong>non</strong></span> <span class='ocrx_word' id='word_1_64' title='bbox 916 1186 1005 1272; x_wconf 93' lang='lat' dir='ltr'><strong>quod</strong></span> <span class='ocrx_word' id='word_1_65' title='bbox 1021 1187 1062 1252; x_wconf 91' lang='lat' dir='ltr'><strong>de</strong></span> <span class='ocrx_word' id='word_1_66' title='bbox 1075 1190 1195 1254; x_wconf 87' lang='lat' dir='ltr'><strong>librarii</strong></span> 
     </span>
     <span class='ocr_line' id='line_1_9' title="bbox 128 1285 1196 1382; baseline 0.007 -29"><span class='ocrx_word' id='word_1_67' title='bbox 128 1289 295 1378; x_wconf 79' lang='lat' dir='ltr'><strong>diligentia</strong></span> <span class='ocrx_word' id='word_1_68' title='bbox 320 1304 353 1353; x_wconf 91' lang='lat' dir='ltr'><strong>et</strong></span> <span class='ocrx_word' id='word_1_69' title='bbox 377 1287 536 1352; x_wconf 86' lang='lat' dir='ltr'><strong>industria</strong></span> <span class='ocrx_word' id='word_1_70' title='bbox 559 1288 639 1353; x_wconf 91' lang='lat' dir='ltr'><strong>mihi</strong></span> <span class='ocrx_word' id='word_1_71' title='bbox 664 1285 877 1356; x_wconf 83' lang='lat' dir='ltr'><strong>diffidendum</strong></span> <span class='ocrx_word' id='word_1_72' title='bbox 898 1307 1046 1380; x_wconf 87' lang='lat' dir='ltr'><strong>putarem</strong></span> <span class='ocrx_word' id='word_1_73' title='bbox 1069 1293 1196 1382; x_wconf 89' lang='lat' dir='ltr'><strong>(sciunt</strong></span> 
     </span>
     <span class='ocr_line' id='line_1_10' title="bbox 129 1391 1193 1488; baseline 0.006 -30"><span class='ocrx_word' id='word_1_74' title='bbox 129 1395 216 1458; x_wconf 88' lang='lat' dir='ltr'><strong>enim</strong></span> <span class='ocrx_word' id='word_1_75' title='bbox 234 1415 368 1476; x_wconf 90' lang='lat' dir='ltr'><strong>omnes,</strong></span> <span class='ocrx_word' id='word_1_76' title='bbox 391 1409 511 1481; x_wconf 88' lang='lat' dir='ltr'><strong>quanta</strong></span> <span class='ocrx_word' id='word_1_77' title='bbox 529 1393 556 1457; x_wconf 89' lang='lat' dir='ltr'><strong>is</strong></span> <span class='ocrx_word' id='word_1_78' title='bbox 578 1415 654 1457; x_wconf 90' lang='lat' dir='ltr'><strong>cum</strong></span> <span class='ocrx_word' id='word_1_79' title='bbox 679 1391 743 1466; x_wconf 81' lang='lat' dir='ltr'><strong>lide</strong></span> <span class='ocrx_word' id='word_1_80' title='bbox 760 1394 794 1456; x_wconf 88' lang='lat' dir='ltr'><strong>in</strong></span> <span class='ocrx_word' id='word_1_81' title='bbox 813 1394 950 1460; x_wconf 90' lang='lat' dir='ltr'><strong>aliorum</strong></span> <span class='ocrx_word' id='word_1_82' title='bbox 973 1399 1099 1488; x_wconf 88' lang='lat' dir='ltr'><strong>scriptis</strong></span> <span class='ocrx_word' id='word_1_83' title='bbox 1120 1423 1193 1466; x_wconf 86' lang='lat' dir='ltr'><strong>ver·</strong></span> 
     </span>
     <span class='ocr_line' id='line_1_11' title="bbox 23 1490 1194 1589; baseline 0.006 -24"><span class='ocrx_word' id='word_1_84' title='bbox 23 1490 24 1498; x_wconf 9' lang='grc' dir='ltr'>ἵ</span> <span class='ocrx_word' id='word_1_85' title='bbox 127 1500 241 1588; x_wconf 87' lang='lat' dir='ltr'><strong>setur),</strong></span> <span class='ocrx_word' id='word_1_86' title='bbox 251 1499 311 1566; x_wconf 88' lang='lat' dir='ltr'><strong>sed</strong></span> <span class='ocrx_word' id='word_1_87' title='bbox 325 1498 415 1589; x_wconf 88' lang='lat' dir='ltr'><strong>quod</strong></span> <span class='ocrx_word' id='word_1_88' title='bbox 425 1500 470 1564; x_wconf 87' lang='lat' dir='ltr'><strong>ita</strong></span> <span class='ocrx_word' id='word_1_89' title='bbox 482 1523 501 1564; x_wconf 93' lang='lat' dir='ltr'><strong>a</strong></span> <span class='ocrx_word' id='word_1_90' title='bbox 512 1499 629 1588; x_wconf 85' lang='lat' dir='ltr'><strong>prioris</strong></span> <span class='ocrx_word' id='word_1_91' title='bbox 642 1500 727 1567; x_wconf 90' lang='lat' dir='ltr'><strong>illius</strong></span> <span class='ocrx_word' id='word_1_92' title='bbox 741 1499 891 1567; x_wconf 88' lang='lat' dir='ltr'><strong>editionis</strong></span> <span class='ocrx_word' id='word_1_93' title='bbox 903 1505 1059 1570; x_wconf 88' lang='lat' dir='ltr'><strong>memoria</strong></span> <span class='ocrx_word' id='word_1_94' title='bbox 1072 1507 1194 1572; x_wconf 80' lang='lat' dir='ltr'><strong>abhor-</strong></span> 
     </span>
     <span class='ocr_line' id='line_1_12' title="bbox 126 1604 1193 1702; baseline 0.007 -31"><span class='ocrx_word' id='word_1_95' title='bbox 126 1629 251 1689; x_wconf 86' lang='lat' dir='ltr'><strong>rerem,</strong></span> <span class='ocrx_word' id='word_1_96' title='bbox 273 1623 312 1671; x_wconf 92' lang='lat' dir='ltr'><strong>ut</strong></span> <span class='ocrx_word' id='word_1_97' title='bbox 337 1607 508 1670; x_wconf 87' lang='lat' dir='ltr'><strong>molestum</strong></span> <span class='ocrx_word' id='word_1_98' title='bbox 529 1606 611 1670; x_wconf 88' lang='lat' dir='ltr'><strong>mihi</strong></span> <span class='ocrx_word' id='word_1_99' title='bbox 633 1621 717 1670; x_wconf 87' lang='lat' dir='ltr'><strong>esset</strong></span> <span class='ocrx_word' id='word_1_100' title='bbox 736 1604 897 1695; x_wconf 89' lang='lat' dir='ltr'><strong>quidquid</strong></span> <span class='ocrx_word' id='word_1_101' title='bbox 919 1608 959 1673; x_wconf 87' lang='lat' dir='ltr'><strong>ad</strong></span> <span class='ocrx_word' id='word_1_102' title='bbox 983 1633 1054 1675; x_wconf 86' lang='lat' dir='ltr'><strong>eam</strong></span> <span class='ocrx_word' id='word_1_103' title='bbox 1070 1614 1193 1702; x_wconf 83' lang='lat' dir='ltr'><strong>cogita-</strong></span> 
     </span>
     <span class='ocr_line' id='line_1_13' title="bbox 125 1710 1192 1804; baseline 0.008 -29"><span class='ocrx_word' id='word_1_104' title='bbox 125 1713 252 1776; x_wconf 85' lang='lat' dir='ltr'><strong>tionem</strong></span> <span class='ocrx_word' id='word_1_105' title='bbox 265 1710 395 1777; x_wconf 84' lang='lat' dir='ltr'><strong>faeeret.</strong></span> <span class='ocrx_word' id='word_1_106' title='bbox 417 1713 576 1778; x_wconf 78' lang='lat' dir='ltr'><strong>Caeterum</strong></span> <span class='ocrx_word' id='word_1_107' title='bbox 591 1735 695 1801; x_wconf 89' lang='lat' dir='ltr'><strong>quum</strong></span> <span class='ocrx_word' id='word_1_108' title='bbox 704 1713 904 1802; x_wconf 69' lang='lat' dir='ltr'><strong>⁴accepissem</strong></span> <span class='ocrx_word' id='word_1_109' title='bbox 919 1715 1192 1804; x_wconf 82' lang='lat' dir='ltr'><strong>Christophorum</strong></span> 
     </span>
     <span class='ocr_line' id='line_1_14' title="bbox 124 1817 1191 1908; baseline 0.006 -25"><span class='ocrx_word' id='word_1_110' title='bbox 124 1818 336 1899; x_wconf 74' lang='lat' dir='ltr'><strong>Plautinum,</strong></span> <span class='ocrx_word' id='word_1_111' title='bbox 349 1818 455 1885; x_wconf 84' lang='lat' dir='ltr'><strong>rirum</strong></span> <span class='ocrx_word' id='word_1_112' title='bbox 470 1819 653 1886; x_wconf 84' lang='lat' dir='ltr'><strong>mehercule</strong></span> <span class='ocrx_word' id='word_1_113' title='bbox 665 1835 778 1883; x_wconf 87' lang='lat' dir='ltr'><strong>natum</strong></span> <span class='ocrx_word' id='word_1_114' title='bbox 791 1817 832 1884; x_wconf 89' lang='lat' dir='ltr'><strong>ad</strong></span> <span class='ocrx_word' id='word_1_115' title='bbox 846 1820 914 1885; x_wconf 80' lang='lat' dir='ltr'><strong>hoec</strong></span> <span class='ocrx_word' id='word_1_116' title='bbox 924 1821 1029 1888; x_wconf 90' lang='lat' dir='ltr'><strong>studia</strong></span> <span class='ocrx_word' id='word_1_117' title='bbox 1039 1822 1191 1908; x_wconf 86' lang='lat' dir='ltr'><strong>juvanda,</strong></span> 
     </span>
     <span class='ocr_line' id='line_1_15' title="bbox 124 1923 1190 2017; baseline 0.007 -29"><span class='ocrx_word' id='word_1_118' title='bbox 124 1939 157 1988; x_wconf 89' lang='lat' dir='ltr'><strong>ct</strong></span> <span class='ocrx_word' id='word_1_119' title='bbox 173 1947 278 2012; x_wconf 91' lang='lat' dir='ltr'><strong>quum</strong></span> <span class='ocrx_word' id='word_1_120' title='bbox 294 1923 446 1989; x_wconf 81' lang='lat' dir='ltr'><strong>studiosis</strong></span> <span class='ocrx_word' id='word_1_121' title='bbox 458 1925 629 2007; x_wconf 88' lang='lat' dir='ltr'><strong>omuibus,</strong></span> <span class='ocrx_word' id='word_1_122' title='bbox 645 1941 716 1988; x_wconf 90' lang='lat' dir='ltr'><strong>tum</strong></span> <span class='ocrx_word' id='word_1_123' title='bbox 730 1925 810 1988; x_wconf 92' lang='lat' dir='ltr'><strong>mihi</strong></span> <span class='ocrx_word' id='word_1_124' title='bbox 822 1925 1069 2010; x_wconf 87' lang='lat' dir='ltr'><strong>amicissimum,</strong></span> <span class='ocrx_word' id='word_1_125' title='bbox 1079 1945 1190 2017; x_wconf 89' lang='lat' dir='ltr'><strong>poetas</strong></span> 
     </span>
     <span class='ocr_line' id='line_1_16' title="bbox 123 2028 1189 2119; baseline 0.006 -27"><span class='ocrx_word' id='word_1_126' title='bbox 123 2051 238 2093; x_wconf 88' lang='lat' dir='ltr'><strong>omnes</strong></span> <span class='ocrx_word' id='word_1_127' title='bbox 255 2050 340 2093; x_wconf 83' lang='lat' dir='ltr'><strong>nova</strong></span> <span class='ocrx_word' id='word_1_128' title='bbox 351 2028 425 2092; x_wconf 85' lang='lat' dir='ltr'><strong>libri</strong></span> <span class='ocrx_word' id='word_1_129' title='bbox 436 2029 542 2092; x_wconf 85' lang='lat' dir='ltr'><strong>forma</strong></span> <span class='ocrx_word' id='word_1_130' title='bbox 553 2028 711 2094; x_wconf 86' lang='lat' dir='ltr'><strong>excudere</strong></span> <span class='ocrx_word' id='word_1_131' title='bbox 723 2029 820 2111; x_wconf 83' lang='lat' dir='ltr'><strong>velle3</strong></span> <span class='ocrx_word' id='word_1_132' title='bbox 833 2032 958 2119; x_wconf 91' lang='lat' dir='ltr'><strong>sumpsi</strong></span> <span class='ocrx_word' id='word_1_133' title='bbox 973 2032 1092 2097; x_wconf 89' lang='lat' dir='ltr'><strong>iterum</strong></span> <span class='ocrx_word' id='word_1_134' title='bbox 1104 2033 1189 2099; x_wconf 87' lang='lat' dir='ltr'><strong>hanc</strong></span> 
     </span>
     <span class='ocr_line' id='line_1_17' title="bbox 122 2133 1189 2225; baseline 0.004 -27"><span class='ocrx_word' id='word_1_135' title='bbox 122 2133 323 2211; x_wconf 86' lang='lat' dir='ltr'><strong>molestiam,</strong></span> <span class='ocrx_word' id='word_1_136' title='bbox 337 2150 375 2198; x_wconf 92' lang='lat' dir='ltr'><strong>ut</strong></span> <span class='ocrx_word' id='word_1_137' title='bbox 387 2133 539 2200; x_wconf 88' lang='lat' dir='ltr'><strong>eumdem</strong></span> <span class='ocrx_word' id='word_1_138' title='bbox 555 2151 721 2198; x_wconf 84' lang='lat' dir='ltr'><strong>auctorem</strong></span> <span class='ocrx_word' id='word_1_139' title='bbox 731 2134 946 2225; x_wconf 84' lang='lat' dir='ltr'><strong>perlegerem,</strong></span> <span class='ocrx_word' id='word_1_140' title='bbox 957 2154 989 2202; x_wconf 90' lang='lat' dir='ltr'><strong>et</strong></span> <span class='ocrx_word' id='word_1_141' title='bbox 1000 2160 1077 2202; x_wconf 90' lang='lat' dir='ltr'><strong>eum</strong></span> <span class='ocrx_word' id='word_1_142' title='bbox 1087 2141 1189 2204; x_wconf 84' lang='lat' dir='ltr'><strong>reteri</strong></span> 
     </span>
     <span class='ocr_line' id='line_1_18' title="bbox 122 2239 1189 2333; baseline 0.004 -29"><span class='ocrx_word' id='word_1_143' title='bbox 122 2240 176 2304; x_wconf 90' lang='lat' dir='ltr'><strong>illo</strong></span> <span class='ocrx_word' id='word_1_144' title='bbox 203 2239 318 2304; x_wconf 87' lang='lat' dir='ltr'><strong>codice</strong></span> <span class='ocrx_word' id='word_1_145' title='bbox 344 2259 550 2329; x_wconf 90' lang='lat' dir='ltr'><strong>meo,·quem</strong></span> <span class='ocrx_word' id='word_1_146' title='bbox 572 2257 647 2304; x_wconf 86' lang='lat' dir='ltr'><strong>ante</strong></span> <span class='ocrx_word' id='word_1_147' title='bbox 663 2263 766 2305; x_wconf 87' lang='lat' dir='ltr'><strong>annos</strong></span> <span class='ocrx_word' id='word_1_148' title='bbox 782 2259 949 2307; x_wconf 85' lang='lat' dir='ltr'><strong>sexcentos</strong></span> <span class='ocrx_word' id='word_1_149' title='bbox 968 2245 1189 2333; x_wconf 87' lang='lat' dir='ltr'><strong>conscriptum</strong></span> 
     </span>
     <span class='ocr_line' id='line_1_19' title="bbox 121 2344 1188 2436; baseline 0.007 -28"><span class='ocrx_word' id='word_1_150' title='bbox 121 2345 314 2410; x_wconf 75' lang='lat' dir='ltr'><strong>multarunt</strong></span> <span class='ocrx_word' id='word_1_151' title='bbox 326 2367 397 2434; x_wconf 85' lang='lat' dir='ltr'><strong>quae</strong></span> <span class='ocrx_word' id='word_1_152' title='bbox 414 2344 588 2426; x_wconf 84' lang='lat' dir='ltr'><strong>declarent,</strong></span> <span class='ocrx_word' id='word_1_153' title='bbox 601 2344 772 2436; x_wconf 78' lang='lat' dir='ltr'><strong>diligenter</strong></span> <span class='ocrx_word' id='word_1_154' title='bbox 784 2347 965 2412; x_wconf 86' lang='lat' dir='ltr'><strong>conferrem</strong></span> <span class='ocrx_word' id='word_1_155' title='bbox 979 2371 988 2412; x_wconf 73' lang='grc' dir='ltr'><strong><em>ε</em></strong></span> <span class='ocrx_word' id='word_1_156' title='bbox 1003 2349 1093 2436; x_wconf 91' lang='lat' dir='ltr'><strong>quod</strong></span> <span class='ocrx_word' id='word_1_157' title='bbox 1108 2348 1188 2414; x_wconf 88' lang='lat' dir='ltr'><strong>dum</strong></span> 
     </span>
     <span class='ocr_line' id='line_1_20' title="bbox 122 2450 1188 2533; baseline 0.004 -17"><span class='ocrx_word' id='word_1_158' title='bbox 122 2450 235 2516; x_wconf 84' lang='lat' dir='ltr'><strong>sedulo</strong></span> <span class='ocrx_word' id='word_1_159' title='bbox 260 2453 359 2533; x_wconf 77' lang='lat' dir='ltr'><strong>facio,</strong></span> <span class='ocrx_word' id='word_1_160' title='bbox 386 2451 445 2516; x_wconf 85' lang='lat' dir='ltr'><strong>etsi</strong></span> <span class='ocrx_word' id='word_1_161' title='bbox 467 2474 536 2516; x_wconf 90' lang='lat' dir='ltr'><strong>nou</strong></span> <span class='ocrx_word' id='word_1_162' title='bbox 559 2453 605 2516; x_wconf 84' lang='lat' dir='ltr'><strong>ita</strong></span> <span class='ocrx_word' id='word_1_163' title='bbox 623 2453 727 2516; x_wconf 90' lang='lat' dir='ltr'><strong>multo</strong></span> <span class='ocrx_word' id='word_1_164' title='bbox 751 2452 874 2516; x_wconf 91' lang='lat' dir='ltr'><strong>meliori</strong></span> <span class='ocrx_word' id='word_1_165' title='bbox 891 2452 1032 2532; x_wconf 88' lang='lat' dir='ltr'><strong>judicio,</strong></span> <span class='ocrx_word' id='word_1_166' title='bbox 1061 2455 1188 2520; x_wconf 88' lang='lat' dir='ltr'><strong>meliori</strong></span> 
     </span>
     <span class='ocr_line' id='line_1_21' title="bbox 123 2557 1187 2645; baseline 0.004 -23"><span class='ocrx_word' id='word_1_167' title='bbox 123 2573 208 2622; x_wconf 86' lang='lat' dir='ltr'><strong>certe</strong></span> <span class='ocrx_word' id='word_1_168' title='bbox 222 2559 311 2638; x_wconf 87' lang='lat' dir='ltr'><strong>otio,</strong></span> <span class='ocrx_word' id='word_1_169' title='bbox 329 2558 384 2623; x_wconf 81' lang='lat' dir='ltr'><strong>rix</strong></span> <span class='ocrx_word' id='word_1_170' title='bbox 399 2557 508 2634; x_wconf 81' lang='lat' dir='ltr'><strong>credas</strong></span> <span class='ocrx_word' id='word_1_171' title='bbox 523 2581 621 2645; x_wconf 79' lang='lat' dir='ltr'><strong>quam</strong></span> <span class='ocrx_word' id='word_1_172' title='bbox 638 2558 739 2621; x_wconf 90' lang='lat' dir='ltr'><strong>multa</strong></span> <span class='ocrx_word' id='word_1_173' title='bbox 761 2581 850 2622; x_wconf 87' lang='lat' dir='ltr'><strong>nuuc</strong></span> <span class='ocrx_word' id='word_1_174' title='bbox 868 2560 1071 2642; x_wconf 84' lang='lat' dir='ltr'><strong>sustulerim,</strong></span> <span class='ocrx_word' id='word_1_175' title='bbox 1096 2584 1187 2626; x_wconf 89' lang='lat' dir='ltr'><strong>nunc</strong></span> 
     </span>
     <span class='ocr_line' id='line_1_22' title="bbox 122 2661 1185 2751; baseline 0.002 -23"><span class='ocrx_word' id='word_1_176' title='bbox 122 2662 321 2746; x_wconf 68' lang='lat' dir='ltr'><strong>addiderim</strong></span> <span class='ocrx_word' id='word_1_177' title='bbox 335 2679 369 2727; x_wconf 90' lang='lat' dir='ltr'><strong>et</strong></span> <span class='ocrx_word' id='word_1_178' title='bbox 381 2662 460 2728; x_wconf 88' lang='lat' dir='ltr'><strong>dum</strong></span> <span class='ocrx_word' id='word_1_179' title='bbox 475 2685 543 2728; x_wconf 85' lang='lat' dir='ltr'><strong>uon</strong></span> <span class='ocrx_word' id='word_1_180' title='bbox 560 2685 676 2751; x_wconf 88' lang='lat' dir='ltr'><strong>pauca,</strong></span> <span class='ocrx_word' id='word_1_181' title='bbox 693 2661 781 2749; x_wconf 87' lang='lat' dir='ltr'><strong>quod</strong></span> <span class='ocrx_word' id='word_1_182' title='bbox 794 2663 828 2734; x_wconf 82' lang='lat' dir='ltr'><strong>in</strong></span> <span class='ocrx_word' id='word_1_183' title='bbox 842 2663 1104 2750; x_wconf 85' lang='lat' dir='ltr'><strong>recognoscendo</strong></span> <span class='ocrx_word' id='word_1_184' title='bbox 1116 2665 1185 2730; x_wconf 89' lang='lat' dir='ltr'><strong>fieri</strong></span> 
     </span>
     <span class='ocr_line' id='line_1_23' title="bbox 122 2766 1184 2856; baseline 0.001 -23"><span class='ocrx_word' id='word_1_185' title='bbox 122 2769 215 2850; x_wconf 81' lang='lat' dir='ltr'><strong>tolet,</strong></span> <span class='ocrx_word' id='word_1_186' title='bbox 227 2784 334 2851; x_wconf 90' lang='lat' dir='ltr'><strong>muto,</strong></span> <span class='ocrx_word' id='word_1_187' title='bbox 343 2791 440 2856; x_wconf 84' lang='lat' dir='ltr'><strong>quam</strong></span> <span class='ocrx_word' id='word_1_188' title='bbox 456 2768 566 2833; x_wconf 88' lang='lat' dir='ltr'><strong>omnia</strong></span> <span class='ocrx_word' id='word_1_189' title='bbox 579 2789 672 2854; x_wconf 75' lang='lat' dir='ltr'><strong>paene</strong></span> <span class='ocrx_word' id='word_1_190' title='bbox 683 2788 767 2831; x_wconf 84' lang='lat' dir='ltr'><strong>nora</strong></span> <span class='ocrx_word' id='word_1_191' title='bbox 779 2766 912 2832; x_wconf 79' lang='lat' dir='ltr'><strong>fecerim</strong></span> <span class='ocrx_word' id='word_1_192' title='bbox 925 2789 933 2830; x_wconf 75' lang='grc' dir='ltr'><strong>ε</strong></span> <span class='ocrx_word' id='word_1_193' title='bbox 947 2783 985 2830; x_wconf 91' lang='lat' dir='ltr'><strong>ut</strong></span> <span class='ocrx_word' id='word_1_194' title='bbox 995 2768 1075 2832; x_wconf 90' lang='lat' dir='ltr'><strong>illud</strong></span> <span class='ocrx_word' id='word_1_195' title='bbox 1087 2786 1184 2854; x_wconf 90' lang='lat' dir='ltr'><strong>certe,</strong></span> 
     </span>
     <span class='ocr_line' id='line_1_24' title="bbox 122 2872 1182 2961; baseline -0.001 -23"><span class='ocrx_word' id='word_1_196' title='bbox 122 2897 232 2940; x_wconf 74' lang='lat' dir='ltr'><strong>vereor</strong></span> <span class='ocrx_word' id='word_1_197' title='bbox 251 2897 294 2939; x_wconf 91' lang='lat' dir='ltr'><strong>ne</strong></span> <span class='ocrx_word' id='word_1_198' title='bbox 310 2873 406 2940; x_wconf 88' lang='lat' dir='ltr'><strong>nimis</strong></span> <span class='ocrx_word' id='word_1_199' title='bbox 419 2873 460 2939; x_wconf 91' lang='lat' dir='ltr'><strong>de</strong></span> <span class='ocrx_word' id='word_1_200' title='bbox 478 2895 531 2940; x_wconf 89' lang='lat' dir='ltr'><strong>me</strong></span> <span class='ocrx_word' id='word_1_201' title='bbox 549 2874 620 2961; x_wconf 88' lang='lat' dir='ltr'><strong>ipso</strong></span> <span class='ocrx_word' id='word_1_202' title='bbox 638 2887 835 2960; x_wconf 84' lang='lat' dir='ltr'><strong>arroganter,</strong></span> <span class='ocrx_word' id='word_1_203' title='bbox 852 2872 926 2934; x_wconf 88' lang='lat' dir='ltr'><strong>vere</strong></span> <span class='ocrx_word' id='word_1_204' title='bbox 944 2887 1053 2935; x_wconf 86' lang='lat' dir='ltr'><strong>tamen</strong></span> <span class='ocrx_word' id='word_1_205' title='bbox 1074 2872 1182 2938; x_wconf 88' lang='lat' dir='ltr'><strong>dicere</strong></span> 
     </span>
     <span class='ocr_line' id='line_1_25' title="bbox 123 2976 1183 3068; baseline -0.002 -24"><span class='ocrx_word' id='word_1_206' title='bbox 123 2980 256 3068; x_wconf 89' lang='lat' dir='ltr'><strong>possim,</strong></span> <span class='ocrx_word' id='word_1_207' title='bbox 273 2980 365 3044; x_wconf 88' lang='lat' dir='ltr'><strong>huno</strong></span> <span class='ocrx_word' id='word_1_208' title='bbox 381 2995 509 3068; x_wconf 82' lang='lat' dir='ltr'><strong>poetam</strong></span> <span class='ocrx_word' id='word_1_209' title='bbox 526 2978 612 3042; x_wconf 88' lang='lat' dir='ltr'><strong>mille</strong></span> <span class='ocrx_word' id='word_1_210' title='bbox 631 2976 768 3066; x_wconf 88' lang='lat' dir='ltr'><strong>amplius</strong></span> <span class='ocrx_word' id='word_1_211' title='bbox 786 2976 865 3040; x_wconf 84' lang='lat' dir='ltr'><strong>locis</strong></span> <span class='ocrx_word' id='word_1_212' title='bbox 883 2992 955 3040; x_wconf 90' lang='lat' dir='ltr'><strong>tum</strong></span> <span class='ocrx_word' id='word_1_213' title='bbox 978 2976 1183 3061; x_wconf 88' lang='lat' dir='ltr'><strong>mutilatum,</strong></span> 
     </span>
     <span class='ocr_line' id='line_1_26' title="bbox 123 3083 1182 3172; baseline -0.002 -22"><span class='ocrx_word' id='word_1_214' title='bbox 123 3102 190 3150; x_wconf 89' lang='lat' dir='ltr'><strong>tum</strong></span> <span class='ocrx_word' id='word_1_215' title='bbox 201 3085 432 3166; x_wconf 76' lang='lat' dir='ltr'><strong>deformatum,</strong></span> <span class='ocrx_word' id='word_1_216' title='bbox 444 3107 516 3150; x_wconf 91' lang='lat' dir='ltr'><strong>mea</strong></span> <span class='ocrx_word' id='word_1_217' title='bbox 531 3085 628 3150; x_wconf 86' lang='lat' dir='ltr'><strong>unius</strong></span> <span class='ocrx_word' id='word_1_218' title='bbox 645 3105 734 3150; x_wconf 89' lang='lat' dir='ltr'><strong>nunc</strong></span> <span class='ocrx_word' id='word_1_219' title='bbox 746 3083 898 3172; x_wconf 76' lang='lat' dir='ltr'><strong>operarie</strong></span> <span class='ocrx_word' id='word_1_220' title='bbox 911 3104 980 3146; x_wconf 91' lang='lat' dir='ltr'><strong>esse</strong></span> <span class='ocrx_word' id='word_1_221' title='bbox 995 3099 1182 3172; x_wconf 83' lang='lat' dir='ltr'><strong>purgatum,</strong></span> 
     </span>
     <span class='ocr_line' id='line_1_27' title="bbox 123 3186 1184 3258; baseline 0 -4"><span class='ocrx_word' id='word_1_222' title='bbox 123 3208 158 3256; x_wconf 90' lang='lat' dir='ltr'><strong>ut</strong></span> <span class='ocrx_word' id='word_1_223' title='bbox 171 3214 211 3256; x_wconf 75' lang='lat' dir='ltr'><strong>ex</strong></span> <span class='ocrx_word' id='word_1_224' title='bbox 226 3213 376 3256; x_wconf 88' lang='lat' dir='ltr'><strong>errorum</strong></span> <span class='ocrx_word' id='word_1_225' title='bbox 391 3191 521 3258; x_wconf 90' lang='lat' dir='ltr'><strong>illorum</strong></span> <span class='ocrx_word' id='word_1_226' title='bbox 538 3186 744 3254; x_wconf 87' lang='lat' dir='ltr'><strong>multitudine</strong></span> <span class='ocrx_word' id='word_1_227' title='bbox 756 3187 809 3252; x_wconf 83' lang='lat' dir='ltr'><strong>vix</strong></span> <span class='ocrx_word' id='word_1_228' title='bbox 825 3186 937 3252; x_wconf 89' lang='lat' dir='ltr'><strong>decem</strong></span> <span class='ocrx_word' id='word_1_229' title='bbox 953 3188 1096 3252; x_wconf 87' lang='lat' dir='ltr'><strong>invenias</strong></span> <span class='ocrx_word' id='word_1_230' title='bbox 1114 3189 1184 3254; x_wconf 89' lang='lat' dir='ltr'><strong>reli·</strong></span> 
     </span>
     <span class='ocr_line' id='line_1_28' title="bbox 124 3292 1181 3386; baseline -0.003 -23"><span class='ocrx_word' id='word_1_231' title='bbox 124 3321 220 3386; x_wconf 84' lang='lat' dir='ltr'><strong>quos;</strong></span> <span class='ocrx_word' id='word_1_232' title='bbox 243 3313 344 3386; x_wconf 79' lang='lat' dir='ltr'><strong>atque</strong></span> <span class='ocrx_word' id='word_1_233' title='bbox 367 3319 480 3362; x_wconf 77' lang='lat' dir='ltr'><strong>omnes</strong></span> <span class='ocrx_word' id='word_1_234' title='bbox 507 3312 633 3361; x_wconf 82' lang='lat' dir='ltr'><strong>tanmm</strong></span> <span class='ocrx_word' id='word_1_235' title='bbox 654 3292 858 3376; x_wconf 86' lang='lat' dir='ltr'><strong>hujusmodi,</strong></span> <span class='ocrx_word' id='word_1_236' title='bbox 875 3309 913 3358; x_wconf 92' lang='lat' dir='ltr'><strong>ut</strong></span> <span class='ocrx_word' id='word_1_237' title='bbox 930 3294 1000 3358; x_wconf 88' lang='lat' dir='ltr'><strong>sine</strong></span> <span class='ocrx_word' id='word_1_238' title='bbox 1022 3295 1181 3374; x_wconf 86' lang='lat' dir='ltr'><strong>librorum</strong></span> 
     </span>
     <span class='ocr_line' id='line_1_29' title="bbox 123 3398 1180 3499; baseline -0.004 -31"><span class='ocrx_word' id='word_1_239' title='bbox 123 3403 413 3491; x_wconf 81' lang='lat' dir='ltr'><strong>manuscriptorum</strong></span> <span class='ocrx_word' id='word_1_240' title='bbox 430 3424 494 3490; x_wconf 89' lang='lat' dir='ltr'><strong>ope</strong></span> <span class='ocrx_word' id='word_1_241' title='bbox 512 3399 753 3492; x_wconf 85' lang='lat' dir='ltr'><strong>corrigendiue</strong></span> <span class='ocrx_word' id='word_1_242' title='bbox 776 3422 847 3488; x_wconf 86' lang='lat' dir='ltr'><strong>spes</strong></span> <span class='ocrx_word' id='word_1_243' title='bbox 864 3398 996 3499; x_wconf 73' lang='lat' dir='ltr'><strong>quidem</strong></span> <span class='ocrx_word' id='word_1_244' title='bbox 1015 3401 1079 3464; x_wconf 87' lang='lat' dir='ltr'><strong>sit:</strong></span> <span class='ocrx_word' id='word_1_245' title='bbox 1098 3423 1180 3488; x_wconf 89' lang='lat' dir='ltr'><strong>quos</strong></span> 
     </span>
     <span class='ocr_line' id='line_1_30' title="bbox 122 3506 1179 3596; baseline -0.004 -22"><span class='ocrx_word' id='word_1_246' title='bbox 122 3527 202 3575; x_wconf 83' lang='lat' dir='ltr'><strong>certe</strong></span> <span class='ocrx_word' id='word_1_247' title='bbox 217 3510 253 3573; x_wconf 89' lang='lat' dir='ltr'><strong>in</strong></span> <span class='ocrx_word' id='word_1_248' title='bbox 270 3525 343 3574; x_wconf 88' lang='lat' dir='ltr'><strong>toto</strong></span> <span class='ocrx_word' id='word_1_249' title='bbox 361 3508 425 3574; x_wconf 89' lang='lat' dir='ltr'><strong>hoc</strong></span> <span class='ocrx_word' id='word_1_250' title='bbox 439 3524 553 3572; x_wconf 89' lang='lat' dir='ltr'><strong>nostro</strong></span> <span class='ocrx_word' id='word_1_251' title='bbox 569 3507 690 3595; x_wconf 82' lang='lat' dir='ltr'><strong>Rclgio,</strong></span> <span class='ocrx_word' id='word_1_252' title='bbox 702 3522 819 3595; x_wconf 87' lang='lat' dir='ltr'><strong>praeter</strong></span> <span class='ocrx_word' id='word_1_253' title='bbox 835 3506 926 3570; x_wconf 90' lang='lat' dir='ltr'><strong>illum</strong></span> <span class='ocrx_word' id='word_1_254' title='bbox 943 3529 1071 3588; x_wconf 90' lang='lat' dir='ltr'><strong>meum,</strong></span> <span class='ocrx_word' id='word_1_255' title='bbox 1084 3529 1179 3596; x_wconf 90' lang='lat' dir='ltr'><strong>repc-</strong></span> 
     </span>
     <span class='ocr_line' id='line_1_31' title="bbox 122 3611 1179 3703; baseline -0.005 -23"><span class='ocrx_word' id='word_1_256' title='bbox 122 3617 178 3680; x_wconf 83' lang='lat' dir='ltr'><strong>tire</strong></span> <span class='ocrx_word' id='word_1_257' title='bbox 198 3615 308 3680; x_wconf 82' lang='lat' dir='ltr'><strong>adhuc</strong></span> <span class='ocrx_word' id='word_1_258' title='bbox 326 3614 420 3703; x_wconf 89' lang='lat' dir='ltr'><strong>potui</strong></span> <span class='ocrx_word' id='word_1_259' title='bbox 444 3615 563 3679; x_wconf 86' lang='lat' dir='ltr'><strong>nullos.</strong></span> <span class='ocrx_word' id='word_1_260' title='bbox 581 3611 677 3678; x_wconf 86' lang='lat' dir='ltr'><strong>Redit</strong></span> <span class='ocrx_word' id='word_1_261' title='bbox 695 3613 804 3700; x_wconf 88' lang='lat' dir='ltr'><strong>itaque</strong></span> <span class='ocrx_word' id='word_1_262' title='bbox 826 3611 867 3676; x_wconf 87' lang='lat' dir='ltr'><strong>ad</strong></span> <span class='ocrx_word' id='word_1_263' title='bbox 887 3628 920 3676; x_wconf 91' lang='lat' dir='ltr'><strong>te</strong></span> <span class='ocrx_word' id='word_1_264' title='bbox 935 3627 1011 3676; x_wconf 89' lang='lat' dir='ltr'><strong>tuus</strong></span> <span class='ocrx_word' id='word_1_265' title='bbox 1034 3612 1179 3676; x_wconf 89' lang='lat' dir='ltr'><strong>Valerius</strong></span> 
     </span>
     <span class='ocr_line' id='line_1_32' title="bbox 121 3716 1179 3807; baseline -0.006 -19"><span class='ocrx_word' id='word_1_266' title='bbox 121 3721 267 3788; x_wconf 73' lang='lat' dir='ltr'><strong>uacum</strong></span> <span class='ocrx_word' id='word_1_267' title='bbox 282 3745 343 3786; x_wconf 86' lang='lat' dir='ltr'><strong>cur</strong></span> <span class='ocrx_word' id='word_1_268' title='bbox 358 3721 445 3786; x_wconf 87' lang='lat' dir='ltr'><strong>euim</strong></span> <span class='ocrx_word' id='word_1_269' title='bbox 461 3737 554 3785; x_wconf 90' lang='lat' dir='ltr'><strong>tuum</strong></span> <span class='ocrx_word' id='word_1_270' title='bbox 569 3742 635 3782; x_wconf 88' lang='lat' dir='ltr'><strong>non</strong></span> <span class='ocrx_word' id='word_1_271' title='bbox 654 3719 827 3807; x_wconf 88' lang='lat' dir='ltr'><strong>appellem,</strong></span> <span class='ocrx_word' id='word_1_272' title='bbox 842 3719 898 3805; x_wconf 92' lang='lat' dir='ltr'><strong>qui</strong></span> <span class='ocrx_word' id='word_1_273' title='bbox 912 3718 1072 3806; x_wconf 87' lang='lat' dir='ltr'><strong>mancipio</strong></span> <span class='ocrx_word' id='word_1_274' title='bbox 1090 3733 1122 3781; x_wconf 90' lang='lat' dir='ltr'><strong>et</strong></span> <span class='ocrx_word' id='word_1_275' title='bbox 1139 3716 1179 3782; x_wconf 90' lang='lat' dir='ltr'><strong>de</strong></span> 
     </span>
     <span class='ocr_line' id='line_1_33' title="bbox 120 3823 1180 3906; baseline -0.004 -14"><span class='ocrx_word' id='word_1_276' title='bbox 120 3849 212 3894; x_wconf 88' lang='lat' dir='ltr'><strong>mauu</strong></span> <span class='ocrx_word' id='word_1_277' title='bbox 224 3829 262 3892; x_wconf 90' lang='lat' dir='ltr'><strong>iu</strong></span> <span class='ocrx_word' id='word_1_278' title='bbox 280 3849 416 3892; x_wconf 87' lang='lat' dir='ltr'><strong>manum</strong></span> <span class='ocrx_word' id='word_1_279' title='bbox 432 3826 605 3892; x_wconf 83' lang='lat' dir='ltr'><strong>traditione</strong></span> <span class='ocrx_word' id='word_1_280' title='bbox 622 3826 666 3890; x_wconf 85' lang='lat' dir='ltr'><strong>ita</strong></span> <span class='ocrx_word' id='word_1_281' title='bbox 678 3825 741 3890; x_wconf 90' lang='lat' dir='ltr'><strong>tuis</strong></span> <span class='ocrx_word' id='word_1_282' title='bbox 759 3823 891 3888; x_wconf 88' lang='lat' dir='ltr'><strong>accessit</strong></span> <span class='ocrx_word' id='word_1_283' title='bbox 903 3823 1127 3906; x_wconf 80' lang='lat' dir='ltr'><strong>facultatibus,</strong></span> <span class='ocrx_word' id='word_1_284' title='bbox 1143 3840 1180 3888; x_wconf 94' lang='lat' dir='ltr'><strong>ut</strong></span> 
     </span>
     <span class='ocr_line' id='line_1_34' title="bbox 119 3929 1179 4024; baseline -0.005 -27"><span class='ocrx_word' id='word_1_285' title='bbox 119 3935 198 3998; x_wconf 81' lang='lat' dir='ltr'><strong>nulla</strong></span> <span class='ocrx_word' id='word_1_286' title='bbox 219 3935 294 4024; x_wconf 80' lang='lat' dir='ltr'><strong>lege</strong></span> <span class='ocrx_word' id='word_1_287' title='bbox 312 3935 384 3998; x_wconf 87' lang='lat' dir='ltr'><strong>sine</strong></span> <span class='ocrx_word' id='word_1_288' title='bbox 399 3949 459 3998; x_wconf 90' lang='lat' dir='ltr'><strong>tuo</strong></span> <span class='ocrx_word' id='word_1_289' title='bbox 475 3933 561 3998; x_wconf 86' lang='lat' dir='ltr'><strong>sacto</strong></span> <span class='ocrx_word' id='word_1_290' title='bbox 577 3932 633 3996; x_wconf 83' lang='lat' dir='ltr'><strong>abs</strong></span> <span class='ocrx_word' id='word_1_291' title='bbox 651 3949 684 3996; x_wconf 90' lang='lat' dir='ltr'><strong>te</strong></span> <span class='ocrx_word' id='word_1_292' title='bbox 699 3930 868 3996; x_wconf 86' lang='lat' dir='ltr'><strong>abalienari</strong></span> <span class='ocrx_word' id='word_1_293' title='bbox 886 3929 1011 4017; x_wconf 77' lang='lat' dir='ltr'><strong>possit?</strong></span> <span class='ocrx_word' id='word_1_294' title='bbox 1027 3931 1065 3993; x_wconf 90' lang='lat' dir='ltr'><strong>In</strong></span> <span class='ocrx_word' id='word_1_295' title='bbox 1083 3930 1179 3993; x_wconf 92' lang='lat' dir='ltr'><strong>scho-</strong></span> 
     </span>
     <span class='ocr_line' id='line_1_35' title="bbox 118 4033 1179 4127; baseline -0.005 -24"><span class='ocrx_word' id='word_1_296' title='bbox 118 4041 228 4105; x_wconf 86' lang='lat' dir='ltr'><strong>liorum</strong></span> <span class='ocrx_word' id='word_1_297' title='bbox 250 4057 364 4105; x_wconf 89' lang='lat' dir='ltr'><strong>autem</strong></span> <span class='ocrx_word' id='word_1_298' title='bbox 386 4041 513 4120; x_wconf 89' lang='lat' dir='ltr'><strong>locum,</strong></span> <span class='ocrx_word' id='word_1_299' title='bbox 536 4061 607 4127; x_wconf 86' lang='lat' dir='ltr'><strong>quae</strong></span> <span class='ocrx_word' id='word_1_300' title='bbox 626 4053 796 4126; x_wconf 90' lang='lat' dir='ltr'><strong>propterea</strong></span> <span class='ocrx_word' id='word_1_301' title='bbox 815 4035 1002 4116; x_wconf 85' lang='lat' dir='ltr'><strong>omisimus,</strong></span> <span class='ocrx_word' id='word_1_302' title='bbox 1026 4033 1116 4122; x_wconf 91' lang='lat' dir='ltr'><strong>quod</strong></span> <span class='ocrx_word' id='word_1_303' title='bbox 1138 4057 1179 4098; x_wconf 89' lang='lat' dir='ltr'><strong>ne</strong></span> 
     </span>
     <span class='ocr_line' id='line_1_36' title="bbox 118 4141 1180 4228; baseline -0.007 -18"><span class='ocrx_word' id='word_1_304' title='bbox 118 4149 247 4212; x_wconf 82' lang='lat' dir='ltr'><strong>lerinam</strong></span> <span class='ocrx_word' id='word_1_305' title='bbox 268 4147 344 4212; x_wconf 87' lang='lat' dir='ltr'><strong>libri</strong></span> <span class='ocrx_word' id='word_1_306' title='bbox 361 4145 571 4228; x_wconf 83' lang='lat' dir='ltr'><strong>excederent,</strong></span> <span class='ocrx_word' id='word_1_307' title='bbox 593 4163 789 4226; x_wconf 82' lang='lat' dir='ltr'><strong>vereremur,</strong></span> <span class='ocrx_word' id='word_1_308' title='bbox 806 4141 1031 4222; x_wconf 83' lang='lat' dir='ltr'><strong>subjunximus</strong></span> <span class='ocrx_word' id='word_1_309' title='bbox 1047 4141 1104 4205; x_wconf 89' lang='lat' dir='ltr'><strong>has</strong></span> <span class='ocrx_word' id='word_1_310' title='bbox 1128 4162 1180 4203; x_wconf 87' lang='lat' dir='ltr'><strong>ca-</strong></span> 
     </span>
    </p>
   </div>
   <div class='ocr_carea' id='block_1_3' title="bbox 218 4243 1080 4330">
    <p class='ocr_par' dir='ltr' id='par_1_3' title="bbox 218 4243 1080 4330">
     <span class='ocr_line' id='line_1_37' title="bbox 218 4243 1080 4330; baseline 0.002 -2"><span class='ocrx_word' id='word_1_311' title='bbox 218 4253 247 4316; x_wconf 89' lang='lat'><strong>1.</strong></span> <span class='ocrx_word' id='word_1_312' title='bbox 1042 4243 1080 4330; x_wconf 89' lang='lat' dir='ltr'><em>f</em></span> 
     </span>
    </p>
   </div>
   <div class='ocr_carea' id='block_1_4' title="bbox 0 0 1600 5128">
    <p class='ocr_par' dir='ltr' id='par_1_4' title="bbox 0 0 1600 5128">
     <span class='ocr_line' id='line_1_38' title="bbox 0 0 1600 5128; baseline 0 2"><span class='ocrx_word' id='word_1_313' title='bbox 0 0 1600 5128; x_wconf 95' lang='lat' dir='ltr'><strong> </strong></span> 
     </span>
    </p>
   </div>
  </div>
 </body>
</html>
