3192 5128
365 499 618 572 PRAEFATIO
648 491 897 574 SECUNDA.
1030 511 1161 576 cxxitx

96 631 243 698 multum
272 632 391 696 dehere
415 634 529 721 saepius
552 633 688 713 fatetur,
712 630 776 696 vid.
801 633 842 696 ad
865 632 919 697 lib.
936 636 968 716 I,
989 607 1068 718 3'31,
1091 637 1161 718 Ill,

101 737 269 823 349,422,
289 735 363 823 571,
376 752 410 800 et
421 738 478 815 IV,
492 741 566 816 214.
581 738 705 802 Acriter
718 737 813 800 etiam
825 761 899 801 eum
912 756 1024 804 contra
1036 741 1163 805 invidos

102 842 435 930 Quintianomastiges
460 841 615 908 defendit.
632 843 700 907 Nec
724 857 832 905 tarnen
850 859 938 907 tanta
955 844 1103 933 discipuli
1129 847 1163 910 in

103 947 294 1036 magistrum
308 947 409 1036 pietas
426 945 552 1011 efficere
567 949 692 1035 potuit,
710 961 748 1008 ut
764 946 935 1035 benignius
946 946 987 1012 de
1003 971 1043 1013 eo
1056 971 1166 1015 cense-

2 1061 3 1140 Ι
104 1068 152 1116 ret
166 1055 194 1116 J.
213 1053 250 1116 C.
267 1052 406 1141 Scaliger
423 1052 458 1114 in
475 1051 714 1139 Hypercritico,
733 1073 804 1140 pag.
821 1051 903 1137 7283
923 1075 983 1117 nec
995 1054 1167 1118 vehemen-

104 1159 227 1223 tissime
251 1157 287 1220 in
312 1179 388 1220 eum
413 1157 620 1221 inveheretur
644 1157 834 1221 Laurentius
859 1156 1040 1222 Balbusad
1064 1178 1167 1248 poetae

105 1264 210 1350 nostri
225 1263 284 1328 lib.
301 1265 336 1344 l,
360 1261 433 1326 331.
454 1264 560 1325 Immo
584 1275 697 1326 auctor
719 1262 981 1327 observationum
997 1265 1032 1327 in
1054 1265 1168 1329 Mena·

106 1371 216 1459 glana,
234 1385 326 1433 tomo
342 1369 409 1449 Ill,
424 1390 496 1456 pag.
519 1368 572 1449 81,
589 1391 657 1431 non
676 1367 849 1449 dubitavit,
865 1388 940 1431 eum
957 1368 1166 1460 paedagogum

108 1473 262 1564 (pidant)
282 1474 459 1562 appellare,
488 1474 647 1561 nobisque
664 1475 828 1562 egregium
844 1474 943 1538 futilis
960 1476 1081 1564 ingenii
1098 1499 1170 1565 spe·
1252 1491 1255 1496 '

108 1581 213 1644 cimen
230 1578 430 1667 producere,
449 1571 669 1666 praefationem
684 1600 818 1665 nempe,
836 1601 934 1665 quam
949 1579 1024 1644 Stoa
1037 1581 1170 1646 Parthe-

109 1686 230 1750 nocleae
239 1684 434 1772 praeposuit,
448 1683 718 1764 obscurissimam,
731 1701 764 1747 et
773 1685 976 1749 affectatione
987 1687 1171 1775 turpissima

109 1791 188 1854 nulli
204 1811 286 1854 sano
301 1788 542 1877 intelligendam
556 1791 676 1853 :immo
690 1811 788 1877 quam
804 1810 903 1852 nemo
923 1789 1077 1854 adfinem
1096 1815 1170 1880 per·

109 1898 213 1986 legere
230 1895 422 1978 sustineret,
441 1897 499 1983 qui
516 1895 662 1958 adsuetas
676 1895 923 1984 elegantioribus
940 1896 1066 1984 scriptis
1080 1921 1171 1961 aures

111 2003 216 2067 ltabet.
235 2003 319 2066 Cum
338 2023 402 2088 qtta
417 2002 443 2064 si
462 2001 534 2088 quis
551 2001 679 2065 Maserii
696 2002 780 2064 notri
797 1999 1050 2078 dedicationem,
1069 2027 1172 2066 avun-

111 2108 182 2172 culo
199 2107 410 2193 inscriptam,
434 2127 620 2193 comparare
642 2106 740 2187 velit,
758 2107 883 2195 egregie
903 2107 964 2172 sub
989 2123 1054 2170 tarn
1072 2109 1172 2172 stulto

112 2212 265 2301 magistro
283 2211 408 2273 fatuum
425 2207 620 2298 discipulum
636 2211 810 2299 profecisse
826 2213 1011 2298 comperiet.
1024 2213 1173 2276 Barthius

112 2335 237 2397 umen,
262 2336 305 2378 ne
332 2313 409 2402 quid
438 2312 692 2396 dissimulemus,
713 2315 757 2378 'ad
783 2315 872 2380 Statii
893 2316 995 2380 Theb.
1013 2317 1064 2400 ll,
1089 2315 1173 2404 575,

114 2423 280 2486 hominem
303 2442 371 2484 non
390 2421 537 2505 ineptum
561 2420 682 2508 ingenii
699 2436 731 2484 et
750 2421 916 2501 lectionis,
934 2421 991 2484 sed
1011 2421 1124 2500 judicii
1142 2441 1176 2487 et

114 2525 308 2591 elocutionis
324 2547 413 2589 asuo
427 2525 544 2588 saeculo
556 2524 678 2589 victum
692 2527 900 2618 pronuntiat,
918 2525 987 2605 ejus
997 2527 1093 2590 etiam
1103 2551 1178 2616 poe·

117 2634 210 2697 ticam
227 2632 411 2696 facultatem
424 2630 632 2696 commendat
652 2631 693 2696 ad
713 2633 898 2696 Nemesiani
916 2633 1025 2722 Eclog.
1042 2635 1106 2715 Ill,
1122 2637 1174 2700 62.

117 2737 203 2818 Nos,
219 2737 277 2824 qui
291 2752 407 2824 praeter
419 2737 504 2800 illam
520 2737 757 2824 praefationem,
776 2736 856 2803 nihil
867 2737 934 2816 ejus
945 2737 1101 2821 vidimus,
1116 2763 1178 2804 nec

117 2842 214 2905 edam
225 2864 344 2929 magno
357 2839 489 2906 ridendi
504 2838 664 2905 desiderio
679 2855 844 2920 tenemur,
853 2841 952 2918 ¹facile
966 2843 1048 2906 ferre
1064 2865 1174 2930 possu-

119 2969 189 3011 mus
210 2947 277 3026 ejus
290 2945 418 3022 laudes,
435 2945 617 3010 dumbona
633 2966 724 3007 mens
740 2967 758 3007 a
774 2944 885 3008 talium
901 2947 1105 3009 aemulatione
1116 2969 1176 3010 nos

119 3067 245 3116 mocet
259 3068 291 3115 et
305 3050 478 3115 deterreat:
489 3050 545 3116 scd
555 3050 632 3114 hinc
645 3051 978 3114 aestimareMascriani
988 3052 1111 3140 ingenii
1124 3051 1178 3117 do·

120 3173 166 3220 tes
180 3157 358 3245 unicuique
370 3157 463 3237 licet,
475 3157 549 3243 qui,
563 3178 664 3243 quum
676 3156 738 3220 sub
748 3156 798 3220 his
808 3157 1058 3244 praeceptoribus
1071 3179 1179 3222 creve-

121 3262 177 3342 rit,
190 3284 311 3349 eosque
323 3283 449 3349 semper
460 3260 634 3324 admiratus
646 3261 758 3341 fucrit,
771 3260 840 3324 sine
853 3261 1007 3324 miraculo
1017 3259 1058 3325 ad
1070 3284 1178 3326 verant

122 3367 227 3431 solidae
252 3365 460 3430 doctrinaeet
485 3364 675 3452 eloquentiae
698 3364 827 3428 laudern
850 3365 1017 3453 adspirare
1036 3369 1180 3454 potuisse

122 3473 199 3536 mihi
216 3494 285 3536 non
304 3469 444 3534 videtur.
462 3471 547 3534 Hinc
565 3470 661 3533 etiam
677 3485 965 3535 commentatorem
982 3489 1130 3536 nostrum
1145 3475 1179 3537 in

123 3577 464 3641 LaurentiumVallatn
473 3591 537 3639 tant
549 3577 663 3652 acerbe
674 3577 839 3640 invectum
851 3576 1010 3640 credimus
1021 3625 1029 3658 ,
1041 3579 1117 3665 quia
1128 3580 1181 3643 ille

124 3683 269 3747 barbaras
289 3696 322 3746 et
335 3682 443 3745 minus
460 3682 593 3745 usitatas
609 3682 723 3770 optimi
740 3681 797 3745 aevi
814 3681 1024 3769 scriptoribus
1040 3681 1134 3748 voces
1150 3701 1183 3748 et

124 3789 302 3852 locutiones
319 3788 520 3875 proscribere
536 3803 569 3850 et
584 3787 737 3851 damnare
757 3787 862 3850 fuerat
877 3809 974 3850 ausus
984 3813 992 3869 ;
1002 3810 1105 3874 quum
1115 3789 1183 3876 ipse

124 3895 289 3958 affectaret
304 3909 337 3956 et
354 3910 494 3980 captaret
514 3894 726 3957 remotissima
745 3893 786 3956 ab
805 3915 868 3955 usu
884 3893 1071 3982 elegantiori
1088 3917 1184 3959 voca·

125 3999 219 4078 bula,
243 3999 296 4063 vel
322 4000 416 4063 etiam
436 4017 549 4063 notata
571 4025 587 4062 a
613 3999 799 4062 recentioris
824 4001 976 4085 temporis
998 4000 1185 4063 auctoribus

125 4103 294 4191 probaret;
310 4101 383 4168 side
398 4104 439 4168 ad
457 4103 512 4167 lib.
524 4105 603 4183 Vll,
622 4100 663 4167 85
680 4125 687 4166 :
704 4117 810 4189 neque
830 4103 965 4166 obtusos
982 4105 1078 4168 ctiam
1095 4120 1127 4168 et
1146 4105 1184 4168 li·

126 4209 217 4273 ridos
243 4208 376 4291 dentes,
406 4211 536 4298 ineptus
561 4231 693 4290 censor,
720 4207 851 4297 infigere
873 4209 981 4273 timuit
1008 4209 1188 4273 Teutonicae
1263 4243 1264 4246 ¹

1033 4337 1054 4377 l·
