3198 5106
386 549 489 597 cnxvr
693 529 845 596 PETRI
866 529 1151 600 'BURMANNI

385 655 577 737 merendus,
593 677 628 720 se
645 671 753 720 tamen
769 656 854 720 nr‘leil
859 658 1030 747 promlisse
1043 681 1088 724 ex
1100 657 1190 741 alies,
1201 683 1276 750 qnoe
1281 666 1457 752 probabat,

384 767 463 854 quin
472 765 559 828 novis
571 760 956 852 argaunmtrifirmaveric,
967 769 1001 832 in
1012 768 1126 855 qrdbus
1138 789 1216 850 vero
1227 771 1261 832 in
1269 771 1339 836 alra
1350 779 1461 840 onmia
1490 788 1493 797 '

385 871 465 950 ἰόατ,
485 871 632 948 renas,
651 891 709 933 eur
720 869 757 932 id
757 867 905 957 faceret,
922 871 1091 959 diligenter
1110 871 1319 962 adscrinsrise.
1340 879 1413 944 Hoc
1429 883 1458 945 si

386 975 493 1040 vocari
518 976 621 1064 possit
642 975 749 1039 furem
764 975 943 1042 literarium
960 1000 1049 1060 esse,
1079 1000 1178 1043 nemo
1195 980 1293 1063 hujus
1312 984 1458 1050 criminis

385 1082 579 1162 absolvetur,
605 1082 663 1169 qui
687 1097 762 1169 post
788 1081 867 1146 alios
886 1083 949 1148 sibi
970 1084 1005 1146 in
1027 1105 1268 1174 quemcumque
1288 1107 1456 1156 auctorem

385 1187 633 1252 commentarios
648 1185 838 1251 scribendos
861 1205 986 1272 sumet,
1001 1190 1128 1276 etqui,
1147 1207 1185 1255 ut
1200 1192 1275 1257 licet
1290 1211 1324 1258 ct
1340 1194 1455 1281 decet,

384 1315 510 1380 semper
524 1293 672 1381 priorum
687 1291 772 1357 dicta
784 1293 835 1357 vel
847 1295 940 1358 novis
956 1294 1138 1362 rationibus
1147 1297 1280 1386 probat,
1294 1302 1345 1365 vel
1358 1304 1455 1368 certis

383 1398 581 1486 argumentis
597 1401 738 1462 refutare
752 1398 846 1462 solet.
859 1399 1011 1487 Denique
1025 1421 1112 1465 unus
1128 1402 1183 1467 ille
1196 1403 1349 1470 Nicolaus
1361 1408 1453 1472 Alar-

382 1504 444 1568 dus
462 1520 610 1593 repertus
628 1519 679 1568 est
693 1519 768 1592 post
781 1526 837 1585 ea,
851 1505 972 1591 quibus
988 1505 1103 1570 orbem
1116 1507 1284 1576 illustravit
1298 1535 1453 1603 magnum

382 1609 464 1674 illud
481 1610 610 1690 lumen,
627 1623 791 1696 tempora,
812 1609 869 1696 qui
883 1609 1057 1692 usonem,
1068 1628 1103 1676 at
1118 1635 1217 1700 qarorn
1230 1615 1359 1682 viram!
1383 1636 1452 1686 tan

382 1714 510 1780 infamis
527 1714 624 1804 plagii
643 1735 735 1778 reum
753 1735 851 1778 ausus
871 1715 971 1782 fuerit
992 1738 1104 1805 agere,
1126 1734 1254 1784 etcum
1277 1723 1331 1787 tali
1350 1725 1452 1790 heroe

380 1822 529 1909 ineptum
551 1820 643 1884 illum
668 1821 884 1910 magistellum
906 1845 1111 1911 componere.
1134 1824 1286 1891 Grotium
1303 1830 1449 1916 quasdam

380 1945 569 1994 mutuatum
586 1928 627 1993 ab
640 1929 709 1993 aliis
726 1951 824 1993 nemo
842 1928 1024 2013 inficiatur3
1039 1929 1095 1996 sed
1114 1931 1180 1997 hoc
1191 1935 1346 2000 omnibus
1359 1959 1450 2001 com·

381 2058 482 2103 mune
507 2034 662 2100 eruditis:
682 2033 736 2098 hic
760 2057 838 2099 vero
855 2035 963 2123 agitur
981 2035 1022 2099 de
1045 2041 1299 2121 commentario,
1324 2042 1359 2105 in
1382 2065 1450 2130 quo

381 2141 462 2206 nihil
487 2141 538 2204 vel
557 2139 749 2228 paucissima
771 2137 821 2202 ab·
833 2154 966 2202 auctore
987 2141 1145 2226 profecta,
1167 2142 1225 2208 sed
1242 2144 1450 2212 dissimulatis

380 2249 446 2312 fere
462 2244 668 2325 auctoribus,
683 2244 795 2308 omnia
816 2268 835 2308 a
858 2245 962 2333 capite
981 2244 1024 2310 ad
1046 2248 1165 2311 calcem
1183 2249 1273 2314 furto
1293 2267 1327 2316 et
1340 2252 1450 2342 plagio

378 2353 521 2417 sublecta
542 2373 611 2415 esse
635 2349 935 2437 deprehenduntur.
960 2351 1036 2416 Haec
1056 2352 1145 2418 labes
1165 2377 1185 2418 a
1199 2356 1332 2439 Grotio,
1352 2374 1386 2420 et
1406 2359 1449 2422 ab
1518 2411 1525 2424 .

378 2458 532 2523 omnibus
551 2456 767 2544 ingenuarum
787 2456 906 2520 artium
928 2457 1110 2522 cultoribus
1128 2460 1226 2550 longe
1242 2461 1343 2527 abest.
1356 2464 1451 2528 Alte-

378 2589 452 2630 rum
466 2587 543 2628 vero
560 2561 734 2628 ridiculum
754 2579 821 2646 est,
844 2563 935 2651 qnod
952 2563 1058 2647 addit,
1075 2564 1223 2631 Crenium
1242 2567 1453 2636 Brouckltusii

371 2667 476 2757 fidem
492 2669 623 2734 dubiam
629 2668 706 2758 jcrm
720 2667 984 2755 dredrunseeisse:
1004 2691 1065 2734 nec
1080 2671 1145 2735 hoc
1162 2695 1296 2755 verum3
1315 2697 1391 2738 nam
1410 2679 1444 2740 in

375 2779 428 2843 illa
444 2775 640 2842 deFuribus
652 2774 804 2839 Librariis
820 2774 1060 2857 dissertatione,
1074 2777 1336 2845 Brouckhusium
1352 2800 1445 2846 vocat

379 2883 532 2963 Cronius,
542 2879 684 2945 omnibns
699 2879 950 2946 lamnksrinum
965 2897 1125 2946 auctorem
1142 2899 1174 2947 et
1188 2887 1325 2950 museum
1342 2909 1442 2966 suum,

378 2990 525 3077 nihilque
544 2987 580 3051 in
596 3009 637 3050 eo
653 2986 779 3074 culpat,
802 2985 865 3050 nisi
881 2986 972 3074 quod
990 2985 1115 3052 furtum
1132 2989 1242 3053 Alardi
1261 3015 1300 3055 ex
1315 2993 1443 3056 Canteri

378 3097 497 3162 Novar.
513 3094 601 3158 nect.
620 3090 677 3156 lib.
697 3091 764 3172 ΙΙΙ,
785 3090 841 3171 26,
855 3113 923 3154 non
946 3093 1103 3179 reperisse
1118 3115 1153 3157 se
1168 3093 1306 3160 affirmet
1326 3097 1359 3160 in
1385 3119 1443 3162 sua

377 3200 518 3264 editione
538 3195 709 3261 Basileensi
725 3193 827 3260 1566:
846 3193 902 3259 sed
919 3196 988 3260 haec
1001 3197 1127 3278 Crenii,
1145 3221 1212 3263 non
1229 3200 1443 3267 Brouckhusii

376 3306 490 3393 culpa,
506 3302 540 3366 ‚si
559 3301 647 3365 enim
670 3301 859 3388 inspexisset
877 3301 1002 3366 tertiam
1028 3301 1205 3368 editionem
1227 3306 1355 3378 Canteri
1371 3307 1442 3371 No·

375 3433 487 3476 varum
504 3407 697 3472 Lectionum
710 3405 799 3493 apud
821 3405 960 3472 Plantin.
977 3406 1079 3494 1571,
1101 3409 1232 3497 vidisset
1245 3411 1364 3475 librum
1381 3429 1443 3476 ter-

375 3517 457 3580 tium
477 3535 543 3578 non
562 3511 735 3591 undecim,
748 3511 806 3576 sed
820 3533 888 3575 uno
903 3527 936 3574 et
951 3512 1084 3600 triginta
1097 3515 1255 3602 capitibus
1273 3532 1440 3602 constare,

374 3637 407 3685 et
422 3621 455 3684 si·
466 3618 551 3683 hanc
564 3616 742 3682 editionem
755 3615 889 3681 videndi
906 3617 999 3705 copia
1021 3641 1089 3682 non
1108 3619 1241 3704 fuisset,
1255 3623 1366 3687 saltem
1380 3624 1441 3688 Fa·

375 3749 448 3791 cem
463 3723 617 3788 Criticam
631 3723 801 3788 consulere
814 3721 995 3805 debuisset,
1011 3723 1046 3787 in
1060 3747 1159 3812 quam
1175 3728 1304 3792 Censori
1318 3727 1439 3794 librum

373 3854 413 3895 ex
425 3831 517 3895 tertia
534 3830 586 3894 illa
604 3828 748 3894 editione
766 3850 973 3916 expressum,
989 3846 1080 3894 tomo
1094 3833 1142 3896 111
1158 3833 1300 3920 reperire
1315 3836 1441 3922 potuis·

373 3952 430 4002 set.
461 3936 605 4000 Hoccine
624 3957 702 3999 vero
719 3950 769 3998 est
790 3932 887 3998 fidem
910 3934 1124 4000 Brouclrhusii
1147 3936 1279 4002 dubiam
1308 3940 1440 4006 lacere?

373 4064 458 4106 saum
472 4041 588 4105 mentis
604 4063 701 4104 nemo
716 4039 953 4128 itacolligeret3
966 4041 1046 4128 quid
1058 4033 1146 4106 enim
1156 4043 1170 4107 l
1182 4063 1224 4106 an
1240 4067 1280 4108 eo
1301 4046 1435 4130 in‘loco,

372 4148 430 4214 u'bi
451 4147 591 4212 amicum
611 4167 709 4210 suum
734 4145 1124 4229 vocatssrouclrhusium,
1146 4130 1245 4214 simul
1266 4169 1299 4216 et
1317 4153 1386 4233 ejus
1403 4153 1438 4217 fi-

373 4252 491 4320 demin
507 4251 725 4340 suspicionem
739 4251 878 4317 Cr'en'ius‘
891 4252 1042 4318 vocaret?
1059 4275 1159 4342 apage
1169 4255 1254 4322 hanc
1262 4259 1434 4347 malignam
