3196 5120
394 455 787 523 ARGONAUTICON
816 459 902 524 LIB.
926 460 973 524 Il.
1156 465 1215 542 143

189 595 292 658 Frena
313 605 421 656 tamen
439 591 678 680 dominumque
694 593 786 675 velit,
800 595 827 657 si
841 595 976 660 martius
991 619 1084 661 aures

189 708 334 788 Clamor,
349 721 381 770 et
393 705 486 770 obliti
506 729 619 771 rursus
637 705 747 796 fragor
763 709 895 797 impleat
915 711 995 775 teris.

188 825 282 887 Tunc
298 823 412 911 Argon
429 820 627 910 Tiphynque
643 837 752 903 vocat,
762 824 941 914 pelagoque
960 828 1065 914 parari
1179 850 1217 902 ιφ

188 937 386 1025 Praecipitat3
399 936 481 1024 petit
493 936 618 1026 ingenti
639 935 779 1000 clamore
799 939 950 1026 magister

187 1055 303 1134 Arma,
325 1039 412 1117 viros
428 1053 564 1139 pariter,
577 1075 771 1141 sparsosque
789 1054 825 1117 in
841 1054 935 1118 litore
954 1077 1071 1122 remos.

231 1169 387 1234 Exoritur
404 1191 510 1234 novus
523 1169 606 1233 urbe
621 1167 730 1252 dolor,
749 1170 964 1258 planctusque
981 1195 1041 1260 per
1060 1196 1172 1239 omnes

187 1285 217 1350 It
228 1284 325 1349 facies
339 1284 472 1372 antiqua
488 1282 621 1368 domos3
639 1285 701 1350 sibi
719 1285 838 1350 moenia
852 1287 958 1373 linqui

188 1400 238 1464 En
252 1400 390 1481 iterum3
408 1397 578 1488 ecquando
593 1415 747 1463 natorum
764 1415 925 1488 tempora,
940 1417 1070 1492 gentem
1177 1422 1217 1474 ³9⁵

190 1515 256 1598 Qui
272 1515 435 1595 recolant,
450 1516 508 1602 qui
522 1529 646 1604 sceptra
663 1515 798 1604 gerant?
811 1537 901 1580 nunc
917 1517 1009 1582 triste
1026 1517 1174 1584 nefandae

192 1629 305 1694 Noctis
323 1651 424 1718 opus,
438 1627 529 1694 vidui
545 1650 635 1693 nunc
650 1628 703 1692 illa
717 1606 844 1693 silentia
859 1630 936 1693 tecti

190 1744 277 1808 Saeva
292 1743 414 1833 magis,
432 1743 590 1808 thalamos
609 1763 808 1831 excussaque
822 1743 927 1808 vincla
944 1745 1034 1832 quod
1050 1767 1135 1810 ausae

190 1857 347 1940 Induere,
363 1875 462 1946 atque
477 1858 597 1922 iterum
612 1858 690 1921 tales
707 1856 877 1922 admittere
895 1881 999 1924 curas.

192 1976 267 2063 Ipsa
283 1996 417 2063 quoque
432 1974 611 2063 Hypsipyle
625 1974 752 2038 subitos
765 1997 825 2063 per
839 1975 934 2039 litora
951 1999 1064 2041 cursus
1180 2006 1219 2048 ιω

190 2091 235 2154 Ut
252 2090 351 2172 vidit,
364 2105 498 2178 totaque
510 2090 598 2153 viros
617 2090 774 2156 decedere
790 2092 933 2173 Lemno,

177 2303 232 2365 394.
245 2303 366 2366 Etsacies.
376 2301 451 2347 Vatic.
465 2301 556 2347 Bouon.
572 2301 638 2347 Csrr.
652 2299 721 2348 codd.
738 2300 829 2346 solenni
846 2279 921 2364 lapsu.
937 2305 1027 2349 Boron.
1044 2305 1054 2349 l
1070 2313 1094 2350 et
1108 2307 1137 2352 ll.
1153 2307 1218 2355 Gerr.

149 2383 238 2430 coelat
253 2384 324 2438 solet,
341 2383 401 2430 male
412 2391 524 2442 sequutus
537 2390 578 2428 est.
598 2407 629 2416 -
649 2381 703 2441 395.
722 2383 753 2426 Et
768 2382 869 2443 quando.
881 2381 957 2430 Vatic.
969 2386 1058 2430 Boron.
1071 2387 1135 2433 Cere.
1150 2388 1220 2434 codd.

149 2465 236 2510 Boron.
246 2463 266 2509 Ῑ.
276 2489 307 2498 -
318 2463 373 2524 396.
381 2463 481 2524 negant.
488 2463 553 2508 Cerr.
564 2460 618 2508 cod.
628 2461 730 2506 uorandi
742 2461 860 2524 cupidine.
876 2488 903 2498 -
918 2463 973 2524 398.
983 2467 1051 2511 Soevs't
1060 2481 1135 2522 amor,
1145 2467 1221 2514 etata-

149 2558 203 2589 mos.
211 2544 275 2590 Carr.
285 2541 338 2590 cod.
348 2558 390 2588 seu
398 2523 478 2604 potine
486 2540 547 2588 male
559 2539 655 2587 feriatus
671 2551 797 2588 corrector.
807 2568 838 2577 -
853 2541 908 2604 399·
922 2543 1034 2591 Imhuere.
1046 2544 1122 2594 codd.
1131 2555 1156 2593 et
1164 2547 1219 2594 edd.

149 2623 253 2668 Induere.
266 2621 366 2668 Zinzerl.
376 2629 400 2666 et
411 2619 491 2665 Heius.
503 2619 547 2664 En.

154 2809 240 2863 Aliam
262 2805 306 2862 elii
322 2807 393 2860 viam
407 2805 519 2876 ingressi
540 2815 610 2856 sunt.
622 2803 665 2856 Ill.
709 2807 800 2870 linqui,
811 2803 941 2858 desertm
953 2805 1164 2875 fore,eeqaando
1173 2811 1222 2864 ali·

150 2887 270 2963 Heynius
278 2889 306 2940 iu
315 2887 395 2940 Obse.
403 2885 439 2939 ad
446 2883 586 2938 Tibullum
596 2920 603 2947 ,
614 2883 664 2948 IV,
709 2881 854 2954 quandone
864 2899 977 2936 aaronem
990 2901 1111 2954 tempora,
1123 2905 1221 2957 gentem

151 2969 178 3032 1,
188 2986 221 3036 9¹
233 2987 278 3040 ‚p.
290 2983 355 3034 192,
366 2964 410 3018 ed.
423 2983 476 3018 sec.
485 2963 564 3036 jungi
572 2962 660 3036 jubet:
709 2965 880 3028 quireeolanr,
889 2973 999 3016 ventura
1007 2963 1059 3017 ieie
1067 2985 1222 3023 evanescere

153 3053 226 3102 Terre
229 3050 382 3117 juvasbrevis
389 3046 436 3108 ,h.
446 3063 471 3098 e.
480 3043 566 3115 exigui
576 3036 663 3114 campi
706 3059 782 3112 spem
792 3041 984 3112 filiorum,qui
994 3043 1112 3097 sobolem
1123 3046 1221 3100 civium
1294 3069 1297 3075 ·

151 3145 256 3200 pascum
270 3133 300 3178 Ia
310 3131 383 3179 loros
392 3127 460 3177 orbes
467 3128 542 3193 piger
553 3125 661 3191 angien,
707 3121 837 3174 reficiant.
851 3122 910 3174 Jem
930 3139 998 3176 saeva
1019 3123 1065 3176 illa
1081 3145 1150 3190 nox,
1168 3147 1221 3199 qua

151 3205 179 3260 h.
194 3227 218 3261 e.
232 3207 313 3278 longa
324 3204 426 3259 desidie
439 3206 556 3266 fractus,
571 3202 662 3274 siquis
707 3201 814 3254 maritos
839 3201 1047 3270 interfecerant,
1071 3208 1222 3276 thalarne'que

151 3285 291 3351 insederit,
303 3287 348 3338 rix
361 3284 396 3339 ad
406 3284 554 3338 naturalem
564 3281 662 3334 flexum
707 3286 804 3335 silentes
817 3283 853 3335 ob
863 3284 954 3336 oculos
965 3295 1113 3349 venantum
1128 3299 1154 3340 et
1167 3305 1222 3358 pte-

154 3367 177 3420 ei
189 3367 235 3420 ille
252 3367 426 3437 obtemperet.
708 3381 770 3416 nam
781 3382 809 3416 se
820 3363 943 3428 daturas,
958 3363 1031 3435 quod
1042 3385 1151 3417 excussa
1160 3370 1218 3418 vin-

188 3447 250 3514 389.
277 3452 358 3498 Frena
385 3460 464 3496 tamen
493 3446 666 3510 dondnumque
710 3447 750 3494 ola
761 3444 880 3516 conjugii
893 3448 974 3496 &nuo
983 3447 1118 3506 induerint,
1130 3465 1223 3500 novae·

154 3529 225 3589 cette,
233 3526 387 3599 utprimum
394 3523 536 3578 clamorem
542 3521 667 3575 bellicum
710 3541 763 3594 que
773 3523 836 3578 inde
843 3541 921 3577 curas
931 3535 1010 3596 atque
1017 3524 1150 3579 molestiae
1161 3543 1224 3579 con-

153 3608 297 3680 tubemque
312 3600 667 3675 audit.1taqueJaton,uti
710 3603 853 3667 traxerint,
869 3621 958 3657 seeum
976 3616 1109 3674 reputant,
1127 3635 1163 3646 —-
1174 3605 1225 3659 Pro

153 3698 228 3742 antea
248 3705 348 3758 equum
376 3683 511 3747 desidem,
536 3683 574 3734 ita
594 3699 667 3733 nune
711 3685 780 3742 tecti,
794 3681 918 3736 Heinsius
931 3683 1007 3736 malit
1020 3688 1084 3736 lecti.
1099 3685 1152 3738 En.

154 3765 243 3820 denuo
271 3765 387 3820 alacrem
416 3764 545 3824 imitatur,
573 3766 667 3830 Argum
747 3767 808 3824 400.
825 3761 970 3834 Hypsipyle
987 3763 1043 3832 ipsa
1058 3764 1183 3836 ingemit,
1197 3781 1224 3822 et

158 3850 298 3915 Tiphynque
312 3861 400 3907 vocat,
413 3857 439 3898 et
452 3842 487 3896 ad
497 3842 599 3896 abitum
610 3859 668 3892 om·
711 3839 818 3893 blandis
831 3842 919 3894 verbis
932 3841 1076 3896 sollicitum
1083 3842 1116 3897 de
1127 3846 1224 3900 Jesone

155 3926 198 3978 nia
214 3926 289 3997 jubet
304 3926 402 3998 parari.
712 3919 832 3972 animum
846 3921 953 3992 promit.
977 3929 1067 3975 Iamne
1083 3929 1163 3992 primo
1185 3947 1225 3979 se·

191 4006 252 4074 393.
269 4005 359 4058 Novus
375 4004 439 4058 inde
457 4003 484 4057 in
507 4001 572 4054 urbe
590 3997 668 4054 dolor
712 4017 788 4060 reno,
801 4001 848 4054 ubi
862 4001 906 4054 rix
920 4002 1046 4056 serenitas
1060 4005 1149 4078 aliqua
1162 4007 1226 4059 celo

161 4085 277 4139 exoritur
288 4123 296 4150 ,
307 4087 393 4155 facies
408 4091 522 4154 planceo
545 4085 665 4149 antiqua,
712 4079 836 4145 emicuit,
847 4085 967 4134 deducere
974 4120 983 4143 ‚
998 4080 1152 4148 demittere,
1164 4089 1225 4138 vela

157 4163 252 4218 eedem
270 4205 278 4232 ,
294 4183 353 4238 quas
366 4178 443 4219 antea
453 4162 564 4217 tristitiae
577 4162 668 4233 signat
713 4158 820 4230 cupiat,
831 4179 906 4228 care,
917 4164 998 4213 eariras
1010 4161 1078 4217 adeo
1081 4179 1156 4232 parre
1164 4183 1225 4217 meo

156 4245 395 4315 sibi,nseqnomtlo
410 4243 572 4308 mo,urbem
581 4241 670 4294 denuo
715 4250 813 4308 capnt?
