3192 5128
387 527 647 600 PRAEFATIO
677 530 929 602 SECUNDA.
1082 559 1193 608 cxxnt

108 682 229 725 omnes
246 657 357 737 docti,
383 659 496 748 quiin
519 661 656 748 poetice
675 662 751 726 artis
772 683 887 728 arcana
910 679 1141 753 penetrarunt,
1161 679 1193 734 et

110 788 258 854 quoram
283 767 469 831 testimonia
490 789 510 830 a
530 765 625 830 nobis
650 767 783 832 collecta
808 766 906 832 fidem
930 769 1064 834 facienti
1083 773 1190 862 Argu·

110 887 265 936 mentum
290 894 391 946 vero,
417 870 508 960 quod
531 871 594 936 sibi
618 873 758 960 sumpsit
780 874 1005 942 exornandum
1026 875 1190 964 Valerius,
1227 885 1236 905 ⁸

110 994 192 1044 sunt
199 977 438 1067 Argonautica,
452 978 520 1042 sive
532 978 637 1066 prima
647 978 700 1042 illa
712 979 824 1042 militia
835 981 955 1044 navalis
966 1029 975 1062 ,
988 1003 1061 1069 quae
1072 982 1112 1047 ab
1128 975 1188 1048 anss

113 1085 213 1172 aquis
229 1085 335 1173 poetis
353 1085 511 1150 celebrata
529 1105 657 1150 summa
672 1087 885 1153 contentione
904 1087 987 1171 fuit,
1003 1105 1042 1154 ut
1055 1092 1090 1154 in
1106 1115 1190 1180 prae·

113 1191 238 1256 iatione
257 1190 362 1279 prima
384 1189 537 1255 diximus.
555 1192 640 1255 Iove
654 1211 733 1256 vero
746 1192 812 1256 boc
828 1206 860 1257 et
875 1193 991 1257 inutile
1003 1195 1109 1262 visum
1129 1197 1208 1262 fuit'

115 1295 312 1384 quibusdam
333 1313 585 1386 argumentum,
607 1319 668 1362 nec
690 1296 848 1388 dignum,
869 1300 904 1364 in
924 1321 994 1387 quo
1017 1321 1132 1390 magna
1154 1325 1190 1367 se

114 1418 302 1468 exercerent
319 1403 471 1492 ingenia:
497 1403 584 1468 inter
604 1425 688 1490 quos
709 1403 894 1472 Ludovicus
917 1405 1028 1487 Vives,
1047 1405 1103 1471 lib.
1125 1405 1190 1491 Ill,

114 1507 348 1575 deTradendis
370 1506 548 1598 disciplinis
564 1508 649 1572 circa
667 1507 783 1591 finem,
800 1510 969 1592 censorio,
992 1531 1090 1598 quem
1107 1533 1192 1601 saepe

113 1616 231 1696 sumit,
248 1613 353 1692 fauo,
370 1613 465 1678 talem
483 1612 524 1678 de
543 1614 650 1702 poetis
668 1615 786 1679 nostris
799 1615 1025 1705 Argonauticis
1043 1617 1105 1681 lert
1121 1639 1194 1683 sen·

114 1721 269 1786 tentiam:
284 1719 321 1783 V
316 1719 452 1784 chriam
463 1719 637 1799 Flaccum,
655 1735 692 1784 ut
705 1719 911 1808 Apollonium
928 1721 1088 1788 Rhodium
1095 1771 1105 1804 ,
1124 1745 1188 1788 non

115 1827 209 1892 victe
225 1826 311 1916 quid
324 1825 462 1892 autum
472 1824 554 1912 logi,
570 1826 664 1915 quoti
673 1825 756 1890 aittt
764 1829 819 1908 sit,
839 1827 873 1892 t'n
883 1826 972 1915 quod
984 1842 1104 1916 tempus
1114 1851 1189 1892 con·

114 1935 371 2022 sumaturpota'us
382 1954 395 1996 .·
405 1953 469 1996 non
487 1945 554 1996 tam
572 1931 719 2013 numm,
734 1931 934 1996 veleamus
948 1931 1005 1996 vel
1020 1933 1190 1998 dutum

114 2039 275 2128 inprobo,
289 2059 388 2127 quom
405 2039 584 2126 argwnenta'
597 2035 766 2102 levitatem.
784 2036 848 2102 Sed
870 2037 897 2101 si
920 2038 1063 2102 carmina
1083 2054 1116 2103 et
1137 2037 1189 2103 di·

113 2146 256 2210 ctionem
271 2145 391 2234 probet
406 2143 512 2226 Voss,
530 2160 564 2209 et
587 2145 656 2210 sola
673 2145 857 2236 argumenti
872 2144 983 2210 levitas
1001 2143 1187 2233 displiceat,

116 2253 169 2340 ‘1¹¹5
185 2253 314 2341 l'lwllre
329 2253 491 2317 Ηθῐῑὶθῐτῑε
507 2252 626 2340 possit,
643 2273 710 2317 non
727 2252 842 2334 video,
859 2275 958 2340 quem
972 2267 1080 2317 temen
1093 2253 1189 2318 rebe·
1302 2277 1305 2289 ¹

115 2373 242 2422 menter
256 2356 484 2439 commendat,
503 2373 537 2422 et
554 2359 688 2440 merito,
706 2359 816 2437 Vives,
834 2381 895 2422 nec
909 2381 1066 2448 magnum
1081 2376 1188 2424 vatem

116 2463 296 2546 obnectat,
319 2465 412 2551 qtmsi
434 2464 544 2528 minus
566 2475 662 2554 grave
685 2481 916 2554 argumentum
941 2467 1002 2530 sibi
1027 2467 1185 2557 elegisset.

115 2569 184 2635 Nisi
205 2567 299 2658 quod
319 2567 360 2633 do
383 2585 526 2658 utroque
548 2591 648 2656 opere
666 2571 858 2657 pronuntiet
875 2571 961 2635 hanc
976 2572 1188 2656 sententiam3

116 2675 259 2740 Alterum
267 2673 380 2763 (Ilias)
392 2674 550 2756 eduum,
562 2671 885 2762 alterum(0dyssea)
895 2674 1050 2740 callidum
1059 2699 1071 2738 .·
1080 2662 1185 2740 ηὶιιίια

105 2781 178 2846 'ooo
190 2783 267 2844 satis
279 2780 377 2870 probi
392 2779 534 2869 exempli
546 2782 722 2859 continent,
740 2793 855 2869 etque
868 2780 909 2843 dc
924 2794 1042 2844 nutura
1057 2803 1182 2863 rerum,

116 2899 146 2952 at
161 2887 312 2952 tamarae
326 2889 457 2974 ntnhgit
472 2881 630 2966 moribus,
647 2899 838 2975 torquentur,
860 2904 1055 2975 quocumque
1070 2901 1117 2950 est
1133 2890 1188 2949 vi-

116 3014 181 3058 sum
193 2994 250 3072 iis,
265 2991 325 3080 qui
334 2989 526 3078 vatifavent
537 2987 711 3055 immodice.
728 2987 776 3059 An
790 3012 868 3054 vero
883 2990 1190 3080 graviusargumen·

117 3113 184 3162 tum
201 3096 313 3162 Iliadis
330 3095 433 3161 videri
454 3112 581 3186 potest,
598 3117 666 3184 quo
689 3096 736 3162 ira
758 3096 811 3160 illa
830 3095 980 3177 Achillis,
998 3107 1031 3160 et
1046 3094 1124 3160 inde
1139 3111 1192 3160 tot

117 3203 196 3268 mala
212 3221 246 3267 et
262 3202 457 3266 calamitates
473 3217 552 3266 crue
569 3201 797 3267 celebrantur?
812 3203 863 3266 An
885 3200 980 3264 etiarn
997 3213 1123 3266 errores
1142 3201 1188 3265 illi

117 3309 243 3398 Ulyxis,
263 3331 348 3397 quos
362 3308 543 3398 posteritati
561 3308 688 3374 tradere
707 3325 793 3373 certe
808 3309 890 3373 tanti
909 3328 976 3371 non
996 3321 1124 3397 poterat
1141 3309 1189 3371 vi-

115 3414 201 3497 deri,
217 3415 349 3506 gravium
370 3431 599 3506 argumentum
616 3413 718 3479 videri
734 3430 860 3503 potest,
878 3425 976 3503 quani
992 3415 1097 3503 prima
1115 3415 1187 3497 illa,

116 3545 186 3609 quae
209 3522 310 3586 maria
334 3521 479 3610 aperuit,
502 3538 535 3586 et
557 3541 634 3585 cum
652 3511 875 3584 remotissimis
900 3521 1051 3609 gentibus
1074 3537 1190 3585 mutua

116 3628 310 3692 commercia
326 3625 496 3692 exercendi
513 3627 598 3690 viam
614 3627 785 3714 patefecit,
805 3625 990 3716 navigatio?
1009 3629 1104 3691 Certe
1121 3650 1188 3715 quo

116 3734 207 3798 altius
230 3749 378 3822 repetere
397 3755 508 3796 rerum
529 3733 725 3813 illustrium,
744 3747 776 3796 et
796 3731 952 3819 temporis
971 3731 1110 3821 mythici
1120 3733 1190 3820 pri·
1260 3817 1264 3825 ἵ

116 3837 241 3904 mordia
258 3853 412 3928 poterant
432 3855 557 3927 poetar,
574 3859 613 3903 eo
630 3837 783 3903 nobiliori
805 3839 839 3901 in
861 3853 1054 3928 argumento
1070 3839 1190 3904 versari

114 3943 249 4010 luerunt
259 3945 335 4026 visi,
350 3961 383 4010 et
396 3945 499 4010 lacem
510 3994 520 4027 ,
533 3946 610 4010 licet
622 3945 768 4010 nubilam
781 3959 813 4007 et
826 3945 1016 4026 obscuram,
1028 3943 1190 4008 historicae
1280 4007 1281 4011 ,

115 4051 238 4116 veritati
259 4049 421 4138 preferre.
441 4051 525 4114 Nam
546 4051 586 4114 ab
611 4050 828 4140 Argonautica
851 4047 1056 4138 expeditione
1073 4050 1188 4115 seriem

117 4159 206 4244 quasi
223 4157 367 4222 historias
381 4158 511 4221 contexi
529 4157 695 4238 videmus,
714 4178 785 4244 quac
802 4155 920 4220 deinde
936 4177 994 4244 per
1009 4155 1189 4220 thebanum

116 4279 146 4326 et
161 4264 327 4344 nolanum
346 4264 488 4347 bellum,
505 4264 545 4328 ad
562 4265 701 4353 origines
722 4264 789 4327 lere
806 4263 955 4328 omnium
971 4263 1136 4327 civitatum
1155 4277 1188 4324 et

1026 4369 1056 4432 t.
