3192 5128
425 473 684 544 PRAEFATIO
714 475 966 548 SECUNDA.
1114 502 1235 548 cxxvu

146 599 348 666 refellendis
363 617 491 689 tempus
504 617 608 666 terere
625 602 803 685 nonlicet,
822 627 926 692 quum
947 629 985 672 ea
1005 629 1072 670 non
1089 607 1235 672 certiori·

145 708 213 772 bus
230 709 337 773 nobis
347 710 547 799 argumentis
561 710 658 776 inniti
671 711 853 794 videantur,
866 737 964 802 quarn
979 731 1094 780 eorum
1108 715 1236 782 ridiculi

145 831 318 897 conatus,
335 815 393 904 qui
409 816 561 898 Homeri,
579 833 613 882 et
626 817 753 908 Virgilii
771 821 932 903 carmina,
949 821 1089 886 ecclesiae
1101 821 1238 902 judaice

145 935 181 986 et
195 923 393 989 christianae
408 924 548 1012 speciem
566 941 599 989 et
616 926 680 990 fata
694 927 847 991 exhibere
860 944 938 993 sunt
954 931 1150 995 commenti:
1167 931 1236 1018 pla·

145 1045 252 1094 ceant
279 1030 331 1094 bis
353 1030 534 1120 nugacibus
551 1030 702 1096 ludibriis
717 1032 886 1115 homines,
910 1034 966 1122 qui
988 1034 1058 1099 otio
1079 1033 1237 1101 abutendi

22 1162 23 1174 ¹
146 1149 311 1224 tempore
325 1135 514 1202 abundant:
534 1157 595 1202 nos
610 1136 770 1202 solidioris
784 1137 941 1203 doctrina
957 1140 1066 1228 copias
1083 1141 1236 1205 01111010-

147 1263 227 1306 rum
244 1243 378 1331 scriptis
393 1241 551 1331 parandas
563 1265 632 1308 esse
648 1265 830 1325 censemus,
841 1259 874 1308 et
887 1267 926 1310 ex
941 1245 1003 1310 hac
1018 1245 1235 1335 expeditione,

148 1360 278 1431 praeter
298 1345 404 1422 illam,
423 1367 522 1432 quam
541 1367 580 1410 ex
601 1345 735 1433 poetice
754 1346 832 1410 artis
852 1346 1008 1436 elegantia
1026 1363 1060 1412 et
1079 1350 1238 1412 sermonis

149 1450 251 1514 latini
276 1465 466 1531 venustate,
490 1451 688 1539 voluptatem
715 1450 882 1539 capimus,
899 1454 1026 1541 antiqui
1050 1469 1083 1518 et
1107 1454 1237 1519 obscuri

149 1557 212 1619 011
230 1577 289 1620 res
306 1567 409 1646 gestas
425 1570 459 1620 et
474 1555 655 1644 priscorum
673 1558 818 1621 virorum
835 1557 917 1622 facta
933 1559 1126 1646 repetenda,
1142 1559 1237 1624 01111-

151 1664 300 1752 ligenter
315 1661 473 1752 exigenda
488 1685 559 1728 esse
573 1663 779 1728 arbitramur.
797 1665 881 1728 Nam
904 1665 989 1754 hanc
1011 1666 1158 1730 militiam
1179 1665 1236 1731 he-

153 1791 278 1850 roum,
299 1789 398 1856 quam
413 1767 560 1832 Valerius
583 1783 711 1851 noster,
731 1783 764 1833 et
785 1769 955 1858 Orpheus,
974 1785 1007 1834 et
1020 1771 1238 1859 Apollonius,

154 1895 225 1938 una
243 1874 319 1937 uari
334 1875 441 1963 Argo,
458 1873 577 1938 obiisse
594 1889 736 1956 canunt,
755 1875 854 1939 baisse
872 1897 981 1940 10111111
995 1875 1234 1964 expeditionem

156 1979 311 2044 bellicam
322 1978 503 2061 eredimus,
517 1980 695 2068 pluresque
709 1979 809 2044 luisse
822 1981 928 2045 socios
943 1997 976 2046 et
989 1981 1125 2064 milites,
1138 2004 1237 2070 quam

156 2084 399 2172 quinquaginta
412 2083 485 2148 illos
498 2087 723 2174 Argonautae,
739 2107 837 2150 nares
853 2085 949 2150 etiam
966 2087 1092 2176 plures,
1107 2103 1238 2175 prseter-

158 2211 225 2277 que
243 2205 374 2278 raptum
391 2187 515 2253 Medeae
532 2204 566 2253 et
586 2190 731 2272 velleris,
753 2191 814 2255 alia
836 2191 933 2255 etiam
954 2191 1056 2280 egisse
1072 2191 1106 2255 in
1123 2192 1236 2256 vicinis

158 2295 312 2360 Colcbidi
325 2296 514 2385 regionibus
530 2295 591 2360 bos
604 2313 718 2362 nautas
732 2321 889 2387 magnos,
905 2297 962 2362 sed
976 2321 1044 2386 quo
1055 2299 1235 2379 1110101111-

159 2403 239 2467 tutis
255 2418 342 2467 esset
356 2401 544 2483 admiratio,
563 2418 675 2491 poetas
696 2404 805 2467 omnia
829 2403 863 2466 in
880 2403 1043 2492 principes
1055 2404 1235 2485 juventutis

159 2531 270 2598 geere
282 2508 476 2592 contulisse,
490 2530 631 2595 quorum
646 2525 684 2571 ut
696 2508 809 2588 majori
824 2511 1032 2574 veneratione
1044 2510 1234 2574 memoriam

160 2613 282 2678 coleret
309 2614 498 2701 posteritas,
526 2613 704 2701 presertim
732 2614 912 2678 civitatium
934 2615 1077 2702 primarii
1101 2615 1235 2698 11100110,

161 2720 218 2807 qui
232 2719 276 2783 ab
290 2719 446 2784 heroibus
459 2719 521 2783 illis
537 2741 621 2807 soepe
637 2741 740 2808 genus
754 2743 851 2784 suum
871 2719 1095 2800 deducebant,
1114 2743 1170 2783 eos
1184 2743 1237 2784 so·

160 2827 210 2890 los
227 2827 299 2890 sine
318 2825 476 2890 militibus
500 2840 532 2889 et
548 2824 770 2908 adjutoribus,
791 2826 900 2890 omnia
923 2849 982 2913 per
1005 2849 1039 2889 se
1060 2827 1183 2913 egisse,
1204 2841 1238 2890 et

161 2957 227 2997 una
243 2934 318 2997 navi
336 2933 399 3000 iter
422 2950 529 2999 totum
555 2955 705 2998 emensos
721 2932 861 2998 finxisse.
878 2935 974 2997 Certe
994 2931 1182 2996 Eustalhius
1195 2931 1237 2997 ad

162 3038 299 3127 Dionys.
322 3038 450 3129 Perieg.
473 3059 520 3104 vs.
551 3038 637 3118 686,
661 3037 778 3121 tradit,
807 3041 1011 3128 Argonautas
1041 3038 1157 3102 multas
1186 3038 1237 3101 in·

162 3145 314 3210 struxisse
329 3167 446 3227 nares,
459 3161 491 3210 et
505 3144 662 3233 quasdam
676 3145 718 3210 ab
731 3145 770 3209 iis
783 3145 964 3225 aberrasse,
978 3167 1155 3232 earumque
1169 3167 1237 3208 ma-

162 3253 299 3340 gistros,
325 3252 468 3316 colonias
485 3250 688 3333 condidisse,
710 3265 749 3315 ut
765 3250 884 3340 aurigae
906 3251 1163 3331 Dioscurorum,
1178 3250 1236 3338 qui

161 3359 265 3446 gentu
288 3358 535 3423 Heniochorum
555 3374 588 3423 et
607 3357 866 3447 Tyndaridarum
888 3373 1036 3422 auctores
1054 3359 1163 3438 luere,
1179 3357 1237 3445 qui

163 3479 196 3526 et
214 3463 257 3527 de
270 3463 397 3530 Vellere
418 3486 455 3528 es
475 3462 590 3545 uadit,
607 3487 680 3551 quae
700 3461 802 3528 modo
822 3485 862 3527 011
880 3463 1069 3528 bartholino
1093 3465 1236 3528 narravi·

164 3591 246 3634 tuus.
267 3569 355 3634 Hinc
375 3569 428 3634 alii
451 3591 566 3634 00111111
590 3569 828 3658 navigationem
853 3591 920 3634 non
943 3569 1100 3634 Colchide
1123 3570 1237 3636 linive·

163 3691 261 3752 runt,
279 3675 337 3740 sed
357 3676 527 3740 Oceanum
547 3691 581 3741 et
600 3675 804 3762 Erythraeum
824 3697 913 3738 mare
930 3695 1115 3764 peragrasse
1133 3680 1240 3764 Argo-

165 3797 276 3846 nautas
293 3781 516 3864 tradiderunt3
540 3798 578 3847 ut
599 3780 729 3846 Pindar.
746 3782 843 3870 Pyth.
861 3783 918 3862 IV,
932 3781 1014 3862 4451
1034 3797 1067 3845 01
1088 3781 1239 3845 Herculis

164 3887 361 3976 expeditioni
389 3905 501 3952 contra
525 3891 705 3953 Amazonas
730 3887 894 3970 adfuisse,
925 3887 1024 3974 tradit
1051 3887 1239 3951 scholiastes

164 3995 293 4060 Pindos.
310 3995 408 4060 Nem.
426 3997 493 4077 111,
513 3997 575 4077 64;
595 4012 628 4060 01
644 3995 731 4059 idem
748 3994 789 4058 ad
803 3995 897 4084 Pyth.
913 3994 969 4075 IV,
991 3991 1047 4075 15,
1068 3993 1109 4059 ad
1125 3995 1234 4082 Syrtes

164 4101 258 4166 etiam
285 4102 469 4190 pervenisse
486 4104 550 4183 ait,
572 4103 675 4165 immo
698 4101 816 4178 luisse,
836 4101 892 4188 qui
913 4101 1077 4188 Europam
1103 4121 1236 4162 omnem

164 4209 454 4296 circumnavigssse
468 4207 764 4286 contendunthec
777 4208 827 4272 his
845 4223 1019 4272 contentus
1035 4207 1137 4272 olaus
1156 4203 1246 4296 llud-⁸
