3196 5120
374 540 432 604 182
674 541 709 602 C.
734 538 927 603 VALERll
955 538 1127 604 FLACCI

412 673 498 734 Aura
512 667 619 748 vehit;
638 666 776 756 religant
790 684 913 748 tonsas,
928 667 1066 754 veloque
1082 667 1303 749 Procnesson,

410 785 525 872 Teque
541 783 638 848 etiam
655 771 764 846 niedio
780 779 971 864 flaventem,
991 781 1187 862 Rhundace',
1201 799 1319 871 ponto,

413 901 676 987 spumosumque
691 897 806 988 legunt
823 901 921 962 l'raota
942 897 1127 986 Scylaeeion
1146 897 1243 962 unda.

413 1016 487 1101 Ipse
506 1011 593 1077 diem
614 1013 710 1102 longe
730 1012 871 1099 solisque
889 1012 1007 1076 cubilia
1024 1012 1148 1100 Tiphys

413 1128 580 1208 Consulit,
601 1129 669 1216 ipse
685 1143 787 1191 ratem
804 1142 903 1190 vento
921 1127 1086 1214 stellisque
1103 1126 1281 1208 ministratu

414 1248 520 1330 Atque
538 1243 629 1306 illum
645 1265 712 1306 non
728 1258 804 1305 ante
822 1263 922 1328 sopor
936 1242 1112 1332 luctamine
1126 1258 1222 1308 tanto

413 1358 507 1420 Lenit
522 1379 620 1446 agens
636 1355 748 1420 divum
766 1355 929 1443 imperiis;
946 1355 1032 1420 cadit
1046 1356 1146 1420 inscia
1165 1356 1254 1420 clavo
1321 1379 1323 1386 ’
1414 1384 1438 1424 a,

413 1475 574 1552 Dextera,
587 1471 794 1558 demittitque
812 1470 941 1552 oeulos3
960 1470 1124 1557 solataque
1145 1470 1261 1560 puppis
1338 1537 1340 1542 ,

413 1587 559 1650 Turbine
577 1585 677 1651 flectit
692 1586 771 1668 iter,
788 1601 951 1674 portuque
970 1586 1110 1650 refertur
1130 1586 1246 1650 amieo.

456 1703 502 1765 Ut
517 1701 603 1766 notis
620 1702 736 1789 allapsa
753 1698 860 1780 vadis,
881 1699 961 1764 dant
974 1700 1093 1764 aethere
1109 1701 1208 1788 longo

415 1816 511 1904 Signa
526 1815 631 1896 tubo,
647 1793 714 1880 'vot
731 1830 764 1879 et
780 1814 893 1881 mediis
912 1815 1027 1878 emissa
1046 1815 1206 1878 tenebris:

417 1928 551 1993 «Hostis
567 1928 667 1993 habet
679 1945 811 2018 portus,
830 1930 916 1994 soliti
932 1928 1056 1994 rediere
1074 1929 1232 2018 Pelasgi.»
1413 1957 1438 1997 ss

416 2045 523 2131 Rupta
540 2044 648 2131 quies;
662 2042 741 2108 deus
754 2045 928 2132 ancipitem
944 2043 1166 2131 lymphaverat
1183 2043 1316 2125 urbem,

414 2157 599 2247 Mygdonias
614 2160 682 2222 Pan
694 2159 782 2238 jussa
799 2161 906 2224 ferens
924 2158 1095 2224 saevissima
1111 2159 1246 2240 Matris;

405 2363 442 2410 35.
460 2363 575 2425 Ecoejam
586 2363 665 2410 medab.
677 2363 752 2410 vute.
765 2364 818 2410 ood.
827 2364 916 2411 vitiose.
926 2366 957 2410 Et
968 2375 990 2409 te
997 2363 1053 2426 jam
1064 2363 1144 2410 madro.
1154 2367 1245 2433 ¹Bonon.
1258 2365 1312 2412 eod.
1326 2369 1417 2415 Βοιιου.
1430 2370 1438 2411 l

375 2451 399 2487 ot
411 2443 443 2487 ll.
453 2445 517 2488 lunt.
528 2441 582 2488 stt.
598 2443 663 2490 Cart.
674 2444 705 2487 Et
715 2452 737 2487 ts
747 2445 823 2489 cuam.
836 2443 940 2490 Gronov.
949 2443 966 2489 l.
975 2444 991 2489 l.
1004 2451 1080 2500 -41,
1089 2443 1245 2508 Resolutaqae
1251 2446 1342 2508 puppis.
1351 2448 1438 2492 Boram

374 2521 427 2568 eod.
441 2537 485 2584 pro
496 2522 559 2568 rasit
572 2523 626 2568 lect.
638 2531 661 2568 ot
671 2523 725 2568 edd.
735 2533 789 2568 ante
801 2525 878 2570 surm.
889 2523 1008 2571 Resoluta.
1019 2523 1097 2571 Heius
1111 2525 1153 2576 lin.

377 2717 452 2773 leves,
475 2711 609 2783 placidos,
630 2731 728 2764 somnos
750 2729 898 2782 spargana-9
929 2713 1107 2785 pleonastieo,
1135 2727 1166 2766 ut
1192 2715 1345 2768 Graeeorutn
1369 2719 1438 2784 ὗχων·

378 2791 450 2844 renti
465 2791 502 2843 ita
511 2789 621 2846 secundi
630 2828 638 2855 ,
648 2807 674 2843 ut
686 2808 770 2856 tonsas
783 2797 887 2861 religent
930 2792 983 2846 vid.
994 2794 1044 2860 lv,
1060 2801 1109 2858 4¹¹
1119 2814 1126 2859 ;
1137 2795 1206 2856 Vll,
1225 2794 1291 2862 151)
1304 2796 1385 2848 άίνιιω
1396 2797 1441 2844 im-

377 2870 505 2944 remiges‚
519 2882 549 2924 ut
561 2870 640 2924 remis
655 2891 721 2943 opus
734 2890 789 2924 non
803 2884 885 2936 esset,
925 2876 1017 2940 pariis,
1034 2893 1047 2926 a
1060 2873 1109 2926 diis
1120 2873 1270 2936 immissust
1281 2877 1350 2924 cadit
1361 2875 1440 2924 inscia

377 2951 490 3022 solisque
507 2950 572 3004 velis
591 2951 698 3022 impulsi
716 2952 901 3022 proterreho,
930 2955 1000 3004 clavo
1013 2956 1103 3004 dextra
1118 2953 1257 3024 (potuisset
1269 2951 1360 3006 dicere
1371 2970 1378 3004 :
1388 2957 1440 3004 cla-

377 3041 436 3082 rent
451 3037 614 3092 l'rosnessoa,
631 3030 832 3096 Proconneson,
846 3031 887 3082 in·
931 3051 972 3082 vus
983 3035 1076 3084 excidit
1085 3036 1190 3094 ἅστινας
1201 3030 1247 3084 sed
1256 3029 1368 3102 perinde
1380 3042 1436 3084 est:

378 3110 462 3162 sulam
471 3109 637 3182 Propontidis
647 3149 654 3174 ,
665 3115 825 3164 lllundacum
834 3109 884 3164 flu·
928 3129 1019 3164 sensus
1028 3111 1099 3164 enim
1108 3123 1147 3164 est
1154 3110 1331 3180 reciprocuslt
1343 3115 1434 3169 solata,

380 3187 452 3240 rium
464 3225 472 3252 ,
482 3193 562 3242 medio
572 3193 645 3242 etiam
653 3193 882 3260 protestantium,
928 3189 1044 3243 desolata
1055 3227 1063 3252 ,
1078 3190 1127 3242 sibi
1138 3189 1248 3252 relicta,
1262 3191 1332 3240 navis
1345 3193 1440 3240 mihine

377 3267 424 3338 qui
433 3268 598 3339 aliquatenus
607 3269 685 3324 etiam
697 3289 745 3340 per
758 3287 831 3322 mare
839 3267 887 3323 fla·
920 3272 1062 3340 sbotitiser,
1075 3269 1101 3320 in
1113 3269 1204 3321 orbem
1214 3267 1311 3339 agitur,
1317 3282 1440 3336 portuque

380 3367 442 3400 vum
460 3358 530 3401 tenet
550 3348 684 3411 colorem,
702 3359 727 3400 et
744 3352 886 3413 Squaoeion
932 3349 1035 3414 refertur
1049 3349 1139 3398 moise.

380 3428 589 3496 promontorium
607 3431 676 3478 unda
687 3428 777 3495 fracta
789 3447 887 3495 apruno·
966 3427 1010 3490 43.
1026 3425 1076 3478 Vix
1090 3429 1162 3486 notis,
1176 3423 1257 3478 modo
1268 3423 1379 3487 relictis,
1392 3445 1442 3476 va·

380 3525 440 3567 sum,
451 3505 485 3558 ad
494 3506 566 3576 quod
573 3505 669 3558 fluctus
676 3507 753 3559 fracti
764 3525 887 3578 magnam
932 3508 969 3555 dis
985 3508 1084 3572 allapsa
1097 3515 1154 3556 erat
1163 3503 1344 3574 navis‚quum
1353 3507 1442 3554 aethm

377 3597 457 3656 agunt
468 3603 587 3655 spumam
594 3590 885 3655 ;german.Brandnng.
933 3587 1023 3650 longo,
1042 3583 1119 3653 longe
1141 3601 1188 3654 per
1205 3601 1267 3635 aera
1289 3580 1443 3634 audirentur

382 3733 386 3740 1
414 3665 458 3732 37.
469 3665 571 3736 Tiphys
583 3669 647 3716 diem
660 3669 767 3734 solisque
780 3670 883 3728 cubilia,
929 3662 999 3714 tuba
1020 3671 1046 3713 et
1062 3679 1112 3714 vox
1131 3660 1265 3714 horrenda
1283 3659 1394 3714 :Hostis
1416 3660 1442 3712 in

379 3760 502 3796 occasum
512 3743 588 3809 solis,
601 3749 716 3806 consulit,
729 3745 886 3808 semat,ob-
929 3740 1027 3811 portu!
1039 3739 1137 3792 adsunt
1146 3739 1259 3810 Pelasgi.
1274 3740 1353 3793 lustu
1369 3739 1439 3792 enim

379 3834 480 3886 servat,
490 3838 614 3891 ratemque
622 3841 698 3878 vento
707 3828 831 3894 stellisque
841 3829 886 3876 mi-
931 3823 1072 3888 tsi-gavata
1084 3824 1166 3872 Μή*
1177 3823 1188 3888 (
1194 3825 1271 3872 ldoea'
1281 3857 1289 3882 r
1298 3821 1342 3883 II,
1355 3818 1440 3886 536),

381 3906 483 3962 nistros,
500 3902 557 3954 vela
572 3916 662 3968 curat,
681 3916 762 3976 prout
774 3904 846 3960 venti
862 3914 888 3957 et
930 3899 1059 3972 Cybela,
1079 3902 1159 3952 mern
1179 3903 1311 3968 “mistim
1329 3901 1442 3964 ῙῙΜΡῙΜ·

379 3980 463 4033 sidera
479 3983 612 4052 postulant
622 4002 629 4046 ;
645 3985 699 4038 vid.
708 3984 813 4056 Virgilii
825 3986 886 4036 AEn.
931 3994 1009 4039 verat,
1022 3979 1128 4032 anxiam
1139 3978 1175 4032 ad
1184 3981 1301 4032 furorem
1312 3993 1397 4047 usque
1405 3978 1442 4030 el'·

379 4061 432 4122 v1,
444 4061 503 4114 302.
931 4060 1061 4112 seraverat
1067 4063 1225 4122 ,Pandem‚
1239 4076 1365 4110 nemorum
1378 4059 1444 4108 belli·

414 4141 458 4206 39.
470 4141 554 4211 Sopor
560 4142 645 4205 illum,
655 4142 740 4213 qualis
749 4160 886 4212 nunquam
922 4157 979 4204 *th
988 4149 1089 4204 potens,
1104 4138 1151 4208 qui
1162 4149 1187 4190 et
1196 4137 1343 4208 pastoribus
1356 4145 1382 4186 et
1397 4137 1444 4187 mi-

377 4220 441 4272 alias
451 4257 459 4283 ,
469 4232 528 4290 post
537 4241 653 4289 inagnum
667 4227 786 4274 tractamus
796 4221 886 4292 oppri·
931 4215 1020 4268 litibus
1033 4219 1162 4282 (estenim
1171 4219 1371 4289 etorpartoirnt·
1388 4215 1442 4270 vid.

377 4300 442 4362 tuit,
458 4305 517 4352 leun
536 4321 614 4369 ageres
632 4306 725 4370 (ageas
747 4300 886 4362 additum,
932 4298 1131 4369 LougiPastor,
1142 4299 1189 4354 lib.
1203 4301 1253 4363 lv,
1265 4311 1331 4354 extr.
1340 4320 1369 4372 p.
1385 4302 1443 4361 134,
