3116 5102
383 525 447 590 366
546 559 562 584 .
634 497 636 503 ’
690 525 726 586 c.
751 523 948 587 venenu
976 524 1152 588 anlccr

428 657 502 721 lluc
518 658 612 737 tulit,
629 672 661 720 et
673 655 772 720 medii
784 657 933 720 sociatrix
944 656 1044 746 gratia
1057 655 1198 744 Phryxi,

427 772 562 858 Jamque
578 769 638 834 tibi
655 785 765 834 nostra
778 770 878 858 geniti
894 768 935 832 de
948 770 1048 858 stirpe
1061 785 1207 857 nepotes.

427 885 497 951 Nec
513 903 622 950 tamen
638 901 696 949 aut
712 885 872 974 Phrygios
889 907 996 973 reges,
1013 901 1071 949 aut
1085 907 1160 948 arva
1175 885 1311 948 furentis

428 1000 589 1090 Bebryciae
600 999 803 1089 spernendus
814 999 884 1080 adi3
899 1021 957 1063 seu
973 997 1086 1064 fraude
1100 999 1229 1087 petivit,

428 1116 493 1181 Seu
509 1116 582 1203 quis
594 1116 722 1180 honore
735 1137 842 1196 meos,
857 1136 915 1178 sua
928 1113 1056 1180 reddita
1066 1112 1171 1196 dona;
1183 1112 1348 1201 deumque

428 1231 497 1296 Nos
510 1254 631 1321 genus,
647 1248 745 1319 atque
756 1247 858 1296 ratem
871 1253 995 1320 magnae
1008 1251 1136 1294 sensere
1147 1230 1309 1296 Minervae.
1416 1249 1452 1287 ⁵0⁵

428 1344 490 1408 Vix
504 1343 635 1409 tandem
647 1344 753 1432 longis
767 1343 933 1432 quaesitam
949 1341 1104 1408 Colchida
1114 1343 1198 1408 rotis

430 1461 651 1550 Contigimus,
664 1461 859 1548 qualemque
869 1458 968 1524 dabat
979 1476 1012 1523 te
1023 1461 1125 1541 fama,
1136 1457 1303 1540 ridemus,

428 1575 482 1639 Tu
493 1574 592 1640 modo
609 1597 650 1638 ne
664 1575 766 1638 claros
778 1575 898 1664 Minyis
909 1574 1063 1638 invideris
1075 1589 1175 1638 actus.

428 1691 504 1755 Non
517 1690 621 1754 aliena
631 1704 726 1778 pcto,
739 1689 1030 1754 terrisve-indebita
1041 1690 1178 1773 nostris,

428 1807 463 1871 si
479 1807 552 1895 quis
569 1822 603 1870 et
617 1806 650 1869 in
669 1805 820 1893 precibus
832 1829 910 1870 vero
925 1806 1036 1889 locus,
1054 1822 1152 1895 atque
1168 1827 1205 1870 ea
1220 1805 1352 1895 Phryxo
1418 1823 1454 1862 ⁵¹0

424 1921 527 1988 Crede
546 1921 632 2004 dari,
648 1921 815 2011 Phryxum
831 1922 873 1987 ad
889 1923 1009 2012 patrios
1023 1945 1061 1988 ea
1076 1921 1160 1986 ferre
1177 1938 1322 2010 penates.

430 2038 570 2103 Munera
580 2053 618 2101 tu
631 2051 744 2100 contm
758 2037 881 2101 victum
896 2036 977 2101 mihi
990 2053 1080 2102 vecta
1091 2060 1150 2126 per
1165 2058 1277 2126 aequor

429 2153 569 2240 Accipe,
582 2151 721 2215 Taenarii
734 2151 938 2241 chlamydem
952 2151 993 2218 de
1009 2154 1167 2242 sanguine
1180 2153 1296 2234 aheni,

429 2269 619 2355 Frenaque,
637 2283 669 2332 et
684 2269 866 2334 accinctum
882 2270 1017 2359 gemmis
1032 2269 1232 2358 fulgentibus
1247 2291 1381 2335 ensem:

429 2385 502 2448 Hoc
519 2382 661 2472 patrium
680 2381 796 2464 decus,
813 2383 883 2446 haee
898 2383 1035 2448 materni
1049 2399 1134 2447 texta
1146 2384 1284 2465 laboris,
1421 2400 1453 2441 aa

419 2599 694 2652 scommaticum.
706 2601 796 2646 Boron.
812 2599 885 2647 codd.
902 2609 926 2648 et
939 2600 994 2647 add.
1012 2600 1101 2662 antiqq.
1121 2579 1201 2664 Atque
1210 2603 1261 2647 mei.
1273 2601 1340 2648 Cur.
1356 2627 1388 2638 —
1405 2603 1454 2648 501.

386 2683 499 2744 Namque.
519 2682 619 2743 lingent.
640 2694 694 2726 oum
711 2679 762 2725 Pio.
779 2705 809 2714 —
833 2678 886 2726 50³.
899 2679 976 2726 Petioi
991 2689 1016 2726 et
1032 2696 1054 2725 v.
1072 2694 1122 2740 seq.
1140 2696 1201 2725 nuo.
1217 2680 1453 2728 &meod-515.

387 2761 494 2810 Labant.
504 2758 580 2808 Vatis.
589 2758 681 2805 Bonan.
693 2755 765 2804 codd.
780 2765 805 2804 ct
819 2755 874 2804 edd.
891 2765 946 2804 autc
960 2759 1039 2804 Burm.
1047 2767 1133 2820 praeter
1141 2759 1228 2806 Mater.
1239 2759 1285 2806 En.

385 2937 542 2990 memoriam
555 2935 672 3008 Phryxi,
686 2934 810 3006 filiosque
821 2937 899 3007 ejus,
943 2935 1030 2988 aliena
1050 2955 1094 2988 me
1112 2948 1217 3008 petere,
1242 2953 1326 3008 quum
1346 2949 1454 2989 aureum

382 3033 438 3068 tuos
448 3030 560 3085 nepaes,
570 3034 599 3068 ex
608 3013 700 3068 eadem
709 3014 900 3086 mecumatirpe
943 3014 1028 3068 vellus
1046 3015 1123 3068 terris
1137 3015 1252 3078 nosch,
1269 3013 1342 3067 unde
1360 3015 1397 3068 ad
1411 3034 1455 3067 vos

385 3107 478 3158 ortos,
493 3106 567 3148 tuam
577 3094 800 3148 mihi'amicitiam
810 3094 899 3148 conci·
942 3095 1080 3166 pervenit,
1099 3095 1241 3162 debeatur,
1256 3093 1327 3148 malo
1340 3106 1455 3147 attamen

386 3175 505 3228 liaturos.
942 3174 1131 3246 precibusuti,
1146 3189 1220 3243 atquo
1233 3177 1455 3239 eamdem-sxa

422 3254 544 3308 tonnae
561 3265 659 3315 tamen,
676 3267 720 3305 aut
730 3258 848 3324 Phrygios
861 3273 898 3304 re·
942 3257 1007 3306 dati.

383 3353 446 3402 ges,
460 3347 504 3384 aas
519 3335 641 3398 Bebrycia
653 3353 714 3384 arva
731 3337 895 3402 spernendus,
979 3333 1039 3387 512.
1051 3332 1171 3386 Tandem
1188 3331 1263 3386 haud
1276 3333 1335 3386 leve
1350 3331 1454 3405 pondus

385 3431 440 3464 nou
462 3411 519 3464 sine
540 3410 634 3476 laude,
659 3416 728 3474 adim
747 3432 790 3464 sau
801 3413 898 3481 fraude
944 3412 1058 3466 orationi
1076 3410 1150 3464 addit
1166 3413 1268 3464 Jason:
1288 3417 1396 3464 Mamm
1415 3415 1453 3463 vl·

386 3495 440 3559 quis
446 3493 544 3559 petivit,
555 3501 586 3543 ut
595 3493 725 3563 Amycus,
738 3511 780 3544 seu
788 3496 896 3555 bonore,
943 3505 1007 3544 suam
1011 3511 1060 3560 per
1066 3511 1163 3560 oeqaor,
1179 3492 1207 3546 in
1221 3503 1259 3544 tot
1269 3491 1395 3564 periculis
1404 3509 1455 3545 ma·

386 3582 416 3622 ut
425 3568 541 3622 Phineus
550 3579 577 3622 et
587 3571 692 3642 Lycus,
706 3591 787 3632 meas,
799 3589 843 3623 me
856 3589 900 3624 oo·
943 3571 979 3624 ris
988 3612 995 3638 ,
1005 3572 1048 3622 vix
1058 3585 1160 3624 servata
1169 3575 1263 3639 αοοὶρε.

385 3649 531 3720 mitesque,
544 3667 591 3699 sua
607 3649 703 3721 cuique
721 3655 817 3702 reddita
831 3655 898 3702 dona
980 3652 1040 3705 513.
1056 3655 1177 3711 Toenaaa'i,
1193 3649 1336 3714 Laconici,
1347 3655 1454 3714 ablatur-

386 3732 455 3796 (vox
471 3728 498 3779 b.
513 3727 529 3780 l.
551 3729 711 3801 ambigua),
732 3748 782 3800 pro
803 3731 899 3782 merito
944 3733 1015 3791 dem,
1030 3729 1264 3801 paludamentum,
1283 3734 1316 3781 de
1334 3732 1456 3798 sauguine

387 3825 522 3879 quemque
531 3808 657 3872 tractavi;
673 3813 848 3877 deumquenos
855 3829 901 3879 ge·
943 3813 1032 3870 aheni,
1055 3827 1173 3880 purpura
1193 3809 1320 3872 tinctam,
1329 3811 1457 3878 frenaque

388 3905 434 3938 nus
451 3890 576 3953 (magnos
599 3892 669 3940 deum
691 3903 776 3950 natos,
799 3891 829 3953 I,
847 3895 899 3954 1),
944 3903 968 3940 et
982 3893 1133 3951 accinctum,
1156 3888 1330 3951 distinctum,
1354 3890 1457 3957 gemmis

384 3981 458 4034 atque
469 3979 545 4016 ratem
554 3986 652 4019 sensere
661 3971 787 4050 Minervae,
943 3987 1033 4020 susan.
1051 3970 1136 4021 Acuta
1145 3967 1232 4021 clarus
1246 3971 1354 4028 Jacobs,
1365 3969 1393 4020 in
1407 3967 1458 4019 Mi-

421 4045 483 4099 506.
497 4047 547 4094 Via
558 4052 673 4108 tandem,
684 4046 774 4100 multis
784 4049 898 4102 exantla·
943 4047 1014 4102 scell.
1028 4047 1122 4119 philol.
1138 4067 1163 4119 p.
1175 4051 1205 4101 81
1218 4086 1225 4110 ‚
1238 4067 1387 4110 accensam,
1402 4047 1419 4098 i.
1433 4066 1456 4100 e.

386 4124 420 4175 tis
434 4122 583 4188 laboribus,
594 4125 642 4178 diu
650 4139 797 4198 exoptatam
806 4132 899 4180 Colchi-
943 4127 1140 4200 splendentem,
1156 4128 1231 4200 legit.

388 4208 424 4255 da
433 4202 574 4273 attigimus.
981 4207 1042 4260 515.
1057 4213 1121 4269 Hoc,
1136 4207 1179 4260 hic
1192 4207 1260 4260 ensis
1274 4201 1459 4277 (aerariam),

420 4287 481 4351 ⁵⁰9·
490 4281 596 4337 Possem
604 4282 898 4354 equidemdicere‚non
939 4291 1047 4357 patrium
1062 4292 1150 4348 docus,
1165 4291 1219 4340 taec
1230 4286 1394 4360 (chlamys)
1407 4307 1460 4340 ma-
