3192 5128
257 444 300 510 L.
330 439 582 512 CARRIONlS
613 433 793 510 ALTuRA'
820 437 1222 534 PRAEFAT10.·mxxv
1329 425 1332 436 s

132 575 232 639 claro
245 572 367 638 ‘smdio
382 572 473 638 venit
487 570 569 636 mihi
585 590 827 658 nonnunquam
846 569 881 632 in
904 585 1048 634 mentem
1071 570 1223 636 admirari

134 679 369 771 praestantiam
392 699 461 742 non
479 676 605 766 ingenii
627 676 750 760 solum,
768 695 882 739 verum
909 675 1006 739 etiem
1026 675 1148 754 judicii.
1164 678 1224 740 Vi·

139 785 223 850 disti
248 785 374 850 scilicet
401 784 487 848 inter
508 798 583 847 tuos
610 803 713 870 prope
740 781 846 864 solus,
872 797 996 868 quanto
1020 784 1221 870 praestantius

142 907 253 972 esset,
276 906 311 954 et
328 888 370 954 ad
385 910 495 954 rerem
509 887 639 952 landem
657 885 878 970 constantius,
897 886 932 950 in
948 887 1122 954 Veteribus
1144 888 1222 972 illis,

146 997 344 1062 auctoritate
376 1010 409 1058 et
442 993 590 1057 doctrina
625 990 855 1058 excellentibus
882 991 1061 1082 theologis,
1085 995 1224 1077 versari,

150 1125 273 1191 quam,
291 1099 382 1189 quod
396 1097 529 1187 quidam
544 1098 687 1181 faciunt,
712 1119 797 1163 nova
813 1096 961 1186 quaedam
985 1113 1018 1162 et
1033 1099 1226 1189 plerumque

153 1207 281 1272 auctori
296 1229 358 1270 suo
378 1203 617 1292 praemorientia
631 1203 817 1285 volumina,
834 1192 944 1268 nescio
961 1225 1050 1291 quae,
1066 1204 1224 1273 meditari.

155 1315 265 1401 Atque
278 1311 429 1393 utinam,
447 1309 537 1397 quod
559 1325 615 1391 tu,
641 1309 781 1392 Pameli,
804 1309 837 1372 in
856 1325 914 1374 tuo
929 1309 986 1374 illo
1003 1311 1142 1400 graviori
1158 1328 1227 1377 stu·

155 1417 289 1482 diorum
304 1437 423 1507 genere
437 1437 513 1479 eum
531 1415 708 1480 immortali
726 1431 783 1479 tua
805 1415 901 1480 laude
922 1415 1019 1494 licis,
1040 1415 1128 1481 idem
1144 1419 1230 1507 praei

46 1551 47 1554 ¹
156 1539 259 1590 stetur
271 1524 307 1587 in
323 1520 572 1587 humanioribus
588 1521 689 1586 literis
707 1544 727 1585 a
748 1522 891 1586 caeteris!
912 1521 995 1586 nihil
1011 1538 1116 1606 esset,
1135 1527 1227 1613 quod

157 1650 371 1717 quereremur
383 1627 591 1708 juventutem
607 1626 700 1692 novis
717 1627 803 1709 istis,
824 1642 858 1691 et
873 1627 1067 1717 plerumque
1085 1651 1128 1694 ne
1150 1653 1226 1695 um-

157 1735 248 1800 bram
265 1733 399 1824 quidem
415 1733 616 1822 antiquitatis
631 1732 828 1798 habentibus
843 1732 952 1814 libris,
971 1757 990 1796 a
1003 1735 1161 1800 Veterum
1179 1739 1226 1802 le-

46 1869 47 1928 j
157 1841 265 1905 ctione
283 1863 353 1904 non
369 1839 440 1905 sine
460 1861 521 1904 euo
546 1855 578 1904 et
605 1838 790 1904 studiorum
815 1838 1027 1904 incommodo
1044 1823 1227 1908 demoveri:

156 1945 198 2010 de
215 1947 337 2036 quibus
359 1945 412 2010 alii
430 1943 623 2025 judicabunt
640 1959 694 2025 ut,
710 1945 822 2008 volent
837 1959 870 2008 et
889 1945 1048 2027 sentient3
1067 1968 1145 2036 ego,
1158 1971 1227 2014 me-

156 2053 277 2136 hercle,
294 2053 352 2140 qui
365 2068 432 2116 tam
448 2051 546 2142 cupio
559 2050 764 2140 politioribus
776 2049 893 2132 literis,
905 2066 938 2114 et
950 2072 1062 2116 earum
1075 2053 1228 2120 studiosis

158 2158 331 2234 omnibus,
350 2178 448 2245 quam
465 2156 523 2244 qui
543 2155 699 2236 maxime,
723 2169 852 2220 tantum
875 2154 968 2220 abest
992 2173 1030 2220 ut
1044 2157 1130 2223 hanc
1149 2160 1229 2224 scri·

157 2262 257 2328 bendi
273 2263 434 2328 rationem
452 2261 591 2350 probare
608 2261 747 2350 possim,
772 2249 810 2326 ut
825 2261 907 2326 nihil
921 2263 1062 2329 mihisit
1084 2265 1146 2331 hoc
1164 2267 1227 2332 ho-

158 2369 287 2434 minum
303 2390 423 2459 genere
443 2389 579 2432 exosum
595 2369 707 2456 magis.

200 2471 322 2562 Atqui,
334 2494 407 2537 mea
418 2473 590 2555 sententia,
605 2471 785 2563 optandum
797 2487 891 2556 esset,
901 2490 940 2538 ut
958 2475 1075 2562 quiite
1090 2476 1229 2564 scriptu·

160 2579 260 2662 riunt,
271 2579 422 2643 homines
440 2579 613 2666 ceteroqui
624 2578 813 2667 frequenter
824 2595 857 2644 et
870 2577 990 2645 eruditi
1003 2598 1037 2646 et
1050 2579 1230 2671 diligentes,

161 2686 343 2752 adVeteres
357 2685 520 2750 eruendos
533 2709 570 2750 ac
586 2685 825 2768 emendandos,
837 2687 1232 2774 ingeniumindustriam-

162 2814 226 2881 que
238 2814 332 2857 suam
349 2791 558 2857 conferrent:
576 2791 785 2856 consulerent
800 2792 847 2856 illi
861 2791 995 2878 quidem
1012 2793 1127 2858 melius
1141 2809 1175 2858 et
1186 2793 1234 2858 rei

161 2899 318 2982 literariae,
337 2899 413 2963 etsi
435 2897 516 2986 quid
528 2898 628 2962 etiam
641 2897 676 2961 id
693 2897 820 2962 adrem
836 2897 995 2986 pertinet,
1012 2899 1124 2988 glorite
1145 2923 1231 2984 suae3

163 3021 298 3070 atcerte
314 3003 538 3069 detraheretur
558 3004 710 3068 nonnihil
729 3003 889 3071 librorum
909 3005 1131 3089 multitudini,
1159 3026 1232 3095 quae

161 3111 224 3190 jam
236 3108 463 3199 magnitudine
482 3109 608 3174 laborat
620 3132 687 3174 sua.
700 3108 862 3197 Equidem
878 3125 953 3176 ente
968 3133 1072 3176 annos
1088 3111 1132 3176 ita
1148 3113 1234 3178 mul·

159 3232 231 3299 tos,
257 3217 409 3304 princeps
439 3215 525 3279 hanc
551 3214 728 3305 castigandi
751 3215 882 3280 laudem
908 3217 1054 3304 amplexa
1083 3239 1145 3282 suo
1161 3218 1235 3298 jure

163 3323 342 3404 Italia÷est3
364 3336 427 3404 ut,
440 3344 481 3385 ex
504 3343 569 3409 qua
584 3321 769 3385 humanitas
798 3321 919 3410 ipsein
944 3321 1002 3387 has
1022 3321 1165 3388 derivata
1185 3345 1235 3388 re-

164 3428 284 3518 giones¹
297 3443 402 3511 esset,
418 3450 458 3492 ex
475 3451 511 3494 ea
527 3427 597 3493 haee
618 3427 725 3492 studia
743 3445 870 3512 nostre,
884 3452 957 3516 quae
975 3429 1016 3494 ab
1032 3430 1234 3497 humanitate

164 3533 452 3626 nomen'hahent,
478 3555 546 3598 non
565 3534 696 3599 initium
723 3533 823 3600 modo
845 3551 1027 3617 sumerent,
1056 3537 1114 3602 sed
1140 3539 1235 3602 etiam

163 3641 415 3706 incrementum.
434 3638 497 3704 Sed
516 3656 555 3704 ut
570 3661 608 3703 ea
623 3639 755 3727 reliquis
772 3639 926 3706 omnibus
944 3641 1238 3730 religionibus-hac

164 3746 259 3811 laude
273 3745 470 3836 praeeelluit,
489 3747 537 3810 sic
556 3743 747 3810 admirabile
765 3761 832 3823 est,
851 3761 1012 3834 quantum
1038 3748 1073 3812 in
1095 3771 1132 3813 ea
1149 3749 1235 3839 ipsa,

164 3874 229 3915 una
252 3852 480 3916 Manutiorum
502 3851 623 3916 familia
641 3851 794 3916 omnibus
813 3851 958 3916 omnino·
976 3852 1012 3916 in
1034 3852 1100 3918 hoc
1119 3877 1237 3944 genere
1273 3915 1277 3924 .

165 3958 317 4048 ingenio,
333 3956 516 4047 diligentia,
534 3956 659 4040 judicio
678 3974 711 4022 et
732 3973 877 4047 tempore
889 3957 1093 4046 praestiterit:
1116 3959 1156 4025 de
1173 3984 1238 4049 qua

165 4065 210 4127 sic
227 4061 408 4152 aliquando
424 4078 565 4129 statuere
583 4065 691 4147 soleo,
714 4080 751 4127 ut
768 4065 945 4130 Deeibrum
964 4087 1084 4130 nomen
1102 4066 1238 4153 reipubl

165 4167 418 4254 conservandae,
432 4170 478 4236 sie
494 4170 718 4264 Manutiorum
737 4169 830 4236 fatale
845 4193 914 4235 esse
927 4170 972 4236 rei
986 4171 1133 4237 literaria}
1146 4172 1238 4236 resti·
