3122 5126
393 569 437 614 tx
534 543 904 612 EXPEDITroltts
930 541 1318 612 ARGONAUTICAE

389 694 495 763 taeque
505 675 597 763 ¹regis
612 671 709 738 filiam
723 671 815 738 duxit
832 694 983 754 uxorem,
1002 695 1101 760 quam
1118 695 1157 736 ex
1176 673 1297 737 Graecis
1311 673 1457 738 Herodo-

388 805 463 862 rus,
479 799 512 846 et
527 779 734 869 Apollonius,
753 799 792 841 ex
810 778 929 843 Latinis
945 777 1080 842 Ovidius
1097 794 1129 842 et
1146 779 1289 842 Valerius
1306 779 1456 843 Chalcio-

388 910 451 977 pen
471 902 600 951 vocant,
612 885 779 974 Acusilaus
794 906 871 947 vero
890 901 923 948 et
944 883 1106 948 Hesiodus
1121 895 1144 946 tv
1160 897 1215 956 ταῖς
1235 894 1355 964 μεγάλαις
1371 884 1456 955 rioth,

387 992 512 1080 (operis
525 1011 645 1054 nomen
661 987 929 1076 est)10phossam
943 988 1115 1076 appeliant.
1133 987 1337 1077 Pherecydes
1352 989 1385 1052 in
1399 989 1456 1053 hb.

284 1173 290 1183 ¹
387 1113 477 1162 sexto
494 1095 652 1160 Eueniam
669 1092 780 1157 scribit
796 1109 961 1176 vocatam,
975 1093 1075 1156 fuisse
1092 1109 1201 1157 autem
1217 1094 1246 1158 ei
1263 1117 1459 1183 cognomen·

385 1220 456 1267 tum
471 1201 652 1288 Chalciopae
666 1214 698 1262 et
711 1199 881 1286 Ophiusae:
899 1221 937 1262 ex
953 1221 991 1262 ea
1006 1197 1155 1286 Phryxus
1172 1213 1312 1286 quatuor
1325 1200 1459 1263 sustulit

386 1310 522 1387 liberos,
541 1309 683 1394 Argum,
706 1304 896 1384 Phrontim,
912 1304 1057 1385 Melana,
1077 1319 1111 1368 ct
1133 1304 1336 1386 Cithisoron,
1355 1327 1456 1392 quem

382 1414 535 1502 Ephorus
552 1411 736 1500 Cythorum
753 1409 908 1498 appellat,
922 1409 1012 1474 addit
1026 1425 1059 1474 et
1075 1409 1228 1497 quintum
1247 1409 1457 1498 Epimenides

382 1519 580 1584 Presbonem
596 1517 739 1580 nomine.

737 1706 785 1768 De
810 1705 941 1792 Phryxi
957 1729 1100 1772 noverca.

425 1877 561 1938 Causam
578 1893 723 1935 novercte
739 1871 773 1933 in
791 1872 898 1936 mariti
913 1871 1098 1962 filiospdii,
1114 1873 1166 1936 alii
1182 1873 1274 1938 aliter
1293 1874 1455 1939 referunt:

385 1979 499 2045 dicunt
515 1978 617 2058 enirn,
639 1998 679 2040 eo
693 1974 783 2063 quod
800 1975 948 2064 Phryxus
972 1976 1117 2040 illicitum
1137 1977 1374 2067 infandumque
1393 2002 1458 2043 no·
1515 2051 1523 2070 ι

383 2107 484 2151 vercae
500 2105 643 2147 amorem
659 2080 835 2169 spreverit,
853 2081 894 2144 ab
912 2103 948 2144 ea
962 2081 1049 2170 apud
1065 2098 1188 2170 patrem
1207 2083 1321 2148 incesti
1340 2086 1457 2148 tentati

384 2189 620 2255 insimulatum.
634 2188 684 2250 De
700 2187 834 2248 nominc
849 2200 914 2248 tam
931 2187 1041 2248 matris
1054 2209 1153 2274 quam
1172 2209 1319 2252 novercae
1339 2211 1456 2252 eorum

383 2297 462 2360 mira
478 2311 543 2375 cst,
560 2310 593 2356 et
604 2314 707 2380 prope
722 2290 858 2355 ridicula
868 2291 956 2379 apud
970 2293 1142 2380 scriptores
1157 2293 1285 2357 Graecos
1304 2293 1458 2358 differen-

382 2407 424 2468 tia
439 2425 446 2466 :
467 2401 575 2489 plures
589 2398 704 2462 dicunt
719 2397 890 2485 Nephelen
907 2414 1042 2461 matrem
1061 2398 1177 2480 fuisse,
1191 2399 1253 2463 Ino
1266 2416 1374 2464 autem
1392 2424 1456 2465 nor

379 2529 524 2572 vercam:
542 2504 718 2593 Sophocles
735 2505 768 2566 in
783 2503 975 2567 Athamante
994 2503 1163 2592 Nephelen
1182 2521 1330 2570 autumat
1356 2530 1455 2570 voca-

382 2631 447 2679 tam
462 2633 651 2691 novercam3
667 2609 818 2698 Hippias,
832 2609 1000 2698 Gorgopin
1011 2633 1019 2691 3
1030 2609 1251 2698 Pherecydes,
1267 2611 1458 2696 Themist03

383 2718 541 2785 Pindarus
559 2717 591 2779 in
608 2715 755 2803 hymnis,
774 2713 978 2778 Demoticen.

774 2899 821 2962 De
839 2901 936 2964 art'ctc
953 2923 1060 2964 aureo.

430 3067 572 3133 Arietem
584 3064 691 3144 hunc,
705 3062 746 3126 de
760 3085 827 3150 quo
840 3079 906 3127 tarn
919 3065 1020 3130 multa
1036 3065 1142 3129 Groeci
1153 3065 1349 3151 fabulantur,
1359 3069 1454 3133 multi

385 3195 521 3238 aureum
532 3171 634 3234 vellus
647 3168 797 3232 habuisse
809 3186 955 3251 narrant,
968 3157 1054 3258 quo's¹
1067 3189 1225 3259 sequutus
1237 3190 1286 3237 est
1299 3172 1454 3262 Orpheus

386 3297 419 3343 et
427 3276 636 3365 Apollonius,
651 3275 708 3361 qui
722 3274 875 3338 Mercurii
886 3291 1039 3339 contactu
1050 3299 1186 3341 aureum
1199 3277 1276 3341 dicit
1287 3277 1453 3360 effectum,

386 3384 442 3448 lib.
455 3378 800 3446 secund0.Sim0nides
810 3401 888 3442 vero
897 3379 1008 3444 album
1019 3381 1195 3465 interdum,
1205 3382 1368 3447 interdum
1378 3406 1456 3471 pur·
1547 3457 1556 3468 ,

386 3509 525 3576 pureum
544 3485 643 3548 fuisse
660 3482 747 3547 dicit.
770 3484 938 3548 Acusilaus
956 3508 995 3549 ex
1013 3487 1092 3549 mari
1111 3511 1278 3574 purpureo
1296 3488 1452 3553 infectum

387 3594 495 3656 colore
507 3591 629 3654 asserit.
645 3591 839 3678 Apollonius
849 3613 962 3655 vocem
971 3591 1148 3656 humanam
1165 3594 1314 3658 habuisse
1324 3595 1453 3675 scribit,

747 3809 751 3816 .
826 3743 889 3796 ἀλλὰ
908 3743 950 3796 καὶ
965 3739 1042 3802 aridis

528 3820 668 3906 hsdpcpins
689 3838 805 3907 προέθηκε
829 3837 901 3890 καλὸν
922 3838 1005 3910 τέρας.

830 3948 977 4002 vocemque
990 3931 1093 3985 virilem

529 4020 685 4079 Formosum
698 4019 783 4071 emisit
796 4032 956 4072 monstrum.

390 4169 489 4255 Quod
501 4185 534 4233 et
543 4171 710 4233 Hecataeus
720 4167 866 4234 affirmat.
873 4171 957 4235 Sunt
969 4173 1025 4259 qui
1039 4171 1161 4251 dicant,
1171 4173 1234 4235 hoc
1244 4171 1318 4234 idco
1327 4171 1453 4250 fictum,

384 4279 463 4367 quia
474 4275 622 4363 Phryxus
635 4275 797 4354 navicula,
810 4275 917 4342 arietis
930 4275 1065 4366 figuram
1081 4279 1112 4340 in
1129 4299 1224 4366 prora
1237 4277 1368 4341 habenti
1378 4324 1386 4358 ,
1398 4298 1454 4338 na·
