3246 5112
279 521 333 588 IN
358 523 448 588 LIB.
472 523 609 588 PRIM'.
632 524 820 591 ARGON.
844 526 959 592 NOV.
983 528 1057 592 ED.
1082 528 1197 592 NOT.
1235 526 1277 614 75

213 642 296 693 naum
307 656 358 711 pro
374 641 441 690 natis
454 640 551 705 posuit,
564 635 599 690 ob
608 637 750 690 verborum
762 639 958 696 similitudinem
970 661 980 707 ς
990 640 1056 713 quin
1066 639 1106 694 illi
1119 640 1147 692 in
1161 650 1276 693 mentem

213 724 305 778 venire
316 722 404 796 potuit
420 732 525 794 poetam
539 720 664 774 carminis
675 722 716 774 sni
728 721 834 778 titulum
845 723 878 776 de
892 723 1023 778 industria
1035 722 1202 797 repetivisse,
1213 742 1277 776 nau·

213 824 253 860 eas
266 809 354 882 primo
368 825 447 862 versu
465 805 642 880 proferendo,
657 805 775 860 secundo
788 827 851 862 vero
862 810 998 878 fatidicam
1016 824 1106 871 mmm,
1122 807 1196 882 quod
1206 807 1278 862 idem

119 941 124 952 ,
213 905 294 965 atque
311 897 384 962 Argo
402 901 492 954 sonat3
510 887 599 944 Ovidii
612 888 737 944 nimirum
754 895 892 965 exemplo,
907 894 952 964 qui
965 895 1074 950 Metam.
1088 895 1134 948 lib.
1148 895 1176 956 I,
1190 912 1216 946 v.
1233 911 1263 944 r:

429 1005 459 1050 Iu
471 1018 532 1050 nora
547 1003 592 1049 lert
604 1002 695 1051 culmus
710 1015 809 1076 mantas
824 1005 901 1053 dicere
912 1007 998 1054 formes

430 1079 541 1140 Corpora.
794 1089 796 1094 '

213 1189 280 1255 Quae
293 1207 366 1242 mera
377 1199 416 1240 est
429 1187 506 1259 graeei
519 1186 639 1239 vocabuli
654 1187 843 1260 interpretatio.
857 1189 982 1247 Vossinm
994 1208 1048 1242 uon
1059 1189 1193 1260 fugiebat,
1208 1200 1236 1242 nt
1247 1207 1278 1241 ex

214 1273 295 1346 ipsius
315 1284 377 1325 nota
390 1283 515 1344 apparet,
526 1271 691 1342 Argonautas
709 1269 762 1324 dici
780 1291 857 1344 posse
875 1285 948 1324 reatos
962 1275 1046 1332 deuio,
1062 1270 1109 1325 sed
1123 1271 1178 1345 ipse
1188 1272 1279 1324 volens

214 1357 250 1411 ab
261 1357 313 1411 hoc
329 1373 409 1410 seusu
431 1353 567 1408 deflexisse
584 1352 698 1420 videtur,
714 1356 836 1428 plurimis
848 1355 912 1409 locis
924 1353 1078 1421 deterritus,
1095 1355 1140 1408 ubi
1156 1368 1183 1409 et
1198 1369 1279 1407 nausa

217 1453 347 1496 vocantur
359 1439 426 1510 (vid.
440 1438 547 1493 Pindar.
562 1439 640 1512 syth.
654 1440 705 1504 IV,
724 1459 755 1492 ar
764 1457 772 1504 3
782 1440 877 1512 Virgil.
890 1438 982 1512 Eclog.
994 1440 1051 1504 Vl,
1064 1441 1098 1504 43
1111 1452 1138 1492 et
1151 1446 1201 1504 443
1213 1439 1278 1492 Stat.

218 1525 343 1589 Thebv,
356 1525 430 1593 395).
1272 1533 1276 1540 '

248 1613 329 1662 Prima
339 1609 412 1678 freta
431 1611 531 1676 pervia,
546 1605 573 1660 id
590 1617 645 1674 est,
660 1608 744 1660 maria
762 1619 819 1660 tum
827 1608 945 1680 primurn
955 1610 1079 1680 trajecta,
1091 1607 1149 1672 scil.
1163 1607 1278 1661 Pontum

213 1691 363 1756 Euxinum,
375 1708 455 1762 quem
468 1691 540 1762 Argo
550 1691 637 1763 prima
656 1708 687 1743 ex
708 1690 821 1744 navibus
843 1691 963 1763 aperuit3
979 1690 1092 1762 ideoque
1110 1692 1181 1747 cauit
1198 1689 1296 1742 Vale-⁹

213 1775 343 1840 rins,1V,
357 1793 406 1846 7¹¹
419 1786 580 1848 ,postquam
592 1769 739 1848 Bosporum
753 1793 920 1847 cyaneusque
932 1793 1011 1846 rupes
1024 1774 1182 1828 transierant
1194 1773 1278 1842 Argo·

215 1857 302 1916 nim
314 1901 321 1912 ¹
427 1935 486 1978 Turn
499 1929 558 1976 freta
571 1946 622 1992 que
633 1928 710 1992 longis
720 1929 814 1976 inerant
824 1928 937 1994 impervia
947 1928 1020 1976 saeelis

427 2005 463 2052 Ad
480 2003 580 2051 subitum
595 2013 705 2066 stupuere
719 2013 800 2050 ratem.

212 2111 306 2166 Dicere
321 2129 376 2164 non
389 2111 447 2164 vult
464 2123 543 2182 poeta
556 2128 601 2163 eos
618 2109 698 2163 luisse
714 2109 813 2180 primos
828 2109 875 2181 qui
888 2107 1086 2180 navigaverint,
1096 2105 1142 2160 sed
1156 2105 1276 2178 quicun-

214 2193 324 2246 ieceriut
336 2194 384 2247 iter
396 2193 494 2246 ceteris
509 2192 597 2246 adhuc
606 2191 704 2246 Graecis
714 2192 857 2246 insuetum.
871 2192 938 2246 lude
951 2211 1006 2246 uon
1020 2191 1119 2244 mirum
1131 2188 1205 2263 quod
1214 2189 1280 2244 alias

212 2275 241 2329 in
260 2277 345 2332 Ponto
363 2295 446 2332 naves
461 2278 553 2330 obvias
571 2277 729 2348 Argonautis
747 2277 837 2330 iaciat.

246 2391 283 2443 V.
296 2411 321 2444 u.
335 2393 518 2459 Fatidicamque
529 2406 614 2442 ratum.
621 2421 656 2430 -
663 2393 741 2444 Recte
751 2392 887 2459 fatidicam
898 2389 964 2444 dicit
973 2392 1080 2456 Noster,
1096 2389 1172 2460 cuius
1183 2405 1280 2460 prora,

212 2471 286 2536 sive,
297 2485 327 2525 ut
339 2473 384 2526 n‘lii
393 2475 502 2536 volunt,
513 2473 608 2545 puppis
618 2511 627 2537 ,
639 2474 693 2526 sive
703 2474 782 2526 etiam
795 2474 896 2536 carina,
910 2493 941 2526 ex
952 2467 1084 2527 Dodonua
1095 2491 1196 2543 quercu
1206 2482 1279 2536 erat;

217 2554 363 2608 Dodonaeas
376 2567 465 2610 autem
479 2573 592 2626 quercus
612 2555 720 2609 oracula
739 2554 816 2609 edere
830 2556 952 2621 habitas,
964 2576 1043 2610 nemo
1054 2555 1151 2628 estqui
1166 2555 1279 2627 ignoret.

211 2637 315 2692 Erravit
323 2639 376 2693 hoc
385 2639 445 2692 loco
455 2639 580 2711 Scaliger,
588 2641 634 2713 qui
645 2638 681 2693 sic
690 2641 717 2692 in
726 2639 824 2693 Poetis.
834 2640 910 2705 tvl,
920 2660 948 2713 p.
959 2641 1023 2711 775,
1034 2640 1078 2696 ed.
1088 2645 1169 2711 1607:
1182 2666 1192 2686 ι
1200 2639 1281 2706 Quod

212 2723 442 2790 autemsaa'dicam
454 2722 532 2785 dicit,
540 2741 626 2794 neque
637 2734 719 2776 exstat
728 2723 755 2774 in
766 2733 821 2775 toto
833 2743 923 2796 opere,
934 2723 962 2776 id
971 2726 1071 2776 laetum
1080 2737 1120 2777 est
1129 2724 1176 2777 lati
1187 2724 1279 2796 culpat

213 2805 311 2860 etenim
325 2820 409 2860 morte
423 2807 553 2870 allectus,
565 2825 620 2860 uon
637 2805 750 2877 explevit
765 2805 883 2860 fabulam
893 2824 900 2870 ;
911 2818 938 2859 at
949 2807 1066 2878 loquitur
1082 2805 1156 2878 apud
1173 2803 1280 2878 Apollo·

211 2889 297 2944 mum.
311 2915 323 2938 ι
342 2891 442 2944 Mirum
455 2908 518 2943 sane
530 2887 604 2960 quod
616 2889 656 2942 vir
674 2899 752 2942 tantae
770 2889 924 2942 eruditionis
936 2891 1058 2942 locorum
1072 2889 1169 2942 oblitus
1182 2889 1279 2952 luerit,

212 2974 262 3028 ubi
273 2979 405 3028 Dodonida
417 2994 532 3044 quterram
545 2985 623 3048 poeta
636 2973 788 3045 loquentem
801 2973 917 3037 inducit,
931 2991 1027 3045 nempe
1039 2973 1130 3026 insoni
1148 2991 1194 3043 per
1208 2990 1279 3023 som·

212 3075 279 3118 num
292 3057 448 3124 instantem,
459 3060 488 3122 l,
509 3059 559 3112 300
568 3077 578 3123 3
587 3070 612 3111 et
625 3060 745 3126 Erginum
759 3057 808 3110 sibi
825 3059 999 3129 magistrum,
1013 3070 1125 3110 innuente
1135 3057 1215 3125 fato,
1232 3075 1280 3107 vo-

215 3158 327 3206 cantem,
344 3143 478 3214 V,v.,65.

247 3261 284 3314 V.
296 3263 322 3314 3.
334 3267 405 3314 Ausa
415 3265 493 3330 seqrri.
502 3263 648 3314 —Durum
656 3259 708 3312 hoc
718 3271 807 3313 censet
815 3257 944 3330 Scaliger,
950 3259 1002 3313 loc.
1016 3279 1075 3331 sup.
1086 3256 1159 3310 laud.
1170 3257 1280 3328 «Neque

212 3343 284 3397 enim
293 3333 494 3418 praeibautoru.
506 3371 517 3392 ι
524 3345 599 3398 lianc
606 3363 669 3398 vero
680 3361 819 3398 censuram
829 3344 934 3416 egregie
943 3345 1148 3397 confutaverunt
1159 3341 1176 3394 J
1179 3383 1185 3394 .
1198 3339 1278 3394 Fred.

212 3424 364 3481 Gronovius
376 3429 489 3496 (observ¹
504 3428 551 3480 lib.
563 3429 614 3492 IV,
628 3443 688 3498 cap.
707 3429 749 3497 ra)
767 3439 792 3480 et
805 3427 986 3492 burmannus,
1001 3428 1054 3480 hoc
1071 3427 1127 3498 ipso
1140 3426 1217 3491 loeo,
1233 3424 1280 3497 qui

212 3509 291 3582 plara
306 3513 426 3584 exempla
441 3511 550 3585 protulit
566 3511 611 3563 nbi
625 3514 695 3580 requi
707 3507 800 3564 eodem
820 3511 898 3564 sensu
909 3512 1030 3564 sumitur.
1045 3511 1107 3563 Huc
1121 3508 1202 3581 adjici
1221 3527 1282 3581 pos-

214 3607 277 3646 sunt
294 3613 327 3647 ex
343 3595 473 3666 Virgilio,
495 3611 553 3666 que
572 3595 687 3648 tironem
706 3596 785 3648 etiam
803 3613 857 3648 nou
877 3595 999 3666 lugiunt,
1020 3593 1125 3648 AEneid.
1143 3593 1194 3656 IV,
1211 3595 1279 3656 361,

214 3681 315 3730 Iunium
328 3697 378 3730 uon
392 3693 477 3748 sponte
485 3691 598 3752 sequor3
611 3677 677 3731 ibid.
693 3680 760 3746 381,
774 3684 803 3740 1,
822 3697 931 3750 sequere
944 3683 1043 3732 ltaliam
1055 3683 1152 3742 uenum·
1163 3683 1198 3742 V,
1209 3681 1280 3749 629,
1304 3740 1309 3748 .
1392 3738 1396 3752 Ι

214 3766 313 3815 Italiam
327 3763 462 3836 sequimur
469 3764 627 3832 fitgientem5
638 3763 704 3826 XII,
721 3769 771 3832 892
779 3800 788 3827 ,
804 3776 860 3830 opta
873 3767 954 3814 ardua
962 3765 1053 3849 pennis
1068 3779 1134 3816 asma
1146 3763 1229 3834 sequi.

249 3897 285 3952 V.
300 3906 326 3965 4.
436 3902 649 3966 ....mediosque
658 3903 722 3950 inter
730 3903 798 3968 juga
813 3903 1021 3961 concinnemus,

423 3989 541 4052 Rumpere
546 4021 554 4044 ,
570 3984 724 4054 flammifero
738 3987 838 4035 tandem
858 3986 971 4036 consedit
988 3989 1100 4052 Girmpn,

214 4097 256 4153 Sic
266 4111 292 4153 et
304 4101 374 4154 inira
384 4139 392 4165 ,
403 4101 454 4168 l'V,
466 4105 517 4172 672
532 4119 540 4152 τ

431 4255 437 4267 .
455 4255 461 4267 .
478 4255 483 4266 .
500 4220 540 4266 illa
551 4220 632 4280 volans
647 4219 711 4266 tenui
726 4235 770 4280 per
781 4218 872 4266 concita
883 4234 938 4266 saxu

431 4297 492 4362 Luce
503 4293 572 4358 fugit.
