3192 5128
354 560 425 608 ctu
654 535 806 604 PETRI
835 535 1114 608 BURM'ANNI

354 665 461 746 rarise,
472 666 505 728 in
518 685 616 751 quam
630 661 728 728 hodie
739 663 841 730 denso
856 665 986 753 agmine
998 665 1168 746 homines,
1181 665 1269 730 docti
1282 681 1315 730 et
1329 667 1421 730 semi·

354 769 472 836 eruditi
490 769 653 852 involant,
680 769 907 858 scriptoribus,
924 771 981 860 qui
999 770 1093 834 nobis
1115 770 1194 835 vitas
1217 769 1419 838 eruditorum

353 892 387 943 et
410 891 581 943 auctorum
607 875 755 942 omnium
780 897 878 964 opera
899 894 933 941 et
958 875 1116 940 editiones
1143 897 1292 940 enarrare
1317 879 1420 941 susci-

353 983 459 1071 piunt.
481 984 575 1049 cene
596 981 709 1068 quand
725 982 831 1069 operis
852 983 894 1046 sit
910 981 944 1045 id
958 1003 1060 1071 gentas
1080 981 1215 1070 scripta,
1234 982 1352 1065 lexica,
1369 982 1420 1046 bi·

354 1087 552 1169 bliothecss,
568 1087 672 1176 elogia
685 1104 717 1152 ct
730 1088 830 1170 vitas,
846 1087 891 1151 ita
908 1087 1122 1168 concinnare,
1136 1101 1174 1150 ut
1188 1086 1227 1151 iis
1244 1103 1373 1170 secure,
1387 1106 1421 1153 et

354 1193 425 1261 sine
435 1193 553 1258 erroris
563 1207 653 1256 meus
663 1192 712 1260 uti
724 1191 901 1280 possimus,
918 1191 1064 1280 quotidie
1074 1190 1300 1280 deprehendo,
1315 1215 1418 1282 quum

355 1321 488 1367 omnem
504 1298 647 1364 laborem
668 1299 736 1362 fere
756 1298 790 1360 in
806 1297 1024 1362 describendis
1045 1313 1077 1360 et
1093 1297 1328 1386 compilandis,
1346 1319 1419 1387 quse

354 1420 607 1496 mascuserunt,
623 1403 750 1491 scriptis
766 1403 916 1466 consumi
932 1401 1074 1484 rideam,
1088 1418 1121 1467 et
1132 1425 1203 1468 raro
1218 1403 1305 1493 ipsos
1318 1405 1418 1469 libros

355 1511 505 1598 antiquos
529 1509 675 1590 oonsuli3
699 1508 757 1573 aed
780 1530 865 1597 saepe
886 1530 926 1572 ex
950 1508 1100 1597 catalogis
1119 1525 1152 1573 et
1173 1509 1280 1574 lexicis
1300 1525 1333 1574 et
1349 1511 1417 1574 aliis

355 1617 509 1708 opuscula
521 1613 949 1702 talisoompilari.1mnaensi
962 1630 995 1678 et
1005 1615 1122 1704 ingrati
1131 1613 1249 1681 laboris
1260 1637 1328 1681 esse
1339 1619 1417 1682 tales

355 1739 448 1789 cattas
469 1721 564 1802 novi,
588 1721 690 1784 immo
711 1719 813 1801 tanti,
837 1735 876 1784 ut
896 1720 947 1784 uix
963 1719 1105 1784 hominis
1126 1735 1252 1786 aetatem
1270 1721 1418 1786 sufficere

354 1824 502 1906 medum,
513 1825 554 1890 ad
565 1847 743 1914 paucorum
756 1824 928 1889 doctorum
939 1824 1126 1906 historiam,
1144 1826 1242 1889 vium
1255 1841 1287 1890 et
1302 1827 1418 1913 scripta

355 1948 442 1998 recte
455 1930 698 2020 componenda:
711 1929 770 1994 sed
781 1931 954 1994 obruimur
966 1929 1063 1994 hodie
1076 1930 1297 2012 bibliothecis,
1312 1932 1419 1996 lexicis

356 2037 537 2116 historicis,
553 2037 688 2117 criticis,
705 2036 945 2124 geographicis,
959 2051 992 2100 et
1008 2037 1117 2100 nescio
1130 2037 1250 2124 quibus
1265 2037 1334 2102 aliis
1346 2038 1420 2104 titu-

356 2144 412 2224 lis,
429 2143 549 2230 quibus
569 2157 795 2229 recoquuntur
812 2157 937 2204 tantum
955 2157 1030 2207 ante
1043 2141 1146 2224 dicta,
1165 2143 1418 2208 etvitiisreteri·

356 2248 418 2318 bus
431 2246 507 2312 novi
522 2269 647 2312 errores
660 2247 915 2312 accumulantur.
928 2247 966 2310 Iu
980 2247 1071 2310 hunc
1086 2267 1220 2310 censum
1232 2247 1417 2313 referendos

356 2375 425 2420 esse
436 2351 574 2417 arbitror
584 2351 655 2416 illos
668 2351 805 2416 Annales
817 2351 1065 2440 typographicos
1077 2351 1237 2434 Maitairii,
1246 2352 1418 2417 utilissimo

357 2481 433 2524 sane
449 2458 581 2525 consilio
598 2457 782 2538 institutos,
799 2457 826 2520 si
839 2457 979 2522 materiae
993 2458 1172 2522 suffecisset
1185 2458 1294 2542 leber,
1313 2473 1347 2523 et
1361 2481 1418 2524 au-

357 2565 455 2632 ctoris
469 2561 609 2628 eruditio
623 2577 657 2626 et
674 2560 788 2650 peritia
804 2577 951 2625 veterum
970 2562 1183 2649 scriptorum,
1202 2562 1294 2640 cujus
1312 2565 1418 2627 omnis

357 2670 466 2751 labor,
481 2669 514 2732 in
530 2665 702 2734 lustrandis
714 2667 832 2747 titulis,
848 2684 882 2730 et
899 2689 1061 2730 annosum
1077 2668 1418 2756 typographorumque

358 2775 443 2842 notis
463 2789 641 2862 occupatur
659 2788 693 2836 et
708 2772 923 2837 consumitur.
943 2772 1028 2836 Puto
1048 2772 1143 2835 etiam
1166 2774 1311 2860 potuisse
1328 2797 1418 2838 scre·

356 2881 475 2947 norem
488 2877 650 2944 delectum
663 2877 775 2942 haberi
793 2899 930 2965 operum
950 2875 1110 2940 editorum
1127 2877 1203 2942 olim
1216 2923 1227 2961 ,
1241 2895 1275 2942 et
1292 2894 1417 2943 tantum

358 3007 471 3049 eorum
496 2983 654 3048 librorum
678 3004 847 3048 recensum
872 2982 1018 3063 institui,
1037 3003 1121 3069 quos
1146 2983 1272 3047 novisse
1290 2984 1418 3070 publice

357 3091 509 3171 interest,
526 3111 592 3154 nou
615 3089 710 3156 etiam
728 3089 909 3176 constipare
929 3089 1176 3176 nugacissima,
1190 3106 1224 3153 et
1240 3090 1318 3154 ideo
1330 3113 1418 3155 raros

356 3195 476 3276 libros,
493 3195 569 3281 quia
590 3191 717 3260 dudum
739 3191 780 3258 ad
798 3193 890 3280 piper
907 3207 940 3256 et
957 3214 1079 3256 merces
1094 3193 1196 3258 olidas
1212 3193 1418 3260 involvendas

357 3299 525 3381 desunati,
548 3299 718 3364 maximam
740 3312 864 3385 partem
884 3298 1029 3384 periere,
1048 3298 1117 3362 sine
1135 3299 1200 3363 ulla
1214 3300 1337 3379 jactura
1359 3299 1418 3363 do·

358 3406 479 3470 ctrinae.
493 3401 629 3486 Quodsi
640 3403 761 3466 factum
776 3401 907 3482 hrisset,
920 3402 1074 3466 extribus
1085 3425 1190 3467 unum
1205 3404 1298 3468 nobis
1312 3405 1418 3468 habile

357 3511 510 3576 volumen
523 3557 532 3584 ,
546 3529 676 3572 summo
699 3529 774 3570 cum
793 3507 950 3594 applausu
975 3507 1215 3596 recipiendum,
1243 3511 1418 3574 concinna·

358 3632 429 3682 tum
445 3616 566 3680 sitisset.
587 3612 676 3696 Quid
690 3613 777 3678 enim
790 3613 906 3676 attinet
917 3629 967 3678 tot
978 3615 1074 3677 verba
1088 3637 1127 3678 ex
1140 3615 1282 3703 epistolis
1295 3617 1417 3680 Erasmi

358 3737 392 3786 et
407 3721 545 3788 aliorum
564 3735 728 3808 repetere,
744 3741 832 3806 quse,
853 3719 881 3782 si
894 3721 997 3782 lector
1011 3722 1121 3807 paucis
1138 3723 1245 3788 verbis
1262 3721 1301 3785 ad
1317 3722 1416 3786 libros

359 3829 433 3896 satis
445 3827 559 3892 obvios
573 3843 658 3890 esset
669 3826 841 3906 remissus,
859 3825 905 3889 ibi
921 3825 984 3913 legi
999 3827 1190 3913 potuissent.
1206 3827 1268 3891 Sed
1283 3827 1415 3892 desino:

357 3933 544 3999 imitabilem
563 3932 649 3996 cuim
667 3953 735 3996 esse
755 3931 820 3996 vidi
845 3931 1031 4013 hominem,
1055 3934 1111 4019 qui
1131 3955 1172 3998 ne
1186 3933 1318 4019 quidem
1334 3935 1417 3998 tole-

358 4063 428 4106 rare
454 4027 576 4126 potest,
605 4038 631 4102 si
655 4039 728 4126 quis
752 4039 893 4125 aliquam
912 4037 1107 4118 editionem,
1122 4038 1183 4102 sibi
1204 4040 1416 4125 praeteritam,

359 4149 428 4212 sinc
442 4145 506 4209 ulle
521 4143 662 4208 nominis
674 4145 743 4224 ejus
754 4143 884 4207 laesione
896 4159 952 4206 aut
966 4142 1158 4230 opprobrio,
1174 4145 1416 4223 memoraverit;

359 4250 416 4316 sed
429 4250 589 4332 convicia,
606 4250 659 4314 vix
673 4249 839 4314 sellulariae
855 4247 942 4336 plebi
956 4246 1187 4336 permittenda,
1203 4264 1236 4312 et
1248 4248 1416 4313 illiberales
