3198 5106
394 551 494 599 ccxiv
600 527 917 597 TESTIMONIA
944 531 1007 597 AC
1031 531 1241 601 JUDICIA

393 658 520 724 medius
536 657 622 721 enim
638 657 724 719 inter
736 656 828 721 illum
845 673 1007 723 tumorem
1021 675 1054 724 et
1070 677 1218 749 argutam
1232 661 1460 747 jejunitatem,

392 763 574 854 ingreditur
595 762 697 826 nobili
721 761 852 844 animo,
880 763 982 827 noblli
1006 787 1177 850 sermone3
1198 782 1236 830 ut
1260 788 1459 857 magnopere

392 871 491 936 mirer
516 890 611 963 posse
637 890 726 950 esse,
743 869 800 956 qui
823 891 891 932 non
908 871 1043 934 summis
1067 872 1256 936 auctoribus
1273 872 1355 937 Latii
1380 896 1457 938 eunt

392 974 592 1054 adscribant,
611 972 668 1060 qui
688 994 787 1036 unam
808 971 1015 1037 solummodo
1037 975 1106 1056 ejus
1134 975 1283 1066 paginam
1308 976 1455 1068 legerint.

393 1079 493 1174 Quod
508 1081 534 1144 si
550 1080 682 1143 Lucano
698 1096 730 1143 et
748 1078 885 1168 Papinio
905 1103 1102 1169 componere
1120 1098 1247 1148 tantum
1264 1084 1455 1172 scriptorem

391 1187 551 1268 volueris,
570 1185 661 1250 facile
685 1184 809 1250 videbis
831 1185 911 1276 quid
928 1187 989 1250 illis
1007 1188 1165 1276 supersit,
1191 1188 1271 1276 quid
1293 1189 1369 1254 huic
1386 1212 1453 1253 non

391 1293 492 1372 desit,
509 1308 547 1355 ut
564 1291 781 1356 constituatur
801 1315 840 1358 ex
863 1292 968 1356 tribus
983 1293 1046 1356 illis
1065 1293 1235 1384 princeps,
1253 1311 1328 1388 post
1343 1295 1453 1360 Maro·

392 1421 489 1479 nem,
514 1397 636 1462 heroici
654 1396 760 1485 operis
776 1412 809 1461 et
822 1397 972 1462 carminis
990 1399 1023 1461 in
1038 1399 1129 1486 poesi
1144 1399 1251 1464 latina.

714 1575 797 1636 lusu
814 1595 857 1636 an
873 1573 977 1638 Turn.
996 1573 1061 1655 XI,
1079 1595 1132 1658 9²·

434 1732 503 1798 Val.
520 1729 652 1795 Flaccus
666 1727 804 1820 scriptor
823 1727 904 1792 mihi
925 1729 1020 1793 unice
1043 1751 1136 1792 carus
1156 1728 1199 1793 ob
1216 1729 1450 1813 inaffectatum,

389 1837 580 1927 genuinam,
597 1835 776 1898 Romanam
787 1832 938 1898 dictionis
953 1834 1170 1917 majestatem,
1183 1858 1203 1898 a
1220 1837 1331 1924 quain
1346 1853 1450 1902 trans-

387 1945 522 2009 lationes
538 1941 722 2030 peregrinas
737 1939 871 2028 singulis
885 1939 1009 2030 paginis
1031 1939 1179 2003 aufertur
1197 1940 1361 2030 Papinius.
1379 1992 1449 2008 ...

387 2051 470 2116 Sane
495 2071 555 2139 ¹ego
579 2069 654 2110 eum
679 2061 846 2109 auctorem
875 2044 1092 2134 Argonautica
1123 2046 1316 2111 scribentem
1345 2048 1451 2139 legere

387 2157 488 2237 malo,
508 2176 606 2241 quam
626 2153 676 2215 vel
694 2149 866 2233 Ovidium,
883 2149 935 2213 vel
957 2149 1150 2239 Papinium:
1170 2173 1311 2238 quorum
1331 2152 1384 2216 ille
1403 2169 1450 2218 te-

385 2284 483 2325 nuem
501 2257 668 2323 materiem
687 2255 814 2319 lascivia
832 2254 947 2344 utique
962 2253 1111 2318 violasset
1132 2271 1189 2319 aut
1209 2253 1449 2345 depudicasset,

384 2367 439 2428 hic
454 2359 730 2451 magniloquentia
746 2358 957 2424 contrivisset.

680 2526 765 2591 lusu
788 2547 830 2590 ao
850 2523 956 2588 Tusa.
978 2525 1138 2611 x1,209.

429 2687 600 2774 Postquam
614 2681 724 2746 Famae
739 2680 994 2770 descriptionem,
1008 2704 1030 2744 a
1048 2681 1195 2764 Valerio,
1222 2682 1275 2748 lib.
1291 2685 1342 2766 11,
1368 2709 1444 2752 con-

381 2798 561 2884 signatam,
579 2787 754 2866 retulisset,
772 2785 883 2851 subdit.
899 2785 981 2868 Quae
998 2807 1073 2850 cum
1086 2789 1296 2874 sequentibus
1312 2791 1339 2855 si
1356 2793 1445 2880 apud

382 2903 551 2966 Maronem
561 2896 765 2983 legerentur,
785 2913 861 2956 sane
874 2914 934 2980 per
952 2892 1053 2957 multa
1065 2893 1131 2974 jam
1145 2895 1258 2958 saecula
1271 2895 1444 2962 adorabilia

382 3009 539 3085 inissent,
557 3023 645 3065 nunc
665 3000 817 3064 inanibus
840 2997 1022 3088 paedagogis
1048 3000 1139 3064 aliter
1168 3001 1273 3066 visum
1298 3003 1356 3068 diu
1370 3005 1441 3070 l'uit.

381 3115 538 3178 Nostrum
555 3129 659 3172 aevttm
678 3105 793 3192 incipit
809 3103 850 3168 de
867 3120 958 3168 tanto
976 3121 1109 3170 auctore
1124 3107 1222 3193 paulo
1237 3109 1351 3174 melius
1373 3132 1444 3174 sen·

380 3221 451 3284 tire.
467 3215 530 3282 Sed
546 3211 720 3278 succedent
732 3232 807 3274 vere
824 3208 912 3273 docti
931 3208 1119 3299 cordatique
1135 3212 1301 3295 homines,
1320 3216 1377 3303 qui
1389 3216 1443 3280 ab·

381 3327 518 3389 solutam
535 3317 756 3384 auctoritatem
777 3318 806 3380 ei
829 3314 979 3379 dabunt:
1000 3317 1173 3382 nonenim
1193 3321 1353 3385 restt'tuerzt
1367 3321 1441 3386 licet

380 3433 503 3510 dicere,
520 3447 623 3513 quum
635 3445 771 3487 romano
780 3445 848 3486 aevo
862 3422 997 3486 omnino
1012 3445 1079 3487 non
1093 3425 1438 3510 interfueritValerius,

336 3527 339 3536 “
380 3535 483 3599 nostri
498 3531 652 3596 nimirum
664 3527 787 3611 judicio
800 3544 991 3592 reservatus.
1009 3529 1137 3594 Primus
1152 3531 1293 3620 Angelus
1306 3533 1439 3598 Politia-

379 3665 453 3720 nus,
468 3640 519 3703 vir
533 3637 702 3717 maximus,
716 3625 869 3700 vexillum
885 3634 974 3699 velut
989 3634 1030 3702 ad
1044 3635 1299 3724 protrahendum
1316 3640 1437 3720 erexit,

376 3750 451 3813 licet
472 3761 546 3810 ante
570 3767 646 3808 eum
670 3767 735 3808 non
765 3744 888 3811 nemini
907 3743 1098 3810 innotuerit.
1119 3746 1213 3808 Certe
1237 3744 1438 3832 Pomponius

376 3854 534 3933 Sabinus,
548 3849 673 3939 Virgilii
688 3849 867 3937 interpres,
887 3871 963 3913 eum
983 3871 1048 3912 non
1077 3849 1175 3913 semel
1198 3849 1322 3913 citatio
1345 3853 1436 3916 testi·

378 3958 538 4024 monium.
559 3955 687 4020 Priores
710 3971 773 4018 tres
792 3955 1036 4042 Argonauticon
1056 3953 1174 4033 libros,
1200 3975 1274 4016 cunt
1301 3953 1436 4020 dimidio

377 4081 491 4154 quarto
507 4065 540 4127 in
554 4061 750 4150 sangallensi
764 4060 912 4124 coenobio
926 4060 1081 4147 reperisse
1091 4059 1155 4138 jam
1171 4057 1249 4122 duur
1263 4059 1434 4152 Poggium,

373 4190 499 4238 constat
512 4195 550 4234 ex
564 4169 676 4233 codice
693 4167 811 4258 egregii
826 4164 885 4231 viri
901 4167 1063 4230 Laurentii
1081 4165 1241 4255 Pignorii,
1257 4168 1349 4248 cujus
1362 4170 1435 4232 sub-

373 4280 580 4368 scriptionem
592 4299 689 4342 manu
707 4275 817 4365 Poggii
831 4288 975 4338 recenset
985 4273 1034 4337 vir
1045 4295 1191 4336 summus
1200 4273 1276 4339 Ger.
1289 4275 1432 4340 Vossius.
