3196 5120
387 535 780 602 ARGONAUTICON
807 540 893 604 LIB.
919 542 965 604 H.
1155 541 1214 605 133

188 666 266 731 AEra
280 687 415 746 sonum,
432 665 567 755 fixaeque
582 667 728 733 fremunt
747 671 781 733 in
798 672 909 737 limine
926 673 1033 762 tigres.
1179 692 1216 732 sa»
1275 725 1278 730 .
1353 651 1366 676 ⁹

232 781 355 869 Regina
375 795 412 843 ut
427 784 527 846 roseis
547 786 707 849 Auroram
727 806 859 874 surgere
875 786 958 877 bigis

189 893 297 974 Vidit,
314 910 348 959 et
363 895 507 959 insomni
524 897 651 961 lassatas
669 897 801 962 turbine
818 899 948 964 tandem

189 1011 392 1074 Conticuisse
409 1009 541 1093 domos,
557 1011 704 1077 stabilem
724 1013 857 1103 quando
876 1016 999 1104 optima
1016 1017 1098 1083 facta

189 1128 276 1190 Dant
292 1126 457 1208 animum,
476 1126 643 1216 majorque
661 1128 723 1217 piis
740 1128 873 1193 audacia
889 1133 1016 1220 coeptis:

189 1241 279 1305 Serta
297 1239 397 1327 patri,
410 1240 605 1330 juvenisque
624 1263 751 1306 comam
767 1258 936 1332 vestesque
952 1246 1037 1334 Lycei
1180 1267 1216 1306 ass

190 1354 315 1436 induit,
333 1370 367 1419 et
382 1355 526 1420 medium
545 1379 644 1420 curru
661 1357 759 1439 locat,
775 1381 902 1448 seraque
920 1361 1059 1444 circum,

190 1471 437 1559 Tympanaque,
456 1487 489 1535 et
502 1471 612 1560 plenas
630 1473 725 1537 tacita
743 1473 918 1538 formidine
936 1476 1041 1542 cistas.

191 1593 265 1680 Ipsa
281 1591 370 1654 sinus
388 1589 584 1678 hederisque
601 1591 679 1680 ligat
693 1590 905 1654 famularibus
923 1607 1029 1675 artus,

190 1706 467 1795 Pampincamque
483 1706 588 1794 quatit
604 1706 745 1770 ventosis
762 1705 880 1769 ictibus
897 1705 1040 1788 hastam,

190 1819 394 1910 Respiciens,
411 1834 520 1884 teneat
535 1817 654 1883 virides
672 1819 795 1882 velatus
813 1819 955 1884 habenas

194 1937 240 2001 Ut
255 1951 362 2024 pater,
381 1949 415 2000 et
431 1935 525 2000 nivea
541 1949 688 2000 tumeant
705 1949 743 1998 ut
760 1914 883 1998 cornua
901 1935 1014 2017 mitra,

148 2153 219 2222 Quid
237 2159 260 2209 si
275 2157 378 2229 legatur
396 2160 473 2210 notre
489 2176 538 2229 pro
555 2161 661 2210 riom?
705 2156 801 2229 quibua
811 2175 865 2210 non
873 2156 1008 2228 vulganda
1017 2156 1150 2229 religionis
1158 2159 1219 2212 bac-

149 2235 201 2290 hoc
215 2254 315 2290 sensu:
331 2237 421 2291 tholus
438 2237 528 2309 templi
541 2255 661 2309 aereaque
704 2235 786 2289 chicaa
799 2255 895 2290 arcana
910 2250 985 2290 eram
1003 2237 1115 2290 inclusa.

148 2315 323 2370 instrumenta
336 2328 461 2370 resonant
472 2354 480 2380 ,
491 2327 603 2390 sponte,
613 2335 660 2369 seu
743 2319 801 2385 267.
822 2315 966 2388 Hypsipyle
980 2315 1037 2387 ipsa
1049 2314 1155 2389 thyadis
1168 2316 1218 2370 ha·

149 2393 291 2462 divinitus,
306 2395 402 2449 ominis
415 2414 495 2450 causa
506 2419 529 2450 a.
542 2397 593 2448 En.
705 2393 789 2447 bitum
809 2394 912 2461 induit,
924 2399 1020 2447 hederis
1032 2397 1215 2465 famularibus,

184 2479 242 2528 260.
251 2479 322 2528 Fixa
325 2476 474 2544 frementia
483 2477 566 2528 lintine
575 2477 658 2544 tigres.
707 2474 783 2544 quasi
801 2473 940 2537 sacerdos,
959 2475 1058 2528 famula
1076 2473 1137 2540 dei,
1154 2479 1219 2544 ligat

148 2554 249 2608 Tantus
264 2567 320 2608 erat
337 2556 439 2609 nonime
457 2566 662 2628 tympanorum,
707 2567 774 2605 nnus
782 2591 790 2614 ,
799 2543 1007 2621 parnpt'neamqfte
1017 2558 1131 2616 hastam,
1143 2554 1218 2628 thyr-

149 2643 198 2686 etc.
218 2645 248 2686 ut
261 2646 323 2688 ante
341 2635 412 2688 iores
425 2645 522 2688 stantes
537 2651 615 2686 aeneae
628 2633 661 2684 ti·
707 2635 1024 2696 commemoraretur,
1043 2645 1072 2685 ut
1090 2653 1138 2706 per
1157 2653 1219 2689 aera

148 2711 235 2786 gridee
248 2717 334 2783 (erant
345 2714 417 2767 enirn
430 2714 457 2766 in
466 2713 546 2766 tutela
555 2705 664 2782 Baccbr)
707 2713 793 2783 major
800 2711 910 2765 flamma
923 2711 1061 2776 excitetur,
1073 2718 1162 2782 quatit,
1179 2713 1218 2766 vi·

149 2804 174 2844 et
196 2793 267 2846 intus
288 2811 361 2846 cavea
386 2803 550 2847 resonarent.
577 2791 664 2845 Aliam
707 2791 775 2844 brat.

149 2883 240 2944 postea
267 2873 393 2944 temporis
420 2872 663 2944 interpretationem
744 2889 806 2940 ²7⁰·
820 2871 879 2923 Jam
895 2889 960 2924 vero
976 2871 1056 2924 semel
1069 2869 1157 2926 adhuc
1174 2891 1220 2943 pa·

148 2951 239 3004 inveni
246 2951 593 3023 WesselingiiinProbahb.
602 2951 662 3004 crit.
707 2959 774 3002 trem
790 2950 900 3013 lustrat,
921 2969 954 3004 an
971 2969 1109 3022 personam
1122 2951 1165 3004 dei
1182 2952 1219 3006 ita

149 3049 178 3102 p.
189 3030 339 3103 62,quide
348 3031 458 3104 pellibus
467 3029 609 3102 tigridibus
619 3029 663 3084 de·
706 3040 778 3081 recte
796 3046 845 3100 per
864 3029 955 3083 omnio
979 3041 1086 3082 acturus
1109 3031 1161 3094 sit,
1183 3049 1218 3084 an

149 3111 238 3164 tractis
250 3112 362 3183 accipit,
377 3129 435 3183 quae
449 3109 581 3165 ventitare
595 3121 662 3163 stre·
706 3112 802 3158 velante
816 3111 893 3170 satis,
908 3127 943 3160 ne
957 3122 1152 3180 agnosceretur,
1169 3113 1218 3161 ha-

149 3190 234 3261 pitum
243 3191 411 3244 concitatius,
421 3187 486 3243 vid.
501 3189 587 3253 infra,
598 3193 660 3260 ηδ.
706 3189 781 3238 beans
794 3191 901 3248 viridas,
918 3187 1022 3240 hederis
1031 3187 1170 3260 implexas,
1181 3204 1218 3241 te·

186 3273 245 3323 261.
258 3273 372 3339 Regina,
386 3269 441 3322 filia
455 3269 523 3340 regis
532 3306 540 3332 ,
550 3269 588 3321 uti
600 3289 661 3341 pas·
705 3281 776 3328 neat,
787 3285 822 3318 an
832 3271 903 3319 nivea
914 3283 1022 3319 remeant
1031 3288 1125 3319 cornua
1133 3273 1217 3330 mitra,

150 3350 198 3402 sim
216 3350 285 3402 infra
299 3361 409 3404 vocatur
420 3349 531 3411 Medea,
545 3363 572 3399 ut
583 3355 662 3400 Auru-
705 3364 806 3398 cornua
816 3345 882 3413 (vid.
892 3347 985 3400 Horat.
995 3344 1048 3400 Od.
1060 3348 1103 3411 11,
1114 3365 1156 3415 19,
1168 3349 1218 3416 30;

150 3449 202 3480 ram
213 3433 290 3480 roseis
299 3433 361 3498 bigis
371 3449 472 3498 surgere
480 3428 661 3500 (imaguncula
706 3423 785 3476 Ovid.
794 3425 866 3476 Fast.
876 3426 929 3489 111,
941 3444 990 3493 ¹790
999 3443 1006 3488 ;
1014 3425 1048 3480 de
1055 3427 1117 3479 Arte
1127 3445 1181 3480 am.
1189 3428 1218 3496 1,

151 3509 270 3580 poetica)
287 3520 314 3561 et
335 3509 438 3562 silentia
460 3507 584 3562 domibus
603 3506 662 3560 red-
694 3506 774 3572 'a3a)
794 3505 896 3557 enritra
905 3504 1020 3557 candida
1030 3506 1218 3576 promineant,

150 3586 202 3640 dita
212 3588 292 3641 sensit
299 3590 310 3656 (
317 3606 379 3642 nam
390 3625 397 3651 ,
407 3606 491 3659 quum
501 3586 611 3657 reliquie
623 3587 661 3638 se·
706 3598 730 3633 et
739 3601 813 3636 sacer
821 3601 855 3634 an
867 3588 991 3636 Bacchum
1004 3586 1096 3652 reserat
1104 3590 1218 3654 scyphus,

150 3667 225 3720 minae
244 3668 392 3722 insomnem
415 3668 528 3738 egissent
547 3663 662 3718 caedibus
706 3679 740 3714 an
750 3660 800 3712 rite
809 3673 888 3732 atque
897 3661 1021 3715 decenter
1033 3663 1156 3718 manibus
1165 3677 1220 3720 tra·

151 3758 270 3809 noctem,
281 3765 354 3800 nunc
367 3763 459 3798 somno
473 3765 500 3798 se
511 3743 659 3814 dederant),
706 3750 758 3791 etet
775 3742 919 3812 poculum,
938 3747 1091 3796 cantharum.
1111 3745 1154 3798 sio
1173 3744 1220 3799 de·

150 3830 257 3878 stabilem
280 3830 381 3893 meando
401 3829 493 3891 οριιιιια
509 3826 662 3892 sacrariam
705 3817 785 3870 bebat
797 3837 869 3883 esse3
889 3839 951 3872 nam
973 3827 1076 3890 sarphen
1100 3823 1220 3877 Herculis

151 3910 274 3966 animum,
296 3904 457 3958 conscientia
475 3913 545 3956 recte
572 3912 597 3954 et
617 3901 660 3972 pic
705 3897 812 3970 potius,
831 3902 963 3950 cantharus
981 3901 1077 3955 Bacchi
1095 3915 1121 3955 et
1138 3904 1219 3957 Sileni

152 3984 282 4037 santorum
300 3983 395 4036 fortem
415 3983 493 4047 facit,
512 3993 614 4054 patrem
634 3981 661 4034 in
705 3977 1219 4040 suit,neenisiformadisferebnni.Vid.

150 4062 247 4116 Bacchi
262 4081 363 4116 morem
382 4067 466 4123 senis,
483 4081 569 4122 corna,
583 4063 662 4112 vesti·
706 4057 792 4129 Heyn.
813 4056 847 4110 ad
861 4057 956 4128 virgil.
978 4059 1036 4112 Eeb
1050 4062 1108 4124 VI,
1128 4081 1178 4127 17,
1194 4073 1221 4114 ct

151 4143 192 4192 bus
203 4153 358 4195 exornatum
372 4142 463 4195 currui
473 4139 603 4212 imponit,
613 4139 663 4192 cir-
707 4155 774 4206 quos
783 4135 873 4188 laudat
881 4140 979 4205 Itrrperti
989 4138 1077 4193 adsit.
1087 4140 1219 4205 natvlt,

152 4233 308 4274 cumsonant
320 4242 373 4273 cera
385 4237 409 4272 et
419 4237 553 4289 priapum,-
564 4237 661 4291 prece·
711 4235 769 4285 ¹97·
784 4246 820 4256 -
832 4216 889 4268 Hoc
903 4217 1037 4289 singulare
1051 4221 1159 4272 Valerio
1171 4221 1218 4292 qui

152 4297 219 4354 dunt
229 4305 313 4369 plenae
332 4304 407 4352 tacita
420 4302 558 4368 fornddine
580 4304 660 4358 cisae,
707 4300 821 4363 scyphum
832 4296 937 4349 baccho
946 4298 1048 4352 tribuit.
1061 4299 1112 4352 En.
