3122 5126
471 901 880 980 PRAEMONITIO

298 1159 539 1285 NOVI
597 1157 1050 1280 EDITORIS

384 1454 438 1500 ΔΙ)
469 1453 681 1500 Lucroanu
713 1453 969 1500 nervorum

426 1939 925 1974 ψ*-

145 2167 308 2318 Quuu
332 2227 475 2278 novam
495 2201 596 2278 hanc
619 2199 663 2277 C.
679 2199 826 2276 Valerii
847 2199 974 2278 Flacci
996 2199 1211 2278 editionem

143 2323 376 2420 meditarer,
403 2325 613 2430 omniaque
645 2321 694 2402 ad
725 2351 810 2402 eam
842 2341 945 2402 recte
975 2341 1014 2402 et
1041 2323 1210 2404 fideliter

144 2445 433 2525 conficiendam
459 2447 674 2524 necessaria
704 2444 753 2524 de
781 2474 890 2524 more
921 2475 1210 2553 compararem,

146 2597 234 2648 ecee
258 2570 362 2648 fama
388 2569 520 2648 attulit
546 2597 692 2648 novum
720 2569 838 2676 hujus
865 2588 991 2676 poeta·
1014 2599 1212 2649 commen-

150 2695 293 2772 tarium
315 2721 485 2773 crescere
511 2693 583 2771 sub
612 2693 760 2771 calamo
785 2693 860 2770 viri
887 2695 932 2772 cl.
961 2695 1142 2792 Cressia,
1163 2721 1211 2772 ex

150 2816 358 2897 Academia
389 2819 587 2924 Inscriptt.
620 2835 658 2894 et
682 2817 921 2894 liberalium
946 2820 1121 2914 Artium,
1144 2819 1213 2925 qui

147 2939 384 3047 jampridem
400 2939 600 3046 Apollonii
619 2938 768 3018 Rhodii
789 2941 1055 3043 Argonautica
1073 2941 1114 3017 in
1133 2941 1213 3044 gal-

148 3063 266 3141 licum
288 3089 504 3141 sermonem
524 3063 687 3140 feliciter
704 3063 905 3142 transtulit
918 3065 985 3168 (1).
1007 3064 1212 3142 Neminem

147 3184 393 3292 explorando
422 3185 581 3263 Valerio
616 3187 808 3291 aptiorem
850 3213 1058 3283 noveram,
1093 3213 1212 3295 quam

147 3307 442 3413 elegantissimae
475 3307 593 3414 hujus
623 3303 814 3385 tortionis
847 3326 1067 3406 auctorem,
1102 3310 1215 3416 eujus

146 3459 266 3538 prosa
283 3457 372 3508 vere
391 3457 506 3508 aurea
526 3447 566 3508 et
586 3431 826 3509 carminibus
849 3433 1017 3510 suaviter
1038 3459 1212 3510 consona

146 3556 265 3633 toties
285 3553 528 3644 audientium
552 3551 703 3633 animos
727 3556 876 3660 rapuit,
895 3583 1018 3663 quum
1039 3557 1081 3633 in
1103 3557 1212 3662 regio

145 3680 323 3756 Franciae
343 3679 520 3783 Collegio
539 3678 781 3757 celeberrimi
804 3680 1106 3788 amicissimique
1125 3707 1214 3786 pro

143 3801 483 3907 sessorisdiligens
494 3803 674 3898 vicarius,
690 3803 791 3880 hane
809 3831 928 3880 unam
945 3803 1039 3882 olim
1057 3803 1107 3882 ad
1125 3831 1214 3882 con·

176 4075 219 4154 (1)
234 4075 454 4149 L'Expe'dition
472 4075 522 4130 des
536 4079 729 4149 Argonautes,
751 4097 785 4130 ou
800 4079 830 4130 lu
850 4077 995 4152 Conquele
1010 4079 1045 4132 de
1064 4080 1094 4131 la
1109 4078 1212 4132 Toiron

133 4179 210 4243 cl'or,
232 4169 347 4248 perime
368 4172 479 4226 traduit
499 4171 537 4226 du
559 4189 625 4245 grec
641 4191 704 4244 par
726 4175 753 4229 J.
775 4176 800 4228 J.
826 4177 861 4230 Α.
885 4175 1030 4244 Cressia,
1051 4173 1220 4246 proseratur

130 4271 267 4330 d¹Arabe
280 4287 325 4326 au
340 4269 459 4342 Collige
472 4271 511 4326 de
522 4272 643 4326 France.
664 4271 760 4340 Paris,
781 4269 873 4342 1802,
890 4269 965 4327 in-8.
