3196 5120
374 520 434 588 ¹7²
475 497 526 563 IN
555 500 641 564 LlB.
664 497 930 565 SECUNDUM
958 501 1357 582 ARGONAUTICON

367 619 461 667 thiasus
480 619 556 666 sinus.
569 614 638 667 Nam
653 613 703 666 Ino
716 625 742 667 et
761 613 896 669 Melicerta
909 617 1065 670 colebantur
1078 615 1213 687 praecipue
1225 617 1357 670 Corinthi.
1377 619 1433 673 Sta·

369 699 422 752 tius
438 696 526 765 canit,
545 696 609 751 silv.
631 696 681 761 IV,
697 698 731 763 3,
745 701 802 751 60':
1281 719 1286 726 ·

505 807 577 853 Inous
585 805 645 854 fretu
653 806 782 854 miscuisset
788 805 899 862 isthmon

368 907 423 959 Ubi
443 913 519 959 lnam
538 919 576 961 est
591 927 640 980 pro
657 912 832 962 θοήιιιΙιίαειιι.
847 907 941 973 Idem,
958 908 1022 963 silv.
1036 911 1081 974 11,
1094 929 1127 973 a,
1146 909 1197 973 35,
1217 907 1253 962 de
1268 909 1381 964 Lecheo
1403 909 1430 960 in

369 991 428 1044 sinu
449 989 639 1045 Corinthiaco:

511 1119 516 1131 .
542 1120 548 1132 .
572 1120 578 1133 .
598 1087 752 1136 slslaaolert
762 1088 842 1136 semite
855 1097 915 1136 teoto
924 1088 1029 1136 Lecbno.

406 1205 441 1258 V.
456 1209 519 1260 612.
546 1211 672 1259 Undarum
691 1212 765 1260 decas
778 1223 802 1260 et
816 1211 912 1276 gentis,
934 1210 1041 1260 oetaeis
1058 1212 1142 1277 virgo.
1160 1208 1284 1264 —Helle
1301 1207 1358 1261 fitis
1372 1176 1432 1262 'erut

369 1293 550 1360 Athamantis,
562 1295 638 1367 cujus
656 1295 738 1350 frater
756 1296 902 1360 Cretheus,
922 1297 1026 1355 Jusouis
1041 1314 1117 1350 suus.

404 1421 439 1473 V.
454 1425 518 1487 614.
552 1427 698 1493 Mediasque
715 1428 843 1478 intervolat
859 1427 945 1487 ardes,
971 1430 1027 1492 Qua
1046 1427 1151 1477 breus'bm
1165 1425 1232 1494 fiais
1255 1439 1328 1476 mstsss
1349 1427 1430 1492 aqrris.

371 1509 500 1564 -Sestos
518 1524 544 1565 et
556 1510 665 1584 Abydos
678 1524 752 1566 eraut
767 1513 821 1565 site
837 1513 865 1568 in
880 1513 1063 1584 angustissima
1076 1511 1238 1585 Hellesponti
1247 1587 1249 1594 γ
1258 1513 1350 1575 fauce3
1366 1521 1432 1583 quus

370 1593 449 1646 urbes
465 1593 605 1660 Valerius,
618 1596 739 1668 quumvis
751 1615 806 1649 non
823 1597 959 1659 nominet,
973 1596 1035 1650 situs
1050 1596 1147 1650 indicio
1167 1597 1271 1650 ridetur
1281 1594 1430 1668 designare.

402 1730 438 1783 V.
453 1729 504 1783 615
517 1765 770 1785 ...............
788 1736 924 1801 Asiamque
939 1745 1088 1800 prementem

509 1817 607 1885 Effirgit
618 1817 725 1886 abruptis
741 1822 842 1886 Europa
855 1821 988 1870 immanior
999 1821 1059 1870 om's.

369 1929 473 1983 Eminet
483 1930 526 1983 hic
538 1930 614 1984 locus
623 1915 785 2003 imaginandi
796 1941 823 1984 et
834 1949 882 2003 per
890 1931 1065 1985 elocutionem
1074 1927 1201 2002 pingendi
1208 1929 1234 1981 ri
1243 1929 1356 2001 poetica.
1365 1930 1431 1983 Asin

369 2023 396 2064 et
405 2011 515 2084 Europae
524 2012 603 2066 litora
613 2026 675 2068 sunt
687 2025 808 2087 aspectus
816 2015 894 2087 longe
904 2013 1015 2068 diversi:
1025 2015 1070 2068 illa
1079 2015 1158 2086 plana
1168 2013 1309 2085 cultaque,
1320 2015 1432 2086 Europe

369 2108 462 2149 contra
471 2108 605 2168 praerupta
618 2109 643 2150 et
657 2100 761 2152 incultu
776 2098 895 2152 horrido.
911 2099 978 2166 Quis
991 2110 1080 2152 sutem
1093 2097 1150 2151 hec
1163 2097 1226 2150 telis
1238 2098 1273 2150 ita
1284 2097 1431 2153 describere

370 2180 456 2232 valcat
464 2217 473 2244 ,
485 2192 515 2233 ut
525 2179 645 2234 videatur
655 2201 760 2246 creare,
774 2183 826 2236 nisi
836 2202 915 2255 quem
933 2195 1027 2236 nature
1046 2194 1150 2254 poetam
1161 2181 1285 2235 finxerit?
1295 2183 1378 2236 Porro
1390 2193 1431 2234 te·

367 2265 420 2317 lem
440 2283 497 2318 esse
510 2265 650 2318 Valerium
670 2285 750 2320 nemo
766 2267 909 2340 negaverit.

397 2383 434 2436 V.
455 2386 507 2436 620
514 2418 856 2436 ....................
873 2386 1010 2452 stupuitque
1018 2384 1151 2452 fragorem

507 2471 613 2527 rauna,
630 2481 654 2518 et
665 2469 773 2518 occiduis
790 2481 909 2535 regnator
928 2468 1046 2518 montibus
1064 2470 1148 2518 Artas.

361 2575 426 2628 Μαι.
438 2587 591 2648 veteresque
601 2575 731 2630 editiones
743 2577 844 2630 habent
853 2583 947 2640 Janus,
960 2595 1042 2649 quum
1058 2576 1198 2629 lectionem
1211 2575 1369 2648 posteriores
1382 2573 1431 2626 im-

364 2659 459 2712 merito
473 2671 630 2732 respuerunt
644 2660 792 2724 editiones,
806 2661 827 2713 si
845 2659 954 2733 quidem
969 2666 1049 2712 sonus
1067 2657 1187 2730 designat
1203 2671 1229 2712 et
1245 2670 1362 2712 montem
1378 2659 1431 2709 Its·

366 2743 424 2807 lise,
434 2743 600 2809 ianiculum,
610 2757 636 2798 et
646 2755 761 2798 veterem
770 2745 851 2818 hujus
862 2743 976 2816 regionis
986 2761 1085 2816 regern,
1096 2742 1142 2814 qui
1152 2741 1241 2797 sedem
1250 2743 1278 2794 in
1286 2741 1332 2795 illo
1343 2751 1433 2793 monte

364 2827 487 2881 habebat.
502 2829 573 2900 Ergo
582 2847 636 2883 vox
652 2836 731 2882 lanus
749 2829 785 2884 ed
798 2830 924 2884 amussim
936 2827 1078 2899 respondet
1092 2827 1151 2880 voci
1162 2833 1249 2889 Atlas,
1262 2845 1322 2898 quo
1332 2825 1432 2898 pariter

365 2931 462 2966 nornen
473 2923 513 2966 est
525 2923 551 2965 et
562 2914 657 2967 montis
667 2914 763 2968 Africo
773 2952 781 2978 ,
792 2926 818 2967 et
827 2913 952 2986 principis
966 2931 1046 2984 quem
1066 2913 1153 2964 lerunt
1171 2913 1198 2964 in
1212 2910 1256 2964 illa
1268 2910 1377 2982 regione
1390 2927 1432 2962 re·

366 3014 496 3067 gessisse.

401 3115 437 3168 V.
452 3119 513 3170 622.
540 3123 598 3168 Jam
611 3120 678 3186 juga
697 3123 821 3176 Percotes,
846 3119 991 3183 Pariumque
1005 3117 1099 3184 infame
1104 3116 1221 3184 fragosis

541 3205 700 3268 Exsuperant
720 3203 861 3268 Pityamque
879 3203 955 3252 vadis
965 3239 973 3262 ,
993 3199 1271 3280 transmissaquepuppi

542 3290 701 3352 Latnpsaaus.

366 3407 486 3463 Percotes,
500 3403 563 3454 urbs
577 3401 689 3454 Troadis
703 3413 759 3456 erat
777 3402 805 3454 in
821 3400 1007 3472 Hellesponto,
1021 3398 1146 3478 Abydum
1159 3417 1238 3470 supra
1248 3415 1256 3451 ι
1266 3400 1382 3458 Parium,
1396 3395 1430 3450 sd

367 3505 397 3538 os
406 3485 576 3558 Propontidis
586 3499 642 3540 erat
653 3487 743 3539 situm.
754 3489 838 3552 lydo,
848 3483 995 3538 secundum
1008 3483 1172 3538 Sclsoliasteu
1181 3481 1331 3554 Apollonii,
1340 3479 1430 3534 eedem

367 3581 407 3621 est
417 3589 449 3623 uc
459 3577 608 3640 Larnpsaeus
618 3571 666 3639 (1).
681 3570 774 3624 Strabo
793 3581 818 3622 et
828 3579 919 3641 postea
937 3568 1084 3640 Stephanus
1100 3568 1243 3639 Byzantius
1253 3566 1435 3618 meminerunt

367 3653 441 3706 urhis
450 3655 558 3707 nomine
569 3658 657 3720 llo-o,
667 3656 743 3726 juxta
754 3656 851 3705 Parium
861 3653 908 3722 (o).
920 3652 1034 3706 Urbium
1046 3652 1110 3706 situs
1120 3649 1282 3723 postulabat,
1293 3660 1324 3702 ut
1335 3651 1431 3701 Parium

367 3748 393 3788 et
407 3739 475 3799 Pina
484 3747 544 3789 unte
554 3743 715 3804 Lampsacum
726 3737 929 3789 nominarentur
940 3754 946 3788 :
958 3734 1004 3789 sed
1019 3747 1111 3789 auctor
1125 3734 1243 3808 poetice,
1256 3753 1311 3787 non
1323 3751 1432 3804 geogra-

366 3819 457 3891 phiae,
471 3817 637 3884 describens,
654 3821 785 3874 rationem
798 3820 918 3873 locorum
931 3822 1018 3873 minus
1029 3818 1170 3892 diligenter
1182 3815 1435 3871 servunt-Scho-

366 3899 452 3952 lisstes
462 3898 613 3970 Apollonii,
629 3899 759 3970 originem
773 3899 844 3953 vocis
858 3901 932 3964 Pitye
947 3899 1078 3964 reserens,
1093 3899 1130 3952 sit
1145 3914 1237 3950 vocem
1258 3917 1334 3954 esron
1361 3892 1433 3967 apud

367 3981 484 4035 Thracas
493 3981 645 4035 theotimum
656 3983 820 4054 significare,
831 3983 976 4054 subemque
985 3980 1020 4034 its
1032 3981 1196 4036 nominatam
1212 3999 1268 4034 esse
1279 3999 1295 4034 a
1308 3980 1435 4034 thesauro

397 4174 432 4238 (ι)
449 4175 525 4223 Schol.
534 4175 615 4236 Apoll.
631 4177 721 4236 1,933.

397 4253 434 4315 (u)
449 4251 525 4298 Struit.
542 4251 613 4307 xttl,
625 4267 650 4312 p.
661 4251 714 4298 588.
