3116 5102
377 550 763 615 Ancortruncou
791 552 878 615 mn.
904 552 947 640 v,
1132 549 1195 634 329

218 681 262 744 Ut
276 701 353 745 vero
368 683 532 772 amplexus
544 681 619 746 fessi
632 703 749 772 rupere
763 705 951 770 supremos,
981 755 985 765 Ι

173 798 217 862 Εῑ
227 797 344 885 rapidae
358 819 496 862 sonuere
507 798 610 879 faces,
626 812 705 861 tunc
717 797 786 884 ipsa
797 797 930 862 cremari

173 911 249 978 Visa
261 913 353 995 ratis,
368 912 542 1000 medioque
552 911 639 975 viros
651 910 814 1000 deponere
825 927 940 999 ponto.

173 1031 207 1096 N
208 1051 250 1093 on
264 1029 338 1093 tulit
348 1027 538 1106 AEsonides,
554 1027 690 1117 geminis
704 1025 868 1116 flagrantia
881 1049 1015 1092 cernens
1172 1046 1198 1084 3⁵

173 1149 319 1233 Corpora
330 1166 402 1208 cara
413 1143 515 1234 rogis,
528 1141 586 1206 sed
596 1157 728 1232 pectore
740 1140 857 1204 ductor
869 1141 910 1204 ab
922 1142 988 1205 imo

173 1259 263 1324 Talia
273 1279 352 1323 voce
365 1257 482 1346 gemit:
497 1254 610 1338 «Quid
621 1270 748 1318 tantum
762 1254 887 1319 insensa
899 1272 1032 1344 repente

173 1375 340 1441 Numina?
353 1396 435 1464 quas
452 1375 555 1438 nostri
568 1395 679 1462 poenas
692 1393 841 1436 meruere
851 1371 1002 1436 labores?

173 1491 256 1555 Bina
269 1490 416 1579 (nelssl)
437 1504 510 1554 tuto
522 1488 642 1576 pariter
653 1486 733 1550 mihi
745 1486 858 1551 funera
872 1502 1011 1576 surgunt

173 1607 304 1688 Litore3
320 1626 435 1694 magna
451 1602 532 1666 adeo
550 1601 706 1666 comitum
725 1623 962 1688 numerosaque
979 1602 1105 1690 pubes?
1175 1623 1201 1665 n

174 1726 245 1788 Aut
260 1721 364 1785 socios
378 1719 462 1807 rapit
477 1733 544 1782 atra
563 1715 650 1796 dies,
667 1732 724 1778 aut
740 1715 809 1803 ipse
822 1715 972 1803 relinquo

174 1836 332 1901 Sontibus
348 1833 506 1923 impulsus
519 1831 636 1896 Furiis.
652 1830 718 1894 Ubi
734 1829 878 1921 Tiphys?
892 1830 950 1893 ubi
967 1829 1084 1896 Idmon

175 1952 257 2016 Fata
270 1949 411 2014 canens?
429 1947 486 2010 ubi
503 1945 716 2010 monstriferae
731 1968 789 2034 par
804 1947 857 2010 ille
873 1945 1042 2010 novercae?

176 2066 227 2131 Te
241 2065 327 2146 sine,
344 2061 542 2152 Thespiade‚
558 2083 618 2128 nos
633 2061 696 2128 ulla
711 2060 914 2126 movebimus
930 2061 1013 2126 ultra

163 2285 203 2333 35.
215 2283 336 2330 insontis.
351 2283 441 2330 Boron.
457 2290 481 2327 et
494 2283 573 2328 Burin.
591 2279 660 2326 codd.
675 2281 765 2327 Βοιιοιι.
779 2282 797 2327 1.
814 2282 973 2328 flammantia.
992 2285 1082 2330 Borion.
1100 2285 1152 2330 eod.
1172 2313 1202 2321 -

132 2366 171 2427 39.
186 2366 243 2410 Toto
249 2364 345 2426 pariter.
357 2361 433 2408 codd.
447 2371 470 2408 et
481 2359 535 2407 edd.
547 2368 632 2421 preter
642 2359 742 2419 lingent.
758 2363 823 2405 litto.
834 2362 885 2406 lem
897 2361 982 2408 Sabell.
998 2372 1022 2408 et
1032 2362 1086 2408 Pius
1097 2379 1126 2410 ex
1137 2366 1200 2426 conj.

132 2447 239 2504 Surgeret.
251 2440 324 2486 vitio.
337 2449 362 2486 et
376 2443 465 2485 Borion.
483 2437 553 2485 codd.
570 2463 602 2472 -—
618 2437 950 2501 41.llelr'nquor.MsleCerr.
967 2467 999 2476 —
1014 2448 1053 2496 aa.
1065 2443 1200 2506 Impulsum.

132 2523 227 2568 Boron.
244 2518 297 2565 cod.
317 2519 362 2565 Eu.

171 2728 215 2782 32.
234 2731 265 2778 Ut
275 2745 336 2778 uero
349 2729 478 2794 amplexus
484 2724 552 2791 fissi
565 2739 649 2790 rupere
728 2724 913 2787 41.Aurrocior
921 2728 985 2792 rapit
993 2739 1050 2776 ntra
1058 2729 1122 2788 dies,
1131 2745 1204 2781 mors

135 2825 269 2876 supremos,
276 2804 375 2876 fatigati
384 2800 597 2864 tandem,oscula
604 2799 650 2851 im·
692 2812 867 2874 praematura,
880 2817 925 2853 aut
932 2805 982 2870 ipse
992 2807 1103 2873 relinquo
1113 2806 1166 2874 (sic
1176 2826 1204 2859 se

135 2885 252 2958 primere
267 2881 385 2948 desiere,
402 2897 460 2934 turm
475 2883 527 2950 ipsa
545 2881 650 2932 cremori
692 2883 748 2953 ipse
759 2893 864 2935 accusat
873 2879 993 2935 Herculis
1005 2883 1133 2954 neglecti)
1144 2906 1203 2936 son·

137 2968 199 3016 ratis
208 2966 280 3024 vira,
292 2966 419 3030 medioque
430 2965 497 3013 viros
513 2965 647 3028 deponere,
693 2965 768 3022 ribus,
782 2961 917 3012 malevolis
930 2961 1060 3030 (Statius,
1074 2963 1158 3016 Theb.
1166 2965 1203 3030 V,

137 3061 257 3114 mergere
266 3083 274 3107 ,
280 3057 365 3110 ponto.
693 3045 757 3096 610:
770 3042 814 3107 qui
820 3055 855 3099 te,
868 3060 922 3091 mea
934 3044 1044 3109 gaudio,
1057 3054 1143 3096 sontes
1152 3048 1205 3095 Ex·

147 3141 151 3153 ¹
174 3117 649 3193 35-37·Burmannlanuscodexhnbel
694 3126 802 3177 stinxere
812 3123 847 3172 dii
853 3121 877 3190 Ρ)
888 3123 1001 3189 impulsus
1001 3123 1088 3188 furiis.

138 3204 267 3262 AEsorrius,
281 3202 377 3253 rectius
398 3199 454 3252 sine
470 3198 565 3262 dubio,
584 3217 650 3270 quo·
731 3209 773 3266 4²·
784 3201 816 3256 Et
827 3211 939 3272 quantos
946 3200 1108 3272 perdidimus
1118 3203 1202 3257 viros!

138 3282 211 3336 niam
223 3321 230 3345 ,
241 3280 261 3331 si
276 3283 404 3332 AEsooidrs
424 3279 550 3343 retineas,
565 3283 653 3330 ductor
697 3283 742 3338 usi
755 3283 842 3350 Tipltrs
850 3303 860 3341 ,¹
874 3280 1052 3350 gubernator?
1067 3284 1108 3331 nbi
1117 3287 1205 3334 Idmon

138 3357 240 3413 otiosus
263 3378 319 3412 esse
344 3359 428 3412 videri
451 3358 541 3429 possit.
567 3357 651 3428 Magis
687 3364 749 3430 'fara
766 3379 874 3419 canens,
895 3371 966 3414 vates
990 3372 1016 3411 et
1036 3360 1140 3430 augur?
1163 3365 1208 3414 Ubi

139 3439 229 3492 adhuc
244 3439 357 3509 placeret
376 3438 588 3498 Friesemannur,
605 3437 652 3507 qui
695 3441 854 3508 monstriferae
861 3437 1097 3507 perillenovercoe?
1107 3439 1206 3494 Hercu·

139 3524 217 3570 ducta
228 3531 326 3585 pectore
339 3521 371 3567 ab
388 3518 435 3567 imo
448 3519 509 3566 talia
522 3537 585 3567 ‘noce
598 3535 653 3568 tnu-
695 3521 750 3584 les,
767 3519 814 3589 qul
828 3515 899 3569 aliud
915 3528 973 3587 post
990 3516 1062 3570 alind
1076 3522 1208 3576 novercali

140 3598 212 3660 vult,
224 3599 245 3649 si
257 3596 318 3648 libri
329 3597 356 3648 in
365 3595 410 3648 tali
421 3595 560 3648 verborum
571 3606 653 3648 traus-
696 3598 780 3651 odioa
790 3599 894 3650 Junoue
904 3595 1049 3650 immissum
1061 3613 1207 3656 monstrum

142 3677 271 3750 positione
284 3673 445 3728 addicerent.
696 3679 808 3742 feliciter
834 3688 919 3726 tamen
944 3674 1101 3746 debellavit,
1122 3679 1158 3734 ita
1179 3693 1209 3734 ut

177 3759 221 3824 39.
243 3759 308 3807 Birra
318 3755 427 3822 (nefus,
447 3753 528 3806 eheu!
536 3757 554 3817 )
556 3754 652 3820 funera
697 3763 753 3833 ipsu
763 3757 834 3808 lurro
845 3753 915 3824 apud
926 3755 1051 3808 Senecam
1064 3758 1144 3812 Herc.
1158 3761 1213 3814 fur.

142 3839 202 3888 milti
217 3849 321 3903 surgunt
337 3836 362 3884 in
382 3848 433 3882 tuto
454 3835 537 3894 litore,
558 3849 611 3883 non
626 3833 654 3883 in
699 3850 731 3906 41
743 3881 750 3906 ,
764 3839 890 3890 fateatur:
904 3837 984 3884 minor
996 3839 1066 3888 labor
1078 3845 1212 3892 estHereu-

142 3914 231 3967 hostili
246 3913 371 3984 regione,
381 3911 426 3965 sed
440 3909 548 3982 placidis
561 3912 653 3978 tetris,
699 3922 810 3988 1i‚j11sse
820 3915 937 3979 exsequi,
949 3933 1022 3980 quam
1035 3919 1191 3988 miliijnbm,

143 3993 182 4046 uti
193 4013 218 4045 v.
229 4013 270 4064 7²·
735 4004 778 4060 44.
799 3993 889 4064 Pergit
909 3993 988 4044 Jason
1005 3993 1210 4067 interrogando,

180 4079 223 4134 to.
237 4075 334 4138 Magna
348 4075 411 4122 adeo
422 4072 533 4121 corm'tum
542 4090 655 4122 numero·
700 4073 771 4147 quod
781 4072 893 4125 lecimus
905 4071 1004 4124 allecto
1015 4073 1092 4144 pleni.
1103 4079 1160 4128 Sine
1171 4093 1209 4136 re.

144 4169 223 4216 saque
238 4152 334 4216 pubes)
352 4151 421 4201 Num
438 4162 491 4202 tam
507 4150 584 4202 multi
604 4168 655 4200 nu·
700 4154 746 4208 tali
765 4152 890 4223 magistro
910 4149 1042 4218 destituti,
1062 4159 1206 4223 Thespiade,

145 4245 219 4280 mero
233 4245 323 4279 sumus
335 4265 342 4290 ,
355 4239 383 4279 ut
397 4229 467 4282 hanc
480 4229 557 4282 talem
568 4232 655 4302 jactu·
700 4232 803 4304 Tiphy,
824 4251 867 4281 nos
882 4233 1122 4294 ntorebirnus,remis
1131 4236 1213 4307 agita.

146 4325 204 4368 ram
214 4324 289 4378 aequo
302 4306 389 4360 animo
404 4307 471 4360 ferre
484 4309 628 4380 queamus?
699 4312 801 4378 bimus,
815 4320 934 4380 equom?
