3122 5126
393 529 1471 555 mmmmmmmmmusmmwummmwuumom

737 753 1128 860 PRAEFATIO

535 978 683 1046 netu.
708 979 926 1046 uasnnn
952 977 1005 1046 nt
1029 977 1326 1050 incensor.

762 1155 1105 1182 —--o-—

554 1310 731 1358 etunius
761 1310 966 1358 necemus
995 1311 1306 1362 arremarensis

541 1551 543 1557 ,
594 1449 789 1520 JACOBO
824 1449 892 1517 DE
927 1449 1282 1531 MOLENDINO,

620 1605 704 1638 uem
721 1605 874 1638 TEEOLOGIAE
893 1603 1043 1638 Pflomwnf
1063 1605 1170 1650 Rullo,
1187 1606 1240 1638 uh.

734 1784 1125 1818 *QG*—

400 1933 509 2034 Inrita
518 1977 630 2026 nautas
642 1983 763 2050 paucos
774 1959 952 2025 admodum
962 1961 1120 2050 reperies,
1130 1961 1294 2052 Theologe
1306 1963 1444 2054 insignis
1456 2010 1467 2045 ,

398 2093 481 2158 quos
491 2069 612 2158 Tiphys
624 2067 800 2132 navarchos
816 2067 927 2130 volens
947 2066 1110 2150 instituat,
1121 2091 1224 2156 qnum
1239 2091 1384 2151 summa,
1398 2092 1466 2134 nec

399 2201 435 2242 ea
449 2178 586 2241 inventu
600 2175 714 2257 facilis,
728 2173 927 2261 disquiratur
942 2173 1117 2254 industria,
1134 2173 1343 2263 prudensque
1360 2175 1469 2240 consi·

398 2284 478 2349 lium
496 2283 532 2345 iu
550 2304 610 2361 eo,
629 2301 728 2368 penes
745 2301 842 2367 quem
860 2277 1038 2367 deligendae
1054 2279 1169 2343 carinae
1192 2301 1318 2343 summa
1337 2297 1401 2360 est,
1430 2297 1469 2344 et

397 2389 546 2480 regendae
573 2387 755 2475 imperium.
779 2385 812 2450 Si
839 2385 926 2449 enim
956 2407 1078 2450 annosa
1103 2385 1201 2450 fuerit
1224 2386 1318 2470 ratis,
1338 2386 1467 2449 rimulis

398 2495 547 2558 fatiscens
557 2538 566 2572 ,
578 2488 722 2554 trabibus
736 2503 885 2551 contexta
893 2487 1050 2586 cariosis,
1070 2502 1103 2550 et
1123 2488 1236 2576 picatis
1253 2487 1468 2576 negligenter,

397 2612 454 2659 aut
477 2613 647 2682 perperam
671 2588 925 2670 coherentibus,
943 2587 1175 2676 praesideatque
1199 2589 1368 2677 imperitus
1393 2611 1467 2652 ma·

398 2702 505 2790 gister,
522 2698 575 2762 cui
587 2696 677 2760 venti
688 2711 927 2782 ventorumque
943 2695 1096 2760 stationes
1113 2717 1180 2788 non
1197 2695 1263 2758 sint
1282 2695 1466 2782 exploratae,

399 2807 455 2894 qui
476 2806 561 2867 lunae
584 2823 707 2865 cornua
729 2799 926 2887 orbemque,
951 2816 1071 2882 arctos,
1095 2816 1128 2864 et
1149 2800 1254 2864 sidera
1273 2817 1374 2865 noctu
1394 2825 1465 2865 non

398 2911 569 2990 consulat,
588 2907 729 2995 solisque
748 2903 854 2968 radios
873 2906 1027 2994 aequales,
1045 2905 1203 2987 maculas,
1221 2906 1393 2994 pallorem,
1406 2922 1467 2970 aut

396 3016 555 3106 igniculos
572 3011 804 3101 splendicantes
818 3010 962 3075 interdiu
977 3033 1045 3074 non
1062 3012 1293 3099 speculeretur,
1306 3034 1466 3099 avesque,

398 3122 520 3211 pisces,
538 3135 571 3182 et
588 3140 660 3205 quae
678 3115 719 3178 ad
738 3136 869 3178 cursum
888 3136 954 3177 non
971 3138 1087 3203 parum
1106 3116 1229 3180 faciunt
1246 3117 1466 3181 minutissima

396 3224 603 3317 pertinaciter
623 3221 777 3310 negligat,
795 3221 876 3283 nihil
894 3239 1009 3309 praeter
1034 3237 1213 3286 extremum
1232 3221 1403 3286 discrimen
1426 3222 1464 3286 iu

393 3317 479 3398 'mari
498 3344 711 3417 exspectatur.
723 3327 836 3408 Quum
852 3349 929 3420 vero
946 3328 1030 3391 illius
1042 3327 1239 3414 (cujusmodi
1255 3327 1320 3416 es),
1331 3327 1463 3392 dextera

399 3436 557 3516 succedit,
577 3435 633 3522 qui
663 3454 777 3496 navem
804 3432 935 3496 instruit
956 3433 1194 3521 pulcherrime,
1218 3451 1463 3523 peropportune

398 3543 514 3623 solvit,
537 3538 641 3603 ventis
666 3538 735 3602 vela
764 3535 877 3600 sedulo
906 3538 1057 3626 explieat,
1085 3561 1204 3628 gnarus
1230 3540 1329 3604 vitare
1361 3540 1462 3603 maria

396 3645 656 3740 prominentibus
671 3644 752 3707 saxis
767 3659 799 3707 et
809 3640 982 3707 latentibus
993 3645 1130 3726 vadosa,
1144 3667 1211 3709 non
1225 3645 1351 3708 nescius
1361 3667 1460 3732 qnam

398 3756 568 3843 frequens,
590 3766 622 3814 et
639 3749 741 3813 multa
761 3750 795 3812 in
814 3751 894 3812 mari
911 3749 1019 3814 Siculo
1036 3749 1223 3839 Gallicoque
1236 3748 1459 3838 profunditas,

398 3862 506 3926 sinon
518 3854 676 3938 jucunda,
689 3855 799 3918 saltem
815 3854 916 3918 tutior
931 3871 979 3919 est
996 3855 1176 3944 navigatio:
1192 3854 1360 3942 multoque
1372 3877 1462 3918 com·

398 3962 579 4030 mendatior
601 3959 706 4023 navita
726 3956 877 4039 creditur,
903 3957 929 4022 si
950 3981 1106 4046 perquam
1129 3960 1276 4022 saeviente
1299 3959 1459 4047 procella,

397 4071 576 4156 solutisque
586 4065 700 4130 austris
708 4079 838 4128 ettorve
851 4062 1134 4148 debacchantibus,
1146 4086 1267 4129 cornua
1279 4064 1458 4147 obvertere,

399 4175 590 4263 complicare
608 4171 752 4249 carbasa,
769 4185 802 4233 et
822 4167 966 4233 secundo
984 4169 1159 4234 destitutus
1178 4170 1321 4257 zephyro
1337 4171 1458 4258 palmas
