<?xml version="1.0" encoding="UTF-8"?>
<!DOCTYPE html PUBLIC "-//W3C//DTD XHTML 1.0 Transitional//EN"
    "http://www.w3.org/TR/xhtml1/DTD/xhtml1-transitional.dtd">
<html xmlns="http://www.w3.org/1999/xhtml" xml:lang="en" lang="en">
 <head>
  <title>
</title>
<meta http-equiv="Content-Type" content="text/html;charset=utf-8" />
  <meta name='ocr-system' content='tesseract 3.04.00' />
  <meta name='ocr-capabilities' content='ocr_page ocr_carea ocr_par ocr_line ocrx_word'/>
</head>
<body>
  <div class='ocr_page' id='page_1' title='image "./cvaleriiflaccis00apolgoog_0421.png"; bbox 0 0 3196 5120; ppageno 0'>
   <div class='ocr_carea' id='block_1_1' title="bbox 388 443 1142 534">
    <p class='ocr_par' dir='ltr' id='par_1_1' title="bbox 388 443 1142 534">
     <span class='ocr_line' id='line_1_1' title="bbox 388 443 1142 534; baseline -0.015 -19"><span class='ocrx_word' id='word_1_1' title='bbox 388 451 447 534; x_wconf 85' lang='lat'>198</span> <span class='ocrx_word' id='word_1_2' title='bbox 688 449 725 510; x_wconf 90' lang='lat' dir='ltr'>C.</span> <span class='ocrx_word' id='word_1_3' title='bbox 750 443 944 510; x_wconf 83' lang='lat' dir='ltr'>VALERII</span> <span class='ocrx_word' id='word_1_4' title='bbox 971 443 1142 508; x_wconf 83' lang='lat' dir='ltr'>FLACCI</span> 
     </span>
    </p>
   </div>
   <div class='ocr_carea' id='block_1_2' title="bbox 429 571 1278 664">
    <p class='ocr_par' dir='ltr' id='par_1_2' title="bbox 429 571 1278 664">
     <span class='ocr_line' id='line_1_2' title="bbox 429 571 1278 664; baseline -0.007 -20"><span class='ocrx_word' id='word_1_5' title='bbox 429 581 644 664; x_wconf 74' lang='lat' dir='ltr'>Cornuaque,</span> <span class='ocrx_word' id='word_1_6' title='bbox 663 591 696 638; x_wconf 90' lang='lat' dir='ltr'>et</span> <span class='ocrx_word' id='word_1_7' title='bbox 712 591 815 640; x_wconf 84' lang='lat' dir='ltr'>motas</span> <span class='ocrx_word' id='word_1_8' title='bbox 833 573 922 638; x_wconf 82' lang='lat' dir='ltr'>videt</span> <span class='ocrx_word' id='word_1_9' title='bbox 935 575 1021 639; x_wconf 90' lang='lat' dir='ltr'>inter</span> <span class='ocrx_word' id='word_1_10' title='bbox 1036 571 1148 636; x_wconf 82' lang='lat' dir='ltr'>nubila</span> <span class='ocrx_word' id='word_1_11' title='bbox 1163 587 1278 638; x_wconf 87' lang='lat' dir='ltr'>turres.</span> 
     </span>
    </p>
   </div>
   <div class='ocr_carea' id='block_1_3' title="bbox 391 670 1445 891">
    <p class='ocr_par' dir='ltr' id='par_1_3' title="bbox 391 670 1445 891">
     <span class='ocr_line' id='line_1_3' title="bbox 391 670 1349 781; baseline -0.004 -23"><span class='ocrx_word' id='word_1_12' title='bbox 391 670 398 682; x_wconf 87' lang='lat'>.</span> <span class='ocrx_word' id='word_1_13' title='bbox 427 697 520 758; x_wconf 89' lang='lat' dir='ltr'>Tunc</span> <span class='ocrx_word' id='word_1_14' title='bbox 533 693 652 781; x_wconf 80' lang='lat' dir='ltr'>gravis,</span> <span class='ocrx_word' id='word_1_15' title='bbox 667 706 700 755; x_wconf 89' lang='lat' dir='ltr'>et</span> <span class='ocrx_word' id='word_1_16' title='bbox 715 706 804 756; x_wconf 90' lang='lat' dir='ltr'>certo</span> <span class='ocrx_word' id='word_1_17' title='bbox 819 688 956 756; x_wconf 87' lang='lat' dir='ltr'>tendens</span> <span class='ocrx_word' id='word_1_18' title='bbox 972 689 1109 754; x_wconf 82' lang='lat' dir='ltr'><strong>stridore</strong></span> <span class='ocrx_word' id='word_1_19' title='bbox 1125 710 1184 775; x_wconf 84' lang='lat' dir='ltr'>per</span> <span class='ocrx_word' id='word_1_20' title='bbox 1199 689 1349 770; x_wconf 71' lang='lat' dir='ltr'>umbus,</span> 
     </span>
     <span class='ocr_line' id='line_1_4' title="bbox 427 802 1445 891; baseline -0.013 -17"><span class='ocrx_word' id='word_1_21' title='bbox 427 807 554 874; x_wconf 85' lang='lat' dir='ltr'>AEsonii</span> <span class='ocrx_word' id='word_1_22' title='bbox 569 806 659 870; x_wconf 82' lang='lat' dir='ltr'>venit</span> <span class='ocrx_word' id='word_1_23' title='bbox 673 805 764 870; x_wconf 82' lang='lat' dir='ltr'>hasta</span> <span class='ocrx_word' id='word_1_24' title='bbox 780 803 891 886; x_wconf 88' lang='lat' dir='ltr'>ducis,</span> <span class='ocrx_word' id='word_1_25' title='bbox 908 804 1074 891; x_wconf 81' lang='lat' dir='ltr'>latumque</span> <span class='ocrx_word' id='word_1_26' title='bbox 1090 803 1150 867; x_wconf 89' lang='lat' dir='ltr'>sub</span> <span class='ocrx_word' id='word_1_27' title='bbox 1166 802 1234 867; x_wconf 90' lang='lat' dir='ltr'>imo</span> <span class='ocrx_word' id='word_1_28' title='bbox 1407 825 1445 869; x_wconf 63' lang='lat' dir='ltr'>no</span> 
     </span>
    </p>
   </div>
   <div class='ocr_carea' id='block_1_4' title="bbox 426 918 1447 2157">
    <p class='ocr_par' dir='ltr' id='par_1_4' title="bbox 426 918 1446 1816">
     <span class='ocr_line' id='line_1_5' title="bbox 427 918 1314 1010; baseline -0.005 -22"><span class='ocrx_word' id='word_1_29' title='bbox 427 924 562 988; x_wconf 82' lang='lat' dir='ltr'>Pectore</span> <span class='ocrx_word' id='word_1_30' title='bbox 578 921 701 1010; x_wconf 85' lang='lat' dir='ltr'>rumpit</span> <span class='ocrx_word' id='word_1_31' title='bbox 714 922 785 985; x_wconf 86' lang='lat' dir='ltr'>iter.</span> <span class='ocrx_word' id='word_1_32' title='bbox 806 920 914 1002; x_wconf 86' lang='lat' dir='ltr'>Quam</span> <span class='ocrx_word' id='word_1_33' title='bbox 931 941 1019 982; x_wconf 90' lang='lat' dir='ltr'>nuuc</span> <span class='ocrx_word' id='word_1_34' title='bbox 1038 918 1204 1007; x_wconf 82' lang='lat' dir='ltr'>incognita</span> <span class='ocrx_word' id='word_1_35' title='bbox 1219 920 1314 984; x_wconf 87' lang='lat' dir='ltr'>vellet</span> 
     </span>
     <span class='ocr_line' id='line_1_6' title="bbox 426 1033 1239 1123; baseline -0.01 -21"><span class='ocrx_word' id='word_1_36' title='bbox 426 1038 542 1102; x_wconf 83' lang='lat' dir='ltr'><strong>Lustra</strong></span> <span class='ocrx_word' id='word_1_37' title='bbox 557 1036 636 1116; x_wconf 88' lang='lat' dir='ltr'>sibi,</span> <span class='ocrx_word' id='word_1_38' title='bbox 652 1035 814 1123; x_wconf 81' lang='lat' dir='ltr'>nullisque</span> <span class='ocrx_word' id='word_1_39' title='bbox 830 1033 922 1098; x_wconf 82' lang='lat' dir='ltr'>datos</span> <span class='ocrx_word' id='word_1_40' title='bbox 940 1033 1109 1097; x_wconf 71' lang='lat' dir='ltr'>venatibus</span> <span class='ocrx_word' id='word_1_41' title='bbox 1122 1033 1239 1098; x_wconf 87' lang='lat' dir='ltr'>annos!</span> 
     </span>
     <span class='ocr_line' id='line_1_7' title="bbox 428 1145 1176 1239; baseline -0.003 -25"><span class='ocrx_word' id='word_1_42' title='bbox 428 1151 516 1216; x_wconf 83' lang='lat' dir='ltr'>Talia</span> <span class='ocrx_word' id='word_1_43' title='bbox 533 1149 729 1239; x_wconf 81' lang='lat' dir='ltr'>magnanimi</span> <span class='ocrx_word' id='word_1_44' title='bbox 742 1148 869 1214; x_wconf 84' lang='lat' dir='ltr'>diverso</span> <span class='ocrx_word' id='word_1_45' title='bbox 882 1147 1013 1212; x_wconf 87' lang='lat' dir='ltr'>turbine</span> <span class='ocrx_word' id='word_1_46' title='bbox 1029 1145 1176 1213; x_wconf 84' lang='lat' dir='ltr'>fundunt</span> 
     </span>
     <span class='ocr_line' id='line_1_8' title="bbox 428 1261 1283 1352; baseline -0.002 -22"><span class='ocrx_word' id='word_1_47' title='bbox 428 1265 594 1346; x_wconf 73' lang='lat' dir='ltr'>Telesini,</span> <span class='ocrx_word' id='word_1_48' title='bbox 609 1264 786 1352; x_wconf 91' lang='lat' dir='ltr'>sonituque</span> <span class='ocrx_word' id='word_1_49' title='bbox 802 1261 940 1350; x_wconf 87' lang='lat' dir='ltr'>pedum,</span> <span class='ocrx_word' id='word_1_50' title='bbox 958 1278 1172 1352; x_wconf 80' lang='lat' dir='ltr'>suspectaque</span> <span class='ocrx_word' id='word_1_51' title='bbox 1189 1280 1283 1328; x_wconf 87' lang='lat' dir='ltr'>motu</span> 
     </span>
     <span class='ocr_line' id='line_1_9' title="bbox 428 1379 1446 1469; baseline -0.007 -22"><span class='ocrx_word' id='word_1_52' title='bbox 428 1381 623 1469; x_wconf 79' lang='lat' dir='ltr'>Explorant3</span> <span class='ocrx_word' id='word_1_53' title='bbox 642 1395 797 1469; x_wconf 84' lang='lat' dir='ltr'>prensant</span> <span class='ocrx_word' id='word_1_54' title='bbox 812 1379 936 1458; x_wconf 87' lang='lat' dir='ltr'>socios,</span> <span class='ocrx_word' id='word_1_55' title='bbox 952 1401 1131 1467; x_wconf 85' lang='lat' dir='ltr'>vocemque</span> <span class='ocrx_word' id='word_1_56' title='bbox 1146 1397 1331 1467; x_wconf 80' lang='lat' dir='ltr'>reposcunt</span> <span class='ocrx_word' id='word_1_57' title='bbox 1410 1401 1446 1444; x_wconf 72' lang='lat' dir='ltr'>an</span> 
     </span>
     <span class='ocr_line' id='line_1_10' title="bbox 430 1492 1203 1579; baseline -0.003 -19"><span class='ocrx_word' id='word_1_58' title='bbox 430 1495 573 1579; x_wconf 87' lang='lat' dir='ltr'>Quodsi</span> <span class='ocrx_word' id='word_1_59' title='bbox 589 1509 676 1560; x_wconf 79' lang='lat' dir='ltr'>tanta</span> <span class='ocrx_word' id='word_1_60' title='bbox 691 1495 761 1559; x_wconf 88' lang='lat' dir='ltr'>lues</span> <span class='ocrx_word' id='word_1_61' title='bbox 777 1516 866 1558; x_wconf 85' lang='lat' dir='ltr'>seros</span> <span class='ocrx_word' id='word_1_62' title='bbox 882 1492 1030 1558; x_wconf 79' lang='lat' dir='ltr'>durasset</span> <span class='ocrx_word' id='word_1_63' title='bbox 1041 1494 1074 1558; x_wconf 92' lang='lat' dir='ltr'>in</span> <span class='ocrx_word' id='word_1_64' title='bbox 1093 1510 1203 1576; x_wconf 87' lang='lat' dir='ltr'>ortus,</span> 
     </span>
     <span class='ocr_line' id='line_1_11' title="bbox 428 1607 1256 1698; baseline -0.004 -23"><span class='ocrx_word' id='word_1_65' title='bbox 428 1611 631 1675; x_wconf 85' lang='lat' dir='ltr'>Exstinctum</span> <span class='ocrx_word' id='word_1_66' title='bbox 649 1616 769 1698; x_wconf 73' lang='lat' dir='ltr'>genus,</span> <span class='ocrx_word' id='word_1_67' title='bbox 786 1624 819 1672; x_wconf 89' lang='lat' dir='ltr'>et</span> <span class='ocrx_word' id='word_1_68' title='bbox 832 1607 914 1671; x_wconf 83' lang='lat' dir='ltr'>solas</span> <span class='ocrx_word' id='word_1_69' title='bbox 930 1629 988 1694; x_wconf 93' lang='lat' dir='ltr'>per</span> <span class='ocrx_word' id='word_1_70' title='bbox 1003 1607 1119 1672; x_wconf 81' lang='lat' dir='ltr'>moenia</span> <span class='ocrx_word' id='word_1_71' title='bbox 1138 1624 1256 1674; x_wconf 77' lang='lat' dir='ltr'>matres</span> 
     </span>
     <span class='ocr_line' id='line_1_12' title="bbox 429 1722 1202 1816; baseline 0.001 -28"><span class='ocrx_word' id='word_1_72' title='bbox 429 1726 585 1807; x_wconf 87' lang='lat' dir='ltr'>Vidisset,</span> <span class='ocrx_word' id='word_1_73' title='bbox 601 1739 798 1816; x_wconf 78' lang='lat' dir='ltr'>stratamque</span> <span class='ocrx_word' id='word_1_74' title='bbox 815 1722 884 1788; x_wconf 90' lang='lat' dir='ltr'>dies</span> <span class='ocrx_word' id='word_1_75' title='bbox 900 1724 934 1786; x_wconf 91' lang='lat' dir='ltr'>in</span> <span class='ocrx_word' id='word_1_76' title='bbox 951 1723 1047 1787; x_wconf 86' lang='lat' dir='ltr'>litore</span> <span class='ocrx_word' id='word_1_77' title='bbox 1061 1740 1202 1812; x_wconf 81' lang='lat' dir='ltr'>gentem.</span> 
     </span>
    </p>

    <p class='ocr_par' dir='ltr' id='par_1_5' title="bbox 429 1837 1447 2157">
     <span class='ocr_line' id='line_1_13' title="bbox 471 1837 1431 1930; baseline 0.002 -25"><span class='ocrx_word' id='word_1_78' title='bbox 471 1843 557 1904; x_wconf 85' lang='lat' dir='ltr'>Turn</span> <span class='ocrx_word' id='word_1_79' title='bbox 572 1856 664 1928; x_wconf 81' lang='lat' dir='ltr'>pater</span> <span class='ocrx_word' id='word_1_80' title='bbox 676 1839 900 1926; x_wconf 87' lang='lat' dir='ltr'>omnipotens,</span> <span class='ocrx_word' id='word_1_81' title='bbox 916 1853 1062 1926; x_wconf 84' lang='lat' dir='ltr'>tempus,</span> <span class='ocrx_word' id='word_1_82' title='bbox 1073 1837 1141 1916; x_wconf 81' lang='lat' dir='ltr'>jam</span> <span class='ocrx_word' id='word_1_83' title='bbox 1156 1861 1231 1928; x_wconf 84' lang='lat' dir='ltr'>rege</span> <span class='ocrx_word' id='word_1_84' title='bbox 1247 1857 1431 1930; x_wconf 87' lang='lat' dir='ltr'>perempto,</span> 
     </span>
     <span class='ocr_line' id='line_1_14' title="bbox 429 1951 1447 2044; baseline -0.008 -24"><span class='ocrx_word' id='word_1_85' title='bbox 429 1955 571 2020; x_wconf 81' lang='lat' dir='ltr'>Flectere</span> <span class='ocrx_word' id='word_1_86' title='bbox 586 1955 650 2020; x_wconf 78' lang='lat' dir='ltr'>fatu</span> <span class='ocrx_word' id='word_1_87' title='bbox 667 1969 771 2032; x_wconf 81' lang='lat' dir='ltr'>ratus,</span> <span class='ocrx_word' id='word_1_88' title='bbox 786 1953 982 2039; x_wconf 86' lang='lat' dir='ltr'>miserasque</span> <span class='ocrx_word' id='word_1_89' title='bbox 997 1951 1191 2039; x_wconf 82' lang='lat' dir='ltr'>abrumpere</span> <span class='ocrx_word' id='word_1_90' title='bbox 1209 1976 1350 2044; x_wconf 76' lang='lat' dir='ltr'>pugnes,</span> <span class='ocrx_word' id='word_1_91' title='bbox 1412 1975 1447 2013; x_wconf 71' lang='grc' dir='ltr'>ιε.</span> 
     </span>
     <span class='ocr_line' id='line_1_15' title="bbox 430 2066 1210 2157; baseline -0.004 -24"><span class='ocrx_word' id='word_1_92' title='bbox 430 2069 622 2157; x_wconf 79' lang='lat' dir='ltr'>Supremam</span> <span class='ocrx_word' id='word_1_93' title='bbox 641 2066 788 2131; x_wconf 81' lang='lat' dir='ltr'>celeravit</span> <span class='ocrx_word' id='word_1_94' title='bbox 800 2086 914 2155; x_wconf 82' lang='lat' dir='ltr'>opem3</span> <span class='ocrx_word' id='word_1_95' title='bbox 932 2070 1081 2152; x_wconf 90' lang='lat' dir='ltr'>nutuque</span> <span class='ocrx_word' id='word_1_96' title='bbox 1095 2087 1210 2130; x_wconf 87' lang='lat' dir='ltr'>sereno</span> 
     </span>
    </p>
   </div>
   <div class='ocr_carea' id='block_1_5' title="bbox 388 2261 1449 2788">
    <p class='ocr_par' dir='ltr' id='par_1_6' title="bbox 388 2261 1449 2788">
     <span class='ocr_line' id='line_1_16' title="bbox 421 2261 1448 2328; baseline 0.004 -14"><span class='ocrx_word' id='word_1_97' title='bbox 421 2267 474 2328; x_wconf 75' lang='lat'>2³9·</span> <span class='ocrx_word' id='word_1_98' title='bbox 492 2266 607 2314; x_wconf 81' lang='lat' dir='ltr'>Umbram.</span> <span class='ocrx_word' id='word_1_99' title='bbox 627 2263 703 2311; x_wconf 83' lang='lat' dir='ltr'>chd.</span> <span class='ocrx_word' id='word_1_100' title='bbox 724 2271 748 2310; x_wconf 87' lang='lat' dir='ltr'>et</span> <span class='ocrx_word' id='word_1_101' title='bbox 763 2261 817 2309; x_wconf 74' lang='lat' dir='ltr'>add.</span> <span class='ocrx_word' id='word_1_102' title='bbox 834 2271 888 2309; x_wconf 78' lang='lat' dir='ltr'>ants</span> <span class='ocrx_word' id='word_1_103' title='bbox 907 2264 971 2310; x_wconf 72' lang='lat' dir='ltr'>Gerr.</span> <span class='ocrx_word' id='word_1_104' title='bbox 992 2287 1023 2298; x_wconf 92' lang='lat'>·-</span> <span class='ocrx_word' id='word_1_105' title='bbox 1039 2270 1093 2319; x_wconf 62' lang='lat' dir='ltr'>aaa.</span> <span class='ocrx_word' id='word_1_106' title='bbox 1113 2263 1250 2328; x_wconf 62' lang='lat' dir='ltr'>Nullaque?</span> <span class='ocrx_word' id='word_1_107' title='bbox 1263 2267 1338 2314; x_wconf 80' lang='lat' dir='ltr'>Corld.</span> <span class='ocrx_word' id='word_1_108' title='bbox 1355 2279 1380 2316; x_wconf 81' lang='lat' dir='ltr'>et</span> <span class='ocrx_word' id='word_1_109' title='bbox 1396 2271 1448 2318; x_wconf 75' lang='lat' dir='ltr'>est.</span> 
     </span>
     <span class='ocr_line' id='line_1_17' title="bbox 390 2341 1448 2410; baseline 0.005 -19"><span class='ocrx_word' id='word_1_110' title='bbox 390 2355 475 2410; x_wconf 70' lang='lat' dir='ltr'>proter</span> <span class='ocrx_word' id='word_1_111' title='bbox 488 2345 541 2392; x_wconf 76' lang='lat' dir='ltr'>tls.</span> <span class='ocrx_word' id='word_1_112' title='bbox 553 2359 605 2405; x_wconf 81' lang='lat' dir='ltr'>quar</span> <span class='ocrx_word' id='word_1_113' title='bbox 614 2343 662 2404; x_wconf 83' lang='lat' dir='ltr'>jam</span> <span class='ocrx_word' id='word_1_114' title='bbox 678 2341 756 2388; x_wconf 73' lang='lat' dir='ltr'>nullis.</span> <span class='ocrx_word' id='word_1_115' title='bbox 771 2367 802 2376; x_wconf 95' lang='lat'><em>-</em></span> <span class='ocrx_word' id='word_1_116' title='bbox 815 2348 867 2397; x_wconf 68' lang='lat' dir='ltr'>att.</span> <span class='ocrx_word' id='word_1_117' title='bbox 876 2343 1020 2405; x_wconf 74' lang='lat' dir='ltr'>sonitusque,</span> <span class='ocrx_word' id='word_1_118' title='bbox 1033 2342 1208 2392; x_wconf 65' lang='lat' dir='ltr'>nocuerant</span> <span class='ocrx_word' id='word_1_119' title='bbox 1219 2353 1274 2392; x_wconf 79' lang='lat' dir='ltr'>ants</span> <span class='ocrx_word' id='word_1_120' title='bbox 1281 2349 1346 2394; x_wconf 75' lang='lat' dir='ltr'>cm.</span> <span class='ocrx_word' id='word_1_121' title='bbox 1358 2351 1448 2396; x_wconf 71' lang='lat' dir='ltr'>llud.</span> 
     </span>
     <span class='ocr_line' id='line_1_18' title="bbox 388 2419 1449 2481; baseline 0.005 -11"><span class='ocrx_word' id='word_1_122' title='bbox 388 2427 498 2471; x_wconf 74' lang='lat' dir='ltr'>Burman.</span> <span class='ocrx_word' id='word_1_123' title='bbox 507 2449 538 2459; x_wconf 90' lang='lat'>—</span> <span class='ocrx_word' id='word_1_124' title='bbox 547 2422 600 2477; x_wconf 72' lang='lat' dir='ltr'>alli.</span> <span class='ocrx_word' id='word_1_125' title='bbox 616 2421 684 2481; x_wconf 81' lang='lat' dir='ltr'>Quod</span> <span class='ocrx_word' id='word_1_126' title='bbox 699 2423 721 2468; x_wconf 81' lang='lat' dir='ltr'>si</span> <span class='ocrx_word' id='word_1_127' title='bbox 735 2432 799 2468; x_wconf 76' lang='lat' dir='ltr'>tanta</span> <span class='ocrx_word' id='word_1_128' title='bbox 815 2421 877 2466; x_wconf 77' lang='lat' dir='ltr'>loris</span> <span class='ocrx_word' id='word_1_129' title='bbox 891 2435 960 2466; x_wconf 79' lang='lat' dir='ltr'>seror.</span> <span class='ocrx_word' id='word_1_130' title='bbox 971 2419 1046 2467; x_wconf 81' lang='lat' dir='ltr'>Vntie.</span> <span class='ocrx_word' id='word_1_131' title='bbox 1062 2422 1152 2467; x_wconf 75' lang='lat' dir='ltr'>Bonum</span> <span class='ocrx_word' id='word_1_132' title='bbox 1163 2430 1187 2468; x_wconf 83' lang='lat' dir='ltr'>et</span> <span class='ocrx_word' id='word_1_133' title='bbox 1202 2424 1267 2470; x_wconf 70' lang='lat' dir='ltr'>Gerr.</span> <span class='ocrx_word' id='word_1_134' title='bbox 1278 2425 1348 2472; x_wconf 81' lang='lat' dir='ltr'>codd.</span> <span class='ocrx_word' id='word_1_135' title='bbox 1361 2429 1449 2476; x_wconf 77' lang='lat' dir='ltr'>Bonos.</span> 
     </span>
     <span class='ocr_line' id='line_1_19' title="bbox 390 2499 1449 2562; baseline 0.001 -15"><span class='ocrx_word' id='word_1_136' title='bbox 390 2505 402 2550; x_wconf 90' lang='lat' dir='ltr'>l</span> <span class='ocrx_word' id='word_1_137' title='bbox 418 2511 442 2550; x_wconf 82' lang='lat' dir='ltr'>et</span> <span class='ocrx_word' id='word_1_138' title='bbox 453 2503 484 2548; x_wconf 89' lang='lat' dir='ltr'>ll.</span> <span class='ocrx_word' id='word_1_139' title='bbox 496 2503 561 2549; x_wconf 79' lang='lat' dir='ltr'>lunt.</span> <span class='ocrx_word' id='word_1_140' title='bbox 576 2504 605 2562; x_wconf 83' lang='lat' dir='ltr'>Q.</span> <span class='ocrx_word' id='word_1_141' title='bbox 621 2518 639 2548; x_wconf 83' lang='lat' dir='ltr'>s.</span> <span class='ocrx_word' id='word_1_142' title='bbox 650 2511 666 2548; x_wconf 86' lang='lat' dir='ltr'>t.</span> <span class='ocrx_word' id='word_1_143' title='bbox 675 2500 730 2546; x_wconf 73' lang='lat' dir='ltr'>solis</span> <span class='ocrx_word' id='word_1_144' title='bbox 739 2501 787 2546; x_wconf 70' lang='lat' dir='ltr'>lna:</span> <span class='ocrx_word' id='word_1_145' title='bbox 800 2516 845 2562; x_wconf 91' lang='lat' dir='ltr'>pro</span> <span class='ocrx_word' id='word_1_146' title='bbox 858 2515 883 2562; x_wconf 81' lang='lat' dir='ltr'>q.</span> <span class='ocrx_word' id='word_1_147' title='bbox 893 2515 912 2545; x_wconf 83' lang='lat' dir='ltr'>s.</span> <span class='ocrx_word' id='word_1_148' title='bbox 923 2508 939 2545; x_wconf 82' lang='lat' dir='ltr'>t.</span> <span class='ocrx_word' id='word_1_149' title='bbox 954 2499 1003 2545; x_wconf 78' lang='lat' dir='ltr'>lues</span> <span class='ocrx_word' id='word_1_150' title='bbox 1016 2499 1078 2546; x_wconf 73' lang='lat' dir='ltr'>selis,</span> <span class='ocrx_word' id='word_1_151' title='bbox 1088 2499 1140 2546; x_wconf 72' lang='grc' dir='ltr'>ΑΜ.</span> <span class='ocrx_word' id='word_1_152' title='bbox 1153 2501 1182 2562; x_wconf 80' lang='lat' dir='ltr'>Q.</span> <span class='ocrx_word' id='word_1_153' title='bbox 1191 2503 1213 2547; x_wconf 73' lang='grc' dir='ltr'>εἰ</span> <span class='ocrx_word' id='word_1_154' title='bbox 1221 2503 1332 2552; x_wconf 67' lang='lat' dir='ltr'>maun</span> <span class='ocrx_word' id='word_1_155' title='bbox 1342 2521 1404 2551; x_wconf 80' lang='lat' dir='ltr'>seros</span> <span class='ocrx_word' id='word_1_156' title='bbox 1414 2508 1449 2553; x_wconf 73' lang='lat' dir='ltr'>nl</span> 
     </span>
     <span class='ocr_line' id='line_1_20' title="bbox 391 2579 1449 2641; baseline 0 -12"><span class='ocrx_word' id='word_1_157' title='bbox 391 2582 511 2629; x_wconf 67' lang='lat' dir='ltr'>Tittoua.</span> <span class='ocrx_word' id='word_1_158' title='bbox 523 2580 658 2628; x_wconf 72' lang='lat' dir='ltr'>Sabellicus.</span> <span class='ocrx_word' id='word_1_159' title='bbox 678 2583 772 2627; x_wconf 68' lang='lat' dir='ltr'>Titanis.</span> <span class='ocrx_word' id='word_1_160' title='bbox 787 2583 872 2627; x_wconf 79' lang='lat' dir='ltr'>Meter.</span> <span class='ocrx_word' id='word_1_161' title='bbox 883 2579 973 2641; x_wconf 73' lang='lat' dir='ltr'>Gryplr.</span> <span class='ocrx_word' id='word_1_162' title='bbox 987 2579 1094 2625; x_wconf 65' lang='lat' dir='ltr'>nuum</span> <span class='ocrx_word' id='word_1_163' title='bbox 1106 2579 1171 2626; x_wconf 77' lang='lat' dir='ltr'>Can.</span> <span class='ocrx_word' id='word_1_164' title='bbox 1186 2582 1205 2626; x_wconf 91' lang='lat' dir='ltr'>l.</span> <span class='ocrx_word' id='word_1_165' title='bbox 1218 2607 1249 2616; x_wconf 92' lang='lat'><em>—</em></span> <span class='ocrx_word' id='word_1_166' title='bbox 1257 2582 1311 2630; x_wconf 76' lang='lat'>251.</span> <span class='ocrx_word' id='word_1_167' title='bbox 1322 2584 1449 2631; x_wconf 72' lang='lat' dir='ltr'>Celebmls&#39;t.</span> 
     </span>
     <span class='ocr_line' id='line_1_21' title="bbox 390 2657 1448 2711; baseline 0.002 -4"><span class='ocrx_word' id='word_1_168' title='bbox 390 2661 466 2707; x_wconf 73' lang='lat' dir='ltr'>Vatic-</span> <span class='ocrx_word' id='word_1_169' title='bbox 477 2660 530 2707; x_wconf 82' lang='lat' dir='ltr'>eod.</span> <span class='ocrx_word' id='word_1_170' title='bbox 546 2659 685 2707; x_wconf 74' lang='lat' dir='ltr'>celebrabat.</span> <span class='ocrx_word' id='word_1_171' title='bbox 703 2661 791 2705; x_wconf 82' lang='lat' dir='ltr'>Bouon.</span> <span class='ocrx_word' id='word_1_172' title='bbox 803 2657 855 2706; x_wconf 81' lang='lat' dir='ltr'>cosl.</span> <span class='ocrx_word' id='word_1_173' title='bbox 866 2659 956 2706; x_wconf 72' lang='grc' dir='ltr'><strong>Βοηοιι.</strong></span> <span class='ocrx_word' id='word_1_174' title='bbox 971 2659 989 2704; x_wconf 88' lang='lat'>1.</span> <span class='ocrx_word' id='word_1_175' title='bbox 999 2659 1064 2704; x_wconf 83' lang='lat' dir='ltr'>lant.</span> <span class='ocrx_word' id='word_1_176' title='bbox 1079 2659 1205 2706; x_wconf 75' lang='lat' dir='ltr'>celerabat.</span> <span class='ocrx_word' id='word_1_177' title='bbox 1218 2661 1308 2708; x_wconf 73' lang='lat' dir='ltr'>Bonum</span> <span class='ocrx_word' id='word_1_178' title='bbox 1322 2662 1353 2708; x_wconf 86' lang='lat' dir='ltr'>ll.</span> <span class='ocrx_word' id='word_1_179' title='bbox 1365 2665 1448 2711; x_wconf 72' lang='lat' dir='ltr'>Mater.</span> 
     </span>
     <span class='ocr_line' id='line_1_22' title="bbox 390 2735 816 2788; baseline -0.007 -1"><span class='ocrx_word' id='word_1_180' title='bbox 390 2739 444 2788; x_wconf 76' lang='lat' dir='ltr'>tlt.</span> <span class='ocrx_word' id='word_1_181' title='bbox 453 2740 504 2786; x_wconf 85' lang='lat' dir='ltr'>Col.</span> <span class='ocrx_word' id='word_1_182' title='bbox 515 2737 630 2786; x_wconf 69' lang='lat' dir='ltr'>celeravit.</span> <span class='ocrx_word' id='word_1_183' title='bbox 639 2739 690 2783; x_wconf 75' lang='lat' dir='ltr'>lem</span> <span class='ocrx_word' id='word_1_184' title='bbox 702 2735 763 2783; x_wconf 67' lang='lat' dir='ltr'>Huc.</span> <span class='ocrx_word' id='word_1_185' title='bbox 773 2738 816 2784; x_wconf 84' lang='lat' dir='ltr'>Eu.</span> 
     </span>
    </p>
   </div>
   <div class='ocr_carea' id='block_1_6' title="bbox 389 2919 1458 4261">
    <p class='ocr_par' dir='ltr' id='par_1_7' title="bbox 389 2919 1454 3546">
     <span class='ocr_line' id='line_1_23' title="bbox 389 2919 1451 2996; baseline 0.003 -22"><span class='ocrx_word' id='word_1_186' title='bbox 389 2923 614 2992; x_wconf 67' lang='lat' dir='ltr'>guercuntfir&#39;gere</span> <span class='ocrx_word' id='word_1_187' title='bbox 633 2940 733 2984; x_wconf 73' lang='lat' dir='ltr'>mmm,-</span> <span class='ocrx_word' id='word_1_188' title='bbox 757 2925 834 2972; x_wconf 79' lang='lat' dir='ltr'>corda</span> <span class='ocrx_word' id='word_1_189' title='bbox 850 2939 899 2988; x_wconf 81' lang='lat' dir='ltr'>pa·</span> <span class='ocrx_word' id='word_1_190' title='bbox 980 2919 1041 2982; x_wconf 64' lang='lat'>243.</span> <span class='ocrx_word' id='word_1_191' title='bbox 1063 2922 1134 2970; x_wconf 78' lang='lat' dir='ltr'>Talia</span> <span class='ocrx_word' id='word_1_192' title='bbox 1158 2923 1208 2971; x_wconf 72' lang='lat' dir='ltr'>vin·</span> <span class='ocrx_word' id='word_1_193' title='bbox 1224 2920 1302 2973; x_wconf 84' lang='lat' dir='ltr'>l&#39;ortes</span> <span class='ocrx_word' id='word_1_194' title='bbox 1327 2923 1451 2996; x_wconf 81' lang='lat' dir='ltr'>utrinque</span> 
     </span>
     <span class='ocr_line' id='line_1_24' title="bbox 392 2996 1451 3066; baseline -0.002 -10"><span class='ocrx_word' id='word_1_195' title='bbox 392 3015 465 3062; x_wconf 79' lang='lat' dir='ltr'>vent,-</span> <span class='ocrx_word' id='word_1_196' title='bbox 480 3011 520 3064; x_wconf 86' lang='lat' dir='ltr'>et,</span> <span class='ocrx_word' id='word_1_197' title='bbox 532 3018 566 3052; x_wconf 88' lang='lat' dir='ltr'>ue</span> <span class='ocrx_word' id='word_1_198' title='bbox 579 2998 674 3052; x_wconf 83' lang='lat' dir='ltr'>dubius</span> <span class='ocrx_word' id='word_1_199' title='bbox 689 3011 810 3064; x_wconf 75' lang='lat' dir='ltr'>maneat,</span> <span class='ocrx_word' id='word_1_200' title='bbox 828 2996 899 3050; x_wconf 88' lang='lat' dir='ltr'>uude</span> <span class='ocrx_word' id='word_1_201' title='bbox 943 3001 992 3048; x_wconf 81' lang='lat' dir='ltr'>tela</span> <span class='ocrx_word' id='word_1_202' title='bbox 1002 2997 1129 3064; x_wconf 63' lang='lat' dir='ltr'>fundans,</span> <span class='ocrx_word' id='word_1_203' title='bbox 1142 3001 1363 3066; x_wconf 76' lang='lat' dir='ltr'>sonimqnepedum</span> <span class='ocrx_word' id='word_1_204' title='bbox 1375 3018 1451 3054; x_wconf 79' lang='lat' dir='ltr'>mnu·</span> 
     </span>
     <span class='ocr_line' id='line_1_25' title="bbox 394 3078 1454 3146; baseline -0.002 -14"><span class='ocrx_word' id='word_1_205' title='bbox 394 3081 451 3133; x_wconf 67' lang='lat' dir='ltr'>hec</span> <span class='ocrx_word' id='word_1_206' title='bbox 471 3078 520 3134; x_wconf 76' lang='lat' dir='ltr'>sihi</span> <span class='ocrx_word' id='word_1_207' title='bbox 543 3078 683 3142; x_wconf 77' lang='lat' dir='ltr'>accident,</span> <span class='ocrx_word' id='word_1_208' title='bbox 702 3082 771 3132; x_wconf 84' lang='lat' dir='ltr'>audit</span> <span class='ocrx_word' id='word_1_209' title='bbox 785 3079 899 3146; x_wconf 68' lang='lat' dir='ltr'>fremitu</span> <span class='ocrx_word' id='word_1_210' title='bbox 944 3081 1375 3145; x_wconf 75' lang='lat' dir='ltr'>quesuspectaexplorant‚nrrectls</span> <span class='ocrx_word' id='word_1_211' title='bbox 1386 3079 1454 3134; x_wconf 76' lang='lat' dir='ltr'>truri-</span> 
     </span>
     <span class='ocr_line' id='line_1_26' title="bbox 393 3153 1451 3228; baseline 0 -18"><span class='ocrx_word' id='word_1_212' title='bbox 393 3164 494 3226; x_wconf 79' lang='lat' dir='ltr'>irarque</span> <span class='ocrx_word' id='word_1_213' title='bbox 505 3157 710 3218; x_wconf 78' lang='lat' dir='ltr'>leonum,currui</span> <span class='ocrx_word' id='word_1_214' title='bbox 722 3155 833 3228; x_wconf 76' lang='lat' dir='ltr'>Cybeles</span> <span class='ocrx_word' id='word_1_215' title='bbox 841 3158 901 3228; x_wconf 89' lang='lat' dir='ltr'>jun·</span> <span class='ocrx_word' id='word_1_216' title='bbox 943 3155 994 3208; x_wconf 82' lang='lat' dir='ltr'>bus</span> <span class='ocrx_word' id='word_1_217' title='bbox 1002 3154 1036 3207; x_wconf 85' lang='lat' dir='ltr'>nd</span> <span class='ocrx_word' id='word_1_218' title='bbox 1048 3153 1208 3228; x_wconf 65' lang='lat' dir='ltr'>leviscimum</span> <span class='ocrx_word' id='word_1_219' title='bbox 1217 3174 1346 3228; x_wconf 82' lang='lat' dir='ltr'>quemque</span> <span class='ocrx_word' id='word_1_220' title='bbox 1355 3157 1451 3228; x_wconf 83' lang='lat' dir='ltr'>pedum</span> 
     </span>
     <span class='ocr_line' id='line_1_27' title="bbox 391 3235 1448 3308; baseline -0.001 -16"><span class='ocrx_word' id='word_1_221' title='bbox 391 3235 594 3300; x_wconf 79' lang='lat' dir='ltr'>ctorum‚amlit</span> <span class='ocrx_word' id='word_1_222' title='bbox 607 3255 719 3298; x_wconf 84' lang='lat' dir='ltr'>cornua,</span> <span class='ocrx_word' id='word_1_223' title='bbox 737 3236 849 3288; x_wconf 88' lang='lat' dir='ltr'>sonitum</span> <span class='ocrx_word' id='word_1_224' title='bbox 863 3235 901 3288; x_wconf 90' lang='lat' dir='ltr'>iu·</span> <span class='ocrx_word' id='word_1_225' title='bbox 944 3235 985 3288; x_wconf 76' lang='lat' dir='ltr'>rel</span> <span class='ocrx_word' id='word_1_226' title='bbox 1005 3251 1145 3306; x_wconf 87' lang='lat' dir='ltr'>corpomm</span> <span class='ocrx_word' id='word_1_227' title='bbox 1168 3247 1268 3288; x_wconf 86' lang='lat' dir='ltr'>motum</span> <span class='ocrx_word' id='word_1_228' title='bbox 1292 3237 1448 3308; x_wconf 81' lang='lat' dir='ltr'>suspiciosi,</span> 
     </span>
     <span class='ocr_line' id='line_1_28' title="bbox 391 3315 1450 3386; baseline -0.002 -16"><span class='ocrx_word' id='word_1_229' title='bbox 391 3325 596 3370; x_wconf 82' lang='lat' dir='ltr'>strumentorum</span> <span class='ocrx_word' id='word_1_230' title='bbox 615 3315 799 3378; x_wconf 79' lang='lat' dir='ltr'>musicorum,</span> <span class='ocrx_word' id='word_1_231' title='bbox 823 3328 902 3365; x_wconf 80' lang='lat' dir='ltr'>motas</span> <span class='ocrx_word' id='word_1_232' title='bbox 942 3327 1063 3382; x_wconf 75' lang='lat' dir='ltr'>prensant</span> <span class='ocrx_word' id='word_1_233' title='bbox 1072 3317 1149 3366; x_wconf 82' lang='lat' dir='ltr'>socios</span> <span class='ocrx_word' id='word_1_234' title='bbox 1161 3335 1296 3383; x_wconf 82' lang='lat' dir='ltr'>vocemque</span> <span class='ocrx_word' id='word_1_235' title='bbox 1305 3333 1450 3386; x_wconf 82' lang='lat' dir='ltr'>reposcunt,</span> 
     </span>
     <span class='ocr_line' id='line_1_29' title="bbox 394 3391 1452 3467; baseline -0.001 -19"><span class='ocrx_word' id='word_1_236' title='bbox 394 3399 465 3448; x_wconf 79' lang='lat' dir='ltr'>videt</span> <span class='ocrx_word' id='word_1_237' title='bbox 483 3395 640 3446; x_wconf 70' lang='lat' dir='ltr'>luminabile</span> <span class='ocrx_word' id='word_1_238' title='bbox 664 3406 756 3454; x_wconf 71' lang='lat' dir='ltr'>sams,</span> <span class='ocrx_word' id='word_1_239' title='bbox 777 3409 901 3446; x_wconf 81' lang='lat' dir='ltr'>cornuam</span> <span class='ocrx_word' id='word_1_240' title='bbox 944 3393 1015 3466; x_wconf 84' lang='lat' dir='ltr'>ipsos</span> <span class='ocrx_word' id='word_1_241' title='bbox 1024 3391 1287 3447; x_wconf 81' lang='lat' dir='ltr'>sodalesintenelsris</span> <span class='ocrx_word' id='word_1_242' title='bbox 1297 3393 1452 3467; x_wconf 89' lang='lat' dir='ltr'>corripiunt,</span> 
     </span>
     <span class='ocr_line' id='line_1_30' title="bbox 391 3470 1452 3546; baseline 0.002 -20"><span class='ocrx_word' id='word_1_243' title='bbox 391 3475 473 3546; x_wconf 87' lang='lat' dir='ltr'>ipsius</span> <span class='ocrx_word' id='word_1_244' title='bbox 483 3471 593 3544; x_wconf 81' lang='lat' dir='ltr'>Cybeles</span> <span class='ocrx_word' id='word_1_245' title='bbox 605 3470 736 3523; x_wconf 83' lang='lat' dir='ltr'>turritam.</span> <span class='ocrx_word' id='word_1_246' title='bbox 945 3483 971 3523; x_wconf 90' lang='lat' dir='ltr'>et</span> <span class='ocrx_word' id='word_1_247' title='bbox 981 3471 1149 3524; x_wconf 73' lang='lat' dir='ltr'>excubiarum</span> <span class='ocrx_word' id='word_1_248' title='bbox 1161 3484 1310 3526; x_wconf 82' lang='lat' dir='ltr'>nostrerum</span> <span class='ocrx_word' id='word_1_249' title='bbox 1323 3492 1396 3528; x_wconf 86' lang='lat' dir='ltr'>more</span> <span class='ocrx_word' id='word_1_250' title='bbox 1409 3493 1452 3528; x_wconf 83' lang='lat' dir='ltr'>sc·</span> 
     </span>
    </p>

    <p class='ocr_par' dir='ltr' id='par_1_8' title="bbox 390 3547 1454 3936">
     <span class='ocr_line' id='line_1_31' title="bbox 430 3547 1068 3620; baseline -0.003 -16"><span class='ocrx_word' id='word_1_251' title='bbox 430 3551 490 3619; x_wconf 74' lang='lat'>239.</span> <span class='ocrx_word' id='word_1_252' title='bbox 507 3551 584 3602; x_wconf 88' lang='lat' dir='ltr'>Tunc</span> <span class='ocrx_word' id='word_1_253' title='bbox 597 3547 705 3602; x_wconf 78' lang='lat' dir='ltr'>advolat</span> <span class='ocrx_word' id='word_1_254' title='bbox 718 3560 787 3602; x_wconf 80' lang='lat' dir='ltr'>certa</span> <span class='ocrx_word' id='word_1_255' title='bbox 801 3561 828 3600; x_wconf 84' lang='lat' dir='ltr'>et</span> <span class='ocrx_word' id='word_1_256' title='bbox 840 3567 900 3620; x_wconf 73' lang='lat' dir='ltr'>gra·</span> <span class='ocrx_word' id='word_1_257' title='bbox 945 3550 1068 3604; x_wconf 81' lang='lat' dir='ltr'>clamant.</span> 
     </span>
     <span class='ocr_line' id='line_1_32' title="bbox 394 3628 1452 3696; baseline 0 -12"><span class='ocrx_word' id='word_1_258' title='bbox 394 3631 433 3684; x_wconf 78' lang='lat' dir='ltr'>vis</span> <span class='ocrx_word' id='word_1_259' title='bbox 444 3629 548 3681; x_wconf 74' lang='lat' dir='ltr'>tasonis</span> <span class='ocrx_word' id='word_1_260' title='bbox 560 3628 653 3690; x_wconf 77' lang='lat' dir='ltr'>hesta,</span> <span class='ocrx_word' id='word_1_261' title='bbox 667 3632 789 3696; x_wconf 74' lang='lat' dir='ltr'>lanamque</span> <span class='ocrx_word' id='word_1_262' title='bbox 798 3632 840 3680; x_wconf 82' lang='lat' dir='ltr'>snb</span> <span class='ocrx_word' id='word_1_263' title='bbox 853 3632 901 3680; x_wconf 78' lang='lat' dir='ltr'>imo</span> <span class='ocrx_word' id='word_1_264' title='bbox 982 3634 1042 3693; x_wconf 71' lang='lat'>246.</span> <span class='ocrx_word' id='word_1_265' title='bbox 1064 3634 1136 3696; x_wconf 83' lang='lat' dir='ltr'>Quod</span> <span class='ocrx_word' id='word_1_266' title='bbox 1151 3635 1173 3682; x_wconf 85' lang='lat' dir='ltr'>ri</span> <span class='ocrx_word' id='word_1_267' title='bbox 1184 3647 1253 3684; x_wconf 75' lang='lat' dir='ltr'>muta</span> <span class='ocrx_word' id='word_1_268' title='bbox 1270 3637 1320 3684; x_wconf 82' lang='lat' dir='ltr'>lues</span> <span class='ocrx_word' id='word_1_269' title='bbox 1331 3669 1339 3696; x_wconf 81' lang='grc'><strong><em>,</em></strong></span> <span class='ocrx_word' id='word_1_270' title='bbox 1352 3632 1452 3696; x_wconf 75' lang='lat' dir='ltr'>cades,</span> 
     </span>
     <span class='ocr_line' id='line_1_33' title="bbox 390 3707 1454 3783; baseline 0.007 -26"><span class='ocrx_word' id='word_1_271' title='bbox 390 3722 488 3778; x_wconf 77' lang='lat' dir='ltr'>pectore</span> <span class='ocrx_word' id='word_1_272' title='bbox 497 3711 543 3758; x_wconf 80' lang='lat' dir='ltr'>iter</span> <span class='ocrx_word' id='word_1_273' title='bbox 552 3711 656 3776; x_wconf 73' lang='lat' dir='ltr'>irrupit,</span> <span class='ocrx_word' id='word_1_274' title='bbox 670 3708 768 3778; x_wconf 78' lang='lat' dir='ltr'>aperit,</span> <span class='ocrx_word' id='word_1_275' title='bbox 780 3709 901 3778; x_wconf 74' lang='lat' dir='ltr'>patefacit</span> <span class='ocrx_word' id='word_1_276' title='bbox 944 3707 1062 3762; x_wconf 89' lang='lat' dir='ltr'>diluculo</span> <span class='ocrx_word' id='word_1_277' title='bbox 1079 3728 1135 3762; x_wconf 86' lang='lat' dir='ltr'>uon</span> <span class='ocrx_word' id='word_1_278' title='bbox 1153 3723 1220 3764; x_wconf 86' lang='lat' dir='ltr'>esset</span> <span class='ocrx_word' id='word_1_279' title='bbox 1236 3709 1365 3783; x_wconf 77' lang='lat' dir='ltr'>dirempta</span> <span class='ocrx_word' id='word_1_280' title='bbox 1376 3749 1384 3776; x_wconf 89' lang='lat'>,</span> <span class='ocrx_word' id='word_1_281' title='bbox 1396 3724 1454 3764; x_wconf 86' lang='lat' dir='ltr'>orta</span> 
     </span>
     <span class='ocr_line' id='line_1_34' title="bbox 395 3784 1454 3856; baseline 0.006 -18"><span class='ocrx_word' id='word_1_282' title='bbox 395 3784 469 3855; x_wconf 76' lang='lat' dir='ltr'>(vid.</span> <span class='ocrx_word' id='word_1_283' title='bbox 484 3787 516 3848; x_wconf 89' lang='grc' dir='ltr'>Ι,</span> <span class='ocrx_word' id='word_1_284' title='bbox 533 3794 548 3850; x_wconf 62' lang='lat' dir='ltr'>q</span> <span class='ocrx_word' id='word_1_285' title='bbox 560 3806 568 3852; x_wconf 65' lang='grc' dir='ltr'><strong>ς</strong></span> <span class='ocrx_word' id='word_1_286' title='bbox 583 3787 639 3850; x_wconf 82' lang='lat' dir='ltr'>VI,</span> <span class='ocrx_word' id='word_1_287' title='bbox 661 3789 745 3856; x_wconf 88' lang='lat'>139),</span> <span class='ocrx_word' id='word_1_288' title='bbox 759 3787 811 3840; x_wconf 78' lang='lat' dir='ltr'>lete</span> <span class='ocrx_word' id='word_1_289' title='bbox 826 3787 900 3840; x_wconf 81' lang='lat' dir='ltr'>lsisns</span> <span class='ocrx_word' id='word_1_290' title='bbox 944 3785 1000 3838; x_wconf 85' lang='lat' dir='ltr'>dies</span> <span class='ocrx_word' id='word_1_291' title='bbox 1009 3788 1048 3840; x_wconf 87' lang='lat' dir='ltr'>nil</span> <span class='ocrx_word' id='word_1_292' title='bbox 1060 3789 1110 3841; x_wconf 89' lang='lat' dir='ltr'>uisi</span> <span class='ocrx_word' id='word_1_293' title='bbox 1120 3788 1231 3842; x_wconf 79' lang='lat' dir='ltr'>feminas</span> <span class='ocrx_word' id='word_1_294' title='bbox 1241 3789 1357 3856; x_wconf 73' lang='lat' dir='ltr'>inurbe,</span> <span class='ocrx_word' id='word_1_295' title='bbox 1368 3809 1454 3844; x_wconf 82' lang='lat' dir='ltr'>meres</span> 
     </span>
     <span class='ocr_line' id='line_1_35' title="bbox 392 3863 1323 3936; baseline 0.003 -19"><span class='ocrx_word' id='word_1_296' title='bbox 392 3863 487 3936; x_wconf 74' lang='lat' dir='ltr'>infligit</span> <span class='ocrx_word' id='word_1_297' title='bbox 494 3865 593 3936; x_wconf 88' lang='lat' dir='ltr'>pectori</span> <span class='ocrx_word' id='word_1_298' title='bbox 601 3865 706 3919; x_wconf 80' lang='lat' dir='ltr'>vulnus.</span> <span class='ocrx_word' id='word_1_299' title='bbox 944 3882 991 3934; x_wconf 81' lang='lat' dir='ltr'>per</span> <span class='ocrx_word' id='word_1_300' title='bbox 1001 3865 1089 3920; x_wconf 78' lang='lat' dir='ltr'>littore</span> <span class='ocrx_word' id='word_1_301' title='bbox 1102 3879 1196 3922; x_wconf 74' lang='lat' dir='ltr'>stratos</span> <span class='ocrx_word' id='word_1_302' title='bbox 1208 3867 1323 3922; x_wconf 84' lang='lat' dir='ltr'>vidisset.</span> 
     </span>
    </p>

    <p class='ocr_par' dir='ltr' id='par_1_9' title="bbox 395 3947 1458 4261">
     <span class='ocr_line' id='line_1_36' title="bbox 431 3947 1452 4016; baseline 0.004 -20"><span class='ocrx_word' id='word_1_303' title='bbox 431 3950 490 4006; x_wconf 62' lang='grc' dir='ltr'>πάι.</span> <span class='ocrx_word' id='word_1_304' title='bbox 505 3949 583 4010; x_wconf 78' lang='lat' dir='ltr'>Qrcam</span> <span class='ocrx_word' id='word_1_305' title='bbox 598 3965 663 3996; x_wconf 83' lang='lat' dir='ltr'>nunc</span> <span class='ocrx_word' id='word_1_306' title='bbox 682 3947 809 4013; x_wconf 75' lang='lat' dir='ltr'>incognita</span> <span class='ocrx_word' id='word_1_307' title='bbox 828 3949 903 3999; x_wconf 80' lang='lat' dir='ltr'>uellet</span> <span class='ocrx_word' id='word_1_308' title='bbox 981 3953 1041 4011; x_wconf 73' lang='lat'>²49-</span> <span class='ocrx_word' id='word_1_309' title='bbox 1062 3952 1119 3997; x_wconf 85' lang='lat' dir='ltr'>Jam</span> <span class='ocrx_word' id='word_1_310' title='bbox 1137 3965 1217 4010; x_wconf 83' lang='lat' dir='ltr'>vero,</span> <span class='ocrx_word' id='word_1_311' title='bbox 1238 3966 1297 4015; x_wconf 76' lang='lat' dir='ltr'>rege</span> <span class='ocrx_word' id='word_1_312' title='bbox 1316 3963 1452 4016; x_wconf 82' lang='lat' dir='ltr'>perempte,</span> 
     </span>
     <span class='ocr_line' id='line_1_37' title="bbox 395 4023 1455 4096; baseline 0.003 -21"><span class='ocrx_word' id='word_1_313' title='bbox 395 4027 492 4082; x_wconf 76' lang='lat' dir='ltr'>lustra,</span> <span class='ocrx_word' id='word_1_314' title='bbox 516 4023 633 4076; x_wconf 75' lang='lat' dir='ltr'>ferarum</span> <span class='ocrx_word' id='word_1_315' title='bbox 655 4023 785 4088; x_wconf 73' lang='lat' dir='ltr'>latibula,</span> <span class='ocrx_word' id='word_1_316' title='bbox 807 4024 902 4086; x_wconf 80' lang='lat' dir='ltr'>silvas,</span> <span class='ocrx_word' id='word_1_317' title='bbox 945 4023 1046 4094; x_wconf 82' lang='lat' dir='ltr'>Jupiter</span> <span class='ocrx_word' id='word_1_318' title='bbox 1058 4025 1132 4096; x_wconf 86' lang='lat' dir='ltr'>ipse,</span> <span class='ocrx_word' id='word_1_319' title='bbox 1150 4024 1184 4078; x_wconf 81' lang='lat' dir='ltr'>ad</span> <span class='ocrx_word' id='word_1_320' title='bbox 1197 4044 1313 4096; x_wconf 75' lang='lat' dir='ltr'>pugnem</span> <span class='ocrx_word' id='word_1_321' title='bbox 1327 4025 1455 4080; x_wconf 86' lang='lat' dir='ltr'>dirimen-</span> 
     </span>
     <span class='ocr_line' id='line_1_38' title="bbox 395 4103 1457 4177; baseline 0.007 -24"><span class='ocrx_word' id='word_1_322' title='bbox 395 4104 517 4168; x_wconf 70' lang='lat' dir='ltr'>aurisque</span> <span class='ocrx_word' id='word_1_323' title='bbox 524 4103 904 4162; x_wconf 59' lang='lat' dir='ltr'>danosvenaritasaanosmul·</span> <span class='ocrx_word' id='word_1_324' title='bbox 946 4103 1025 4167; x_wconf 81' lang='lat' dir='ltr'>dum,</span> <span class='ocrx_word' id='word_1_325' title='bbox 1046 4124 1176 4177; x_wconf 88' lang='lat' dir='ltr'>opemque</span> <span class='ocrx_word' id='word_1_326' title='bbox 1196 4105 1351 4169; x_wconf 80' lang='lat' dir='ltr'>ferendum,</span> <span class='ocrx_word' id='word_1_327' title='bbox 1370 4125 1457 4160; x_wconf 76' lang='lat' dir='ltr'>serene</span> 
     </span>
     <span class='ocr_line' id='line_1_39' title="bbox 395 4181 1458 4261; baseline 0.004 -27"><span class='ocrx_word' id='word_1_328' title='bbox 395 4181 451 4234; x_wconf 88' lang='lat' dir='ltr'>lum</span> <span class='ocrx_word' id='word_1_329' title='bbox 461 4181 584 4238; x_wconf 78' lang='lat' dir='ltr'>venundo</span> <span class='ocrx_word' id='word_1_330' title='bbox 593 4193 901 4257; x_wconf 85' lang='lat' dir='ltr'>tempuscontumptum.</span> <span class='ocrx_word' id='word_1_331' title='bbox 947 4187 1006 4236; x_wconf 81' lang='lat' dir='ltr'>coelo</span> <span class='ocrx_word' id='word_1_332' title='bbox 1019 4187 1132 4246; x_wconf 82' lang='lat' dir='ltr'>intonuit,</span> <span class='ocrx_word' id='word_1_333' title='bbox 1149 4196 1177 4237; x_wconf 87' lang='lat' dir='ltr'>ut</span> <span class='ocrx_word' id='word_1_334' title='bbox 1190 4185 1356 4261; x_wconf 75' lang='lat' dir='ltr'>presentiam</span> <span class='ocrx_word' id='word_1_335' title='bbox 1369 4184 1458 4240; x_wconf 83' lang='lat' dir='ltr'>numi·</span> 
     </span>
    </p>
   </div>
   <div class='ocr_carea' id='block_1_7' title="bbox 0 0 1610 5120">
    <p class='ocr_par' dir='ltr' id='par_1_10' title="bbox 0 0 1610 5120">
     <span class='ocr_line' id='line_1_40' title="bbox 0 0 1610 5120; baseline 0 0"><span class='ocrx_word' id='word_1_336' title='bbox 0 0 1610 5120; x_wconf 95' lang='lat' dir='ltr'> </span> 
     </span>
    </p>
   </div>
  </div>
 </body>
</html>
