<?xml version="1.0" encoding="UTF-8"?>
<!DOCTYPE html PUBLIC "-//W3C//DTD XHTML 1.0 Transitional//EN"
    "http://www.w3.org/TR/xhtml1/DTD/xhtml1-transitional.dtd">
<html xmlns="http://www.w3.org/1999/xhtml" xml:lang="en" lang="en">
 <head>
  <title>
</title>
<meta http-equiv="Content-Type" content="text/html;charset=utf-8" />
  <meta name='ocr-system' content='tesseract 3.04.00' />
  <meta name='ocr-capabilities' content='ocr_page ocr_carea ocr_par ocr_line ocrx_word'/>
</head>
<body>
  <div class='ocr_page' id='page_1' title='image "./cvaleriiflaccis00apolgoog_0303.png"; bbox 0 0 3246 5112; ppageno 0'>
   <div class='ocr_carea' id='block_1_1' title="bbox 370 500 1332 586">
    <p class='ocr_par' dir='ltr' id='par_1_1' title="bbox 370 500 1332 586">
     <span class='ocr_line' id='line_1_1' title="bbox 370 500 1332 586; baseline 0.008 -22"><span class='ocrx_word' id='word_1_1' title='bbox 370 500 412 586; x_wconf 89' lang='lat'><strong>78</strong></span> <span class='ocrx_word' id='word_1_2' title='bbox 474 501 527 563; x_wconf 91' lang='lat' dir='ltr'><strong>IN</strong></span> <span class='ocrx_word' id='word_1_3' title='bbox 559 501 650 564; x_wconf 88' lang='lat' dir='ltr'><strong>LlB.</strong></span> <span class='ocrx_word' id='word_1_4' title='bbox 674 501 883 566; x_wconf 87' lang='lat' dir='ltr'>PRIMUM</span> <span class='ocrx_word' id='word_1_5' title='bbox 912 501 1332 572; x_wconf 86' lang='lat' dir='ltr'><strong>ARGONAUTICON</strong></span> 
     </span>
    </p>
   </div>
   <div class='ocr_carea' id='block_1_2' title="bbox 290 597 1435 1354">
    <p class='ocr_par' dir='ltr' id='par_1_2' title="bbox 290 597 1435 1354">
     <span class='ocr_line' id='line_1_2' title="bbox 290 597 1435 687; baseline 0.01 -24"><span class='ocrx_word' id='word_1_6' title='bbox 290 597 297 608; x_wconf 49' lang='grc'><em>”</em></span> <span class='ocrx_word' id='word_1_7' title='bbox 369 610 541 666; x_wconf 84' lang='lat' dir='ltr'><strong>validissimas</strong></span> <span class='ocrx_word' id='word_1_8' title='bbox 554 622 663 684; x_wconf 88' lang='lat' dir='ltr'><strong>gentes,</strong></span> <span class='ocrx_word' id='word_1_9' title='bbox 684 629 814 683; x_wconf 77' lang='lat' dir='ltr'><strong>superque</strong></span> <span class='ocrx_word' id='word_1_10' title='bbox 825 612 920 684; x_wconf 86' lang='lat' dir='ltr'><strong>viginti</strong></span> <span class='ocrx_word' id='word_1_11' title='bbox 938 613 1052 687; x_wconf 83' lang='lat' dir='ltr'><strong>oppida,</strong></span> <span class='ocrx_word' id='word_1_12' title='bbox 1067 627 1093 668; x_wconf 88' lang='lat' dir='ltr'><strong>et</strong></span> <span class='ocrx_word' id='word_1_13' title='bbox 1109 614 1225 669; x_wconf 89' lang='lat' dir='ltr'><strong>insulam</strong></span> <span class='ocrx_word' id='word_1_14' title='bbox 1241 617 1362 685; x_wconf 88' lang='lat' dir='ltr'><strong>Vecten,</strong></span> <span class='ocrx_word' id='word_1_15' title='bbox 1376 621 1435 674; x_wconf 90' lang='lat' dir='ltr'><strong>Bri-</strong></span> 
     </span>
     <span class='ocr_line' id='line_1_3' title="bbox 368 694 1435 774; baseline 0.006 -25"><span class='ocrx_word' id='word_1_16' title='bbox 368 698 463 751; x_wconf 79' lang='lat' dir='ltr'><strong>tannia</strong></span> <span class='ocrx_word' id='word_1_17' title='bbox 476 695 622 768; x_wconf 84' lang='lat' dir='ltr'><strong>proximam</strong></span> <span class='ocrx_word' id='word_1_18' title='bbox 632 733 640 759; x_wconf 97' lang='lat'><strong>,</strong></span> <span class='ocrx_word' id='word_1_19' title='bbox 652 695 680 747; x_wconf 91' lang='lat' dir='ltr'><strong>in</strong></span> <span class='ocrx_word' id='word_1_20' title='bbox 692 694 820 749; x_wconf 81' lang='lat' dir='ltr'><strong>ditionem</strong></span> <span class='ocrx_word' id='word_1_21' title='bbox 831 696 934 769; x_wconf 78' lang='lat' dir='ltr'><strong>redegit</strong></span> <span class='ocrx_word' id='word_1_22' title='bbox 950 699 1075 766; x_wconf 80' lang='lat' dir='ltr'><strong>(sueton.</strong></span> <span class='ocrx_word' id='word_1_23' title='bbox 1095 699 1207 773; x_wconf 85' lang='lat' dir='ltr'><strong>Vespas.</strong></span> <span class='ocrx_word' id='word_1_24' title='bbox 1222 719 1280 773; x_wconf 89' lang='lat' dir='ltr'><strong>cap.</strong></span> <span class='ocrx_word' id='word_1_25' title='bbox 1291 707 1336 774; x_wconf 70' lang='lat'><strong>4).</strong></span> <span class='ocrx_word' id='word_1_26' title='bbox 1353 703 1435 770; x_wconf 86' lang='lat' dir='ltr'><strong>Quod</strong></span> 
     </span>
     <span class='ocr_line' id='line_1_4' title="bbox 367 779 1434 858; baseline 0.008 -24"><span class='ocrx_word' id='word_1_27' title='bbox 367 781 471 835; x_wconf 86' lang='lat' dir='ltr'><strong>initium</strong></span> <span class='ocrx_word' id='word_1_28' title='bbox 478 792 595 833; x_wconf 78' lang='lat' dir='ltr'><strong>venturae</strong></span> <span class='ocrx_word' id='word_1_29' title='bbox 606 797 666 831; x_wconf 85' lang='lat' dir='ltr'><strong>mox</strong></span> <span class='ocrx_word' id='word_1_30' title='bbox 676 779 788 831; x_wconf 84' lang='lat' dir='ltr'><strong>fortunae</strong></span> <span class='ocrx_word' id='word_1_31' title='bbox 798 780 864 844; x_wconf 86' lang='lat' dir='ltr'><strong>fnit,</strong></span> <span class='ocrx_word' id='word_1_32' title='bbox 874 793 901 834; x_wconf 90' lang='lat' dir='ltr'><strong>et</strong></span> <span class='ocrx_word' id='word_1_33' title='bbox 913 793 1073 836; x_wconf 87' lang='lat' dir='ltr'><strong>monstratus</strong></span> <span class='ocrx_word' id='word_1_34' title='bbox 1083 783 1144 837; x_wconf 83' lang='lat' dir='ltr'><strong>latis</strong></span> <span class='ocrx_word' id='word_1_35' title='bbox 1152 785 1331 856; x_wconf 73' lang='lat' dir='ltr'><strong>Vespasianus</strong></span> <span class='ocrx_word' id='word_1_36' title='bbox 1337 787 1434 858; x_wconf 73' lang='lat' dir='ltr'><strong>(Facit.</strong></span> 
     </span>
     <span class='ocr_line' id='line_1_5' title="bbox 368 862 1433 939; baseline 0.007 -22"><span class='ocrx_word' id='word_1_37' title='bbox 368 865 485 937; x_wconf 77' lang='lat' dir='ltr'><strong>Agricol.</strong></span> <span class='ocrx_word' id='word_1_38' title='bbox 497 883 556 937; x_wconf 88' lang='lat' dir='ltr'><strong>cap.</strong></span> <span class='ocrx_word' id='word_1_39' title='bbox 571 865 622 934; x_wconf 81' lang='lat' dir='ltr'><strong>rd).</strong></span> <span class='ocrx_word' id='word_1_40' title='bbox 636 863 725 928; x_wconf 90' lang='lat' dir='ltr'><strong>Quam</strong></span> <span class='ocrx_word' id='word_1_41' title='bbox 738 863 878 935; x_wconf 83' lang='lat' dir='ltr'><strong>magnifice</strong></span> <span class='ocrx_word' id='word_1_42' title='bbox 886 862 920 916; x_wconf 92' lang='lat' dir='ltr'><strong>de</strong></span> <span class='ocrx_word' id='word_1_43' title='bbox 930 864 976 918; x_wconf 84' lang='lat' dir='ltr'><strong>illa</strong></span> <span class='ocrx_word' id='word_1_44' title='bbox 986 866 1150 939; x_wconf 78' lang='lat' dir='ltr'>expeditione</span> <span class='ocrx_word' id='word_1_45' title='bbox 1167 867 1279 921; x_wconf 86' lang='lat' dir='ltr'><strong>Romani</strong></span> <span class='ocrx_word' id='word_1_46' title='bbox 1286 871 1433 938; x_wconf 87' lang='lat' dir='ltr'><strong>senserint,</strong></span> 
     </span>
     <span class='ocr_line' id='line_1_6' title="bbox 367 946 1435 1022; baseline 0.009 -22"><span class='ocrx_word' id='word_1_47' title='bbox 367 959 496 1002; x_wconf 75' lang='lat' dir='ltr'><strong>testantur</strong></span> <span class='ocrx_word' id='word_1_48' title='bbox 516 946 643 1018; x_wconf 89' lang='lat' dir='ltr'><strong>triumphi</strong></span> <span class='ocrx_word' id='word_1_49' title='bbox 662 963 760 1019; x_wconf 87' lang='lat' dir='ltr'><strong>pompa</strong></span> <span class='ocrx_word' id='word_1_50' title='bbox 778 958 805 1000; x_wconf 90' lang='lat' dir='ltr'><strong>et</strong></span> <span class='ocrx_word' id='word_1_51' title='bbox 825 959 983 1020; x_wconf 84' lang='lat' dir='ltr'><strong>apparatus,</strong></span> <span class='ocrx_word' id='word_1_52' title='bbox 997 953 1135 1002; x_wconf 77' lang='lat' dir='ltr'><strong>Britannici</strong></span> <span class='ocrx_word' id='word_1_53' title='bbox 1146 969 1293 1022; x_wconf 79' lang='lat' dir='ltr'><strong>cognomen</strong></span> <span class='ocrx_word' id='word_1_54' title='bbox 1309 973 1326 1008; x_wconf 91' lang='lat' dir='ltr'><strong>a</strong></span> <span class='ocrx_word' id='word_1_55' title='bbox 1340 967 1435 1011; x_wconf 87' lang='lat' dir='ltr'><strong>senatu</strong></span> 
     </span>
     <span class='ocr_line' id='line_1_7' title="bbox 367 1027 1433 1106; baseline 0.008 -22"><span class='ocrx_word' id='word_1_56' title='bbox 367 1031 481 1104; x_wconf 78' lang='lat' dir='ltr'><strong>principi</strong></span> <span class='ocrx_word' id='word_1_57' title='bbox 502 1029 638 1093; x_wconf 86' lang='lat' dir='ltr'><strong>delatum,</strong></span> <span class='ocrx_word' id='word_1_58' title='bbox 661 1027 763 1081; x_wconf 87' lang='lat' dir='ltr'><strong>nummi</strong></span> <span class='ocrx_word' id='word_1_59' title='bbox 781 1027 833 1081; x_wconf 88' lang='lat' dir='ltr'><strong>hac</strong></span> <span class='ocrx_word' id='word_1_60' title='bbox 853 1028 1024 1102; x_wconf 81' lang='lat' dir='ltr'><strong>inscriptione</strong></span> <span class='ocrx_word' id='word_1_61' title='bbox 1043 1032 1157 1100; x_wconf 79' lang='lat' dir='ltr'><strong>signati,</strong></span> <span class='ocrx_word' id='word_1_62' title='bbox 1176 1044 1310 1106; x_wconf 88' lang='lat' dir='ltr'><strong>postremo</strong></span> <span class='ocrx_word' id='word_1_63' title='bbox 1331 1037 1433 1092; x_wconf 84' lang='lat' dir='ltr'><strong>navalis</strong></span> 
     </span>
     <span class='ocr_line' id='line_1_8' title="bbox 367 1110 1434 1189; baseline 0.006 -20"><span class='ocrx_word' id='word_1_64' title='bbox 367 1133 483 1178; x_wconf 87' lang='lat' dir='ltr'><strong>corona,</strong></span> <span class='ocrx_word' id='word_1_65' title='bbox 500 1113 604 1185; x_wconf 86' lang='lat' dir='ltr'><strong>fastigio</strong></span> <span class='ocrx_word' id='word_1_66' title='bbox 613 1112 734 1184; x_wconf 74' lang='lat' dir='ltr'><strong>palatine</strong></span> <span class='ocrx_word' id='word_1_67' title='bbox 744 1110 839 1165; x_wconf 88' lang='lat' dir='ltr'><strong>domus</strong></span> <span class='ocrx_word' id='word_1_68' title='bbox 852 1111 921 1176; x_wconf 83' lang='lat' dir='ltr'><strong>lixa,</strong></span> <span class='ocrx_word' id='word_1_69' title='bbox 939 1114 1041 1187; x_wconf 83' lang='lat' dir='ltr'><strong>trajecti</strong></span> <span class='ocrx_word' id='word_1_70' title='bbox 1052 1127 1079 1168; x_wconf 89' lang='lat' dir='ltr'><strong>et</strong></span> <span class='ocrx_word' id='word_1_71' title='bbox 1091 1117 1167 1189; x_wconf 86' lang='lat' dir='ltr'><strong>quasi</strong></span> <span class='ocrx_word' id='word_1_72' title='bbox 1181 1116 1274 1171; x_wconf 90' lang='lat' dir='ltr'><strong>domiti</strong></span> <span class='ocrx_word' id='word_1_73' title='bbox 1283 1117 1382 1174; x_wconf 78' lang='lat' dir='ltr'><strong>Oceani</strong></span> <span class='ocrx_word' id='word_1_74' title='bbox 1392 1121 1434 1174; x_wconf 88' lang='lat' dir='ltr'><strong>in·</strong></span> 
     </span>
     <span class='ocr_line' id='line_1_9' title="bbox 366 1196 1433 1272; baseline 0.007 -21"><span class='ocrx_word' id='word_1_75' title='bbox 366 1199 448 1270; x_wconf 88' lang='lat' dir='ltr'><strong>signe.</strong></span> <span class='ocrx_word' id='word_1_76' title='bbox 460 1197 571 1250; x_wconf 85' lang='lat' dir='ltr'><strong>iliatam</strong></span> <span class='ocrx_word' id='word_1_77' title='bbox 582 1196 708 1269; x_wconf 78' lang='lat' dir='ltr'><strong>preclare</strong></span> <span class='ocrx_word' id='word_1_78' title='bbox 727 1196 805 1268; x_wconf 82' lang='lat' dir='ltr'><strong>gestis</strong></span> <span class='ocrx_word' id='word_1_79' title='bbox 821 1196 916 1249; x_wconf 76' lang='lat' dir='ltr'><strong>alludit</strong></span> <span class='ocrx_word' id='word_1_80' title='bbox 930 1196 1026 1262; x_wconf 80' lang='lat' dir='ltr'><strong>Silius,</strong></span> <span class='ocrx_word' id='word_1_81' title='bbox 1046 1200 1140 1252; x_wconf 84' lang='lat' dir='ltr'><strong>lovem</strong></span> <span class='ocrx_word' id='word_1_82' title='bbox 1154 1200 1242 1272; x_wconf 86' lang='lat' dir='ltr'><strong>ipsum</strong></span> <span class='ocrx_word' id='word_1_83' title='bbox 1257 1201 1293 1256; x_wconf 93' lang='lat' dir='ltr'><strong>de</strong></span> <span class='ocrx_word' id='word_1_84' title='bbox 1305 1204 1433 1258; x_wconf 79' lang='lat' dir='ltr'><strong>Flaviana</strong></span> 
     </span>
     <span class='ocr_line' id='line_1_10' title="bbox 366 1278 990 1354; baseline -0.006 -18"><span class='ocrx_word' id='word_1_85' title='bbox 366 1293 444 1354; x_wconf 88' lang='lat' dir='ltr'><strong>gente</strong></span> <span class='ocrx_word' id='word_1_86' title='bbox 464 1282 502 1336; x_wconf 84' lang='lat' dir='ltr'><strong>sic</strong></span> <span class='ocrx_word' id='word_1_87' title='bbox 519 1281 669 1354; x_wconf 87' lang='lat' dir='ltr'><strong>loquentem</strong></span> <span class='ocrx_word' id='word_1_88' title='bbox 688 1278 830 1345; x_wconf 87' lang='lat' dir='ltr'><strong>inducens,</strong></span> <span class='ocrx_word' id='word_1_89' title='bbox 841 1281 900 1345; x_wconf 88' lang='lat'><strong>111,</strong></span> <span class='ocrx_word' id='word_1_90' title='bbox 917 1283 990 1351; x_wconf 81' lang='lat'><em>597:</em></span> 
     </span>
    </p>
   </div>
   <div class='ocr_carea' id='block_1_3' title="bbox 581 1398 1168 1537">
    <p class='ocr_par' dir='ltr' id='par_1_3' title="bbox 581 1398 1168 1537">
     <span class='ocr_line' id='line_1_11' title="bbox 581 1398 1148 1460; baseline 0.004 -14"><span class='ocrx_word' id='word_1_91' title='bbox 581 1399 639 1446; x_wconf 84' lang='lat' dir='ltr'><strong>llnic</strong></span> <span class='ocrx_word' id='word_1_92' title='bbox 649 1407 716 1460; x_wconf 86' lang='lat' dir='ltr'><strong>pater</strong></span> <span class='ocrx_word' id='word_1_93' title='bbox 724 1398 828 1460; x_wconf 84' lang='lat' dir='ltr'><strong>ignotam</strong></span> <span class='ocrx_word' id='word_1_94' title='bbox 840 1399 938 1446; x_wconf 88' lang='lat' dir='ltr'><strong>donabit</strong></span> <span class='ocrx_word' id='word_1_95' title='bbox 946 1399 1038 1446; x_wconf 78' lang='lat' dir='ltr'><strong>vincere</strong></span> <span class='ocrx_word' id='word_1_96' title='bbox 1045 1401 1148 1456; x_wconf 82' lang='lat' dir='ltr'><strong>Thulen,</strong></span> 
     </span>
     <span class='ocr_line' id='line_1_12' title="bbox 581 1474 1168 1537; baseline 0.003 -16"><span class='ocrx_word' id='word_1_97' title='bbox 581 1475 656 1537; x_wconf 86' lang='lat' dir='ltr'><strong>laqus</strong></span> <span class='ocrx_word' id='word_1_98' title='bbox 664 1475 797 1522; x_wconf 78' lang='lat' dir='ltr'><strong>caledonios</strong></span> <span class='ocrx_word' id='word_1_99' title='bbox 806 1475 895 1536; x_wconf 88' lang='lat' dir='ltr'><strong>primus</strong></span> <span class='ocrx_word' id='word_1_100' title='bbox 907 1475 983 1522; x_wconf 86' lang='lat' dir='ltr'><strong>trahet</strong></span> <span class='ocrx_word' id='word_1_101' title='bbox 992 1474 1085 1536; x_wconf 85' lang='lat' dir='ltr'><strong>agmins</strong></span> <span class='ocrx_word' id='word_1_102' title='bbox 1094 1476 1168 1523; x_wconf 87' lang='lat' dir='ltr'><strong>lucos.</strong></span> 
     </span>
    </p>
   </div>
   <div class='ocr_carea' id='block_1_4' title="bbox 364 1585 1431 1994">
    <p class='ocr_par' dir='ltr' id='par_1_4' title="bbox 364 1585 1431 1994">
     <span class='ocr_line' id='line_1_13' title="bbox 401 1585 1431 1660; baseline 0.006 -20"><span class='ocrx_word' id='word_1_103' title='bbox 401 1592 530 1658; x_wconf 81' lang='lat' dir='ltr'><strong>Apersi.—</strong></span> <span class='ocrx_word' id='word_1_104' title='bbox 537 1585 638 1641; x_wconf 85' lang='lat' dir='ltr'><strong>Eodem</strong></span> <span class='ocrx_word' id='word_1_105' title='bbox 647 1588 727 1640; x_wconf 84' lang='lat' dir='ltr'><strong>verbo</strong></span> <span class='ocrx_word' id='word_1_106' title='bbox 739 1587 821 1640; x_wconf 90' lang='lat' dir='ltr'><strong>utitur</strong></span> <span class='ocrx_word' id='word_1_107' title='bbox 828 1586 989 1659; x_wconf 83' lang='lat' dir='ltr'><strong>Pomponius</strong></span> <span class='ocrx_word' id='word_1_108' title='bbox 998 1587 1081 1650; x_wconf 86' lang='lat' dir='ltr'><strong>Mela,</strong></span> <span class='ocrx_word' id='word_1_109' title='bbox 1090 1589 1200 1642; x_wconf 88' lang='lat' dir='ltr'><strong>Valerio</strong></span> <span class='ocrx_word' id='word_1_110' title='bbox 1207 1607 1327 1654; x_wconf 77' lang='lat' dir='ltr'><strong>merus,</strong></span> <span class='ocrx_word' id='word_1_111' title='bbox 1339 1591 1384 1644; x_wconf 90' lang='lat' dir='ltr'><strong>lib.</strong></span> <span class='ocrx_word' id='word_1_112' title='bbox 1396 1593 1431 1660; x_wconf 79' lang='lat'><strong>3,</strong></span> 
     </span>
     <span class='ocr_line' id='line_1_14' title="bbox 366 1669 1425 1744; baseline -0.002 -20"><span class='ocrx_word' id='word_1_113' title='bbox 366 1690 426 1744; x_wconf 87' lang='lat' dir='ltr'><strong>cap.</strong></span> <span class='ocrx_word' id='word_1_114' title='bbox 446 1677 478 1726; x_wconf 79' lang='lat'><strong>6:</strong></span> <span class='ocrx_word' id='word_1_115' title='bbox 497 1695 508 1718; x_wconf 86' lang='grc' dir='ltr'>ι</span> <span class='ocrx_word' id='word_1_116' title='bbox 523 1670 629 1743; x_wconf 89' lang='lat' dir='ltr'><strong>Quippe</strong></span> <span class='ocrx_word' id='word_1_117' title='bbox 646 1682 701 1724; x_wconf 84' lang='lat' dir='ltr'><strong>tam</strong></span> <span class='ocrx_word' id='word_1_118' title='bbox 718 1669 765 1723; x_wconf 90' lang='lat' dir='ltr'><strong>din</strong></span> <span class='ocrx_word' id='word_1_119' title='bbox 778 1671 898 1724; x_wconf 88' lang='lat' dir='ltr'><strong>clausum</strong></span> <span class='ocrx_word' id='word_1_120' title='bbox 915 1674 994 1738; x_wconf 83' lang='lat' dir='ltr'><strong>aperit</strong></span> <span class='ocrx_word' id='word_1_121' title='bbox 1005 1687 1066 1723; x_wconf 84' lang='lat' dir='ltr'><strong>ecce</strong></span> <span class='ocrx_word' id='word_1_122' title='bbox 1087 1672 1236 1744; x_wconf 79' lang='lat' dir='ltr'><strong>principum</strong></span> <span class='ocrx_word' id='word_1_123' title='bbox 1255 1674 1392 1727; x_wconf 88' lang='lat' dir='ltr'><strong>maximus.</strong></span> <span class='ocrx_word' id='word_1_124' title='bbox 1413 1700 1425 1722; x_wconf 68' lang='grc' dir='ltr'><strong><em>ι</em></strong></span> 
     </span>
     <span class='ocr_line' id='line_1_15' title="bbox 366 1754 1431 1827; baseline 0.003 -18"><span class='ocrx_word' id='word_1_125' title='bbox 366 1755 467 1810; x_wconf 64' lang='lat' dir='ltr'><strong>Mem</strong></span> <span class='ocrx_word' id='word_1_126' title='bbox 481 1767 507 1809; x_wconf 89' lang='lat' dir='ltr'><strong>et</strong></span> <span class='ocrx_word' id='word_1_127' title='bbox 522 1755 645 1820; x_wconf 80' lang='lat' dir='ltr'><strong>Tacitus,</strong></span> <span class='ocrx_word' id='word_1_128' title='bbox 655 1754 690 1808; x_wconf 90' lang='lat' dir='ltr'><strong>de</strong></span> <span class='ocrx_word' id='word_1_129' title='bbox 702 1755 834 1808; x_wconf 88' lang='lat' dir='ltr'><strong>Britannis</strong></span> <span class='ocrx_word' id='word_1_130' title='bbox 848 1773 987 1807; x_wconf 81' lang='lat' dir='ltr'><strong>romanam</strong></span> <span class='ocrx_word' id='word_1_131' title='bbox 1007 1755 1116 1809; x_wconf 81' lang='lat' dir='ltr'><strong>classem</strong></span> <span class='ocrx_word' id='word_1_132' title='bbox 1129 1793 1137 1819; x_wconf 88' lang='lat'><strong>,</strong></span> <span class='ocrx_word' id='word_1_133' title='bbox 1149 1757 1271 1827; x_wconf 80' lang='lat' dir='ltr'><strong>Agricola</strong></span> <span class='ocrx_word' id='word_1_134' title='bbox 1281 1757 1362 1824; x_wconf 91' lang='lat' dir='ltr'><strong>duce,</strong></span> <span class='ocrx_word' id='word_1_135' title='bbox 1373 1760 1431 1812; x_wconf 89' lang='lat' dir='ltr'><strong>Bri·</strong></span> 
     </span>
     <span class='ocr_line' id='line_1_16' title="bbox 366 1839 1430 1915; baseline 0.005 -23"><span class='ocrx_word' id='word_1_136' title='bbox 366 1841 461 1894; x_wconf 72' lang='lat' dir='ltr'><strong>tannia</strong></span> <span class='ocrx_word' id='word_1_137' title='bbox 479 1858 540 1892; x_wconf 87' lang='lat' dir='ltr'><strong>oras</strong></span> <span class='ocrx_word' id='word_1_138' title='bbox 556 1840 757 1892; x_wconf 77' lang='lat' dir='ltr'><strong>circumvectam</strong></span> <span class='ocrx_word' id='word_1_139' title='bbox 774 1839 977 1910; x_wconf 69' lang='lat' dir='ltr'><strong>expuentibus,</strong></span> <span class='ocrx_word' id='word_1_140' title='bbox 988 1839 1103 1911; x_wconf 76' lang='lat' dir='ltr'><strong>Agricol.</strong></span> <span class='ocrx_word' id='word_1_141' title='bbox 1122 1859 1180 1912; x_wconf 89' lang='lat' dir='ltr'><strong>cap.</strong></span> <span class='ocrx_word' id='word_1_142' title='bbox 1196 1840 1250 1894; x_wconf 75' lang='lat'><strong>2⁵:</strong></span> <span class='ocrx_word' id='word_1_143' title='bbox 1275 1868 1286 1889; x_wconf 83' lang='grc' dir='ltr'>ι</span> <span class='ocrx_word' id='word_1_144' title='bbox 1303 1853 1430 1915; x_wconf 88' lang='lat' dir='ltr'><strong>tanquam</strong></span> 
     </span>
     <span class='ocr_line' id='line_1_17' title="bbox 364 1921 1340 1994; baseline 0.006 -20"><span class='ocrx_word' id='word_1_145' title='bbox 364 1939 447 1991; x_wconf 79' lang='lat' dir='ltr'><strong>aperte</strong></span> <span class='ocrx_word' id='word_1_146' title='bbox 459 1923 539 1976; x_wconf 88' lang='lat' dir='ltr'><strong>maris</strong></span> <span class='ocrx_word' id='word_1_147' title='bbox 557 1924 600 1976; x_wconf 87' lang='lat' dir='ltr'><strong>sui</strong></span> <span class='ocrx_word' id='word_1_148' title='bbox 612 1933 729 1987; x_wconf 86' lang='lat' dir='ltr'><strong>secreto,</strong></span> <span class='ocrx_word' id='word_1_149' title='bbox 742 1922 864 1974; x_wconf 90' lang='lat' dir='ltr'><strong>ultimum</strong></span> <span class='ocrx_word' id='word_1_150' title='bbox 880 1921 955 1976; x_wconf 85' lang='lat' dir='ltr'><strong>victis</strong></span> <span class='ocrx_word' id='word_1_151' title='bbox 972 1923 1125 1994; x_wconf 78' lang='lat' dir='ltr'><strong>perfugium</strong></span> <span class='ocrx_word' id='word_1_152' title='bbox 1140 1922 1340 1980; x_wconf 70' lang='lat' dir='ltr'><strong>claudereturn.</strong></span> 
     </span>
    </p>
   </div>
   <div class='ocr_carea' id='block_1_5' title="bbox 365 2043 1431 2204">
    <p class='ocr_par' dir='ltr' id='par_1_5' title="bbox 365 2043 1431 2204">
     <span class='ocr_line' id='line_1_18' title="bbox 401 2043 1429 2117; baseline 0.006 -21"><span class='ocrx_word' id='word_1_153' title='bbox 401 2047 436 2099; x_wconf 87' lang='lat' dir='ltr'><strong>V.</strong></span> <span class='ocrx_word' id='word_1_154' title='bbox 451 2050 477 2102; x_wconf 88' lang='lat'><strong>8.</strong></span> <span class='ocrx_word' id='word_1_155' title='bbox 493 2045 811 2117; x_wconf 77' lang='lat' dir='ltr'><strong>Caledonius.—Proprie</strong></span> <span class='ocrx_word' id='word_1_156' title='bbox 824 2044 871 2116; x_wconf 92' lang='lat' dir='ltr'><strong>qui</strong></span> <span class='ocrx_word' id='word_1_157' title='bbox 893 2043 1062 2108; x_wconf 78' lang='lat' dir='ltr'><strong>Caledonioe,</strong></span> <span class='ocrx_word' id='word_1_158' title='bbox 1077 2065 1123 2098; x_wconf 89' lang='lat' dir='ltr'><strong>seu</strong></span> <span class='ocrx_word' id='word_1_159' title='bbox 1146 2047 1238 2100; x_wconf 75' lang='lat' dir='ltr'><strong>scotie</strong></span> <span class='ocrx_word' id='word_1_160' title='bbox 1258 2067 1318 2101; x_wconf 92' lang='lat' dir='ltr'><strong>oras</strong></span> <span class='ocrx_word' id='word_1_161' title='bbox 1334 2049 1429 2102; x_wconf 86' lang='lat' dir='ltr'><strong>alluit:</strong></span> 
     </span>
     <span class='ocr_line' id='line_1_19' title="bbox 365 2127 1431 2204; baseline 0.003 -22"><span class='ocrx_word' id='word_1_162' title='bbox 365 2129 409 2183; x_wconf 92' lang='lat' dir='ltr'><strong>hic</strong></span> <span class='ocrx_word' id='word_1_163' title='bbox 421 2131 513 2185; x_wconf 87' lang='lat' dir='ltr'><strong>laxiori</strong></span> <span class='ocrx_word' id='word_1_164' title='bbox 524 2149 604 2184; x_wconf 86' lang='lat' dir='ltr'><strong>sensu</strong></span> <span class='ocrx_word' id='word_1_165' title='bbox 613 2167 621 2193; x_wconf 91' lang='lat'><strong>,</strong></span> <span class='ocrx_word' id='word_1_166' title='bbox 631 2141 660 2182; x_wconf 92' lang='lat' dir='ltr'><strong>ut</strong></span> <span class='ocrx_word' id='word_1_167' title='bbox 674 2147 742 2201; x_wconf 82' lang='lat' dir='ltr'><strong>steps</strong></span> <span class='ocrx_word' id='word_1_168' title='bbox 755 2127 826 2200; x_wconf 88' lang='lat' dir='ltr'><strong>apud</strong></span> <span class='ocrx_word' id='word_1_169' title='bbox 834 2139 939 2200; x_wconf 88' lang='lat' dir='ltr'><strong>poetas,</strong></span> <span class='ocrx_word' id='word_1_170' title='bbox 947 2145 997 2200; x_wconf 87' lang='lat' dir='ltr'><strong>pro</strong></span> <span class='ocrx_word' id='word_1_171' title='bbox 1008 2127 1162 2180; x_wconf 90' lang='lat' dir='ltr'><strong>Britannico</strong></span> <span class='ocrx_word' id='word_1_172' title='bbox 1175 2130 1292 2200; x_wconf 88' lang='lat' dir='ltr'><strong>ponitur.</strong></span> <span class='ocrx_word' id='word_1_173' title='bbox 1301 2131 1344 2184; x_wconf 84' lang='lat' dir='ltr'><strong>sic</strong></span> <span class='ocrx_word' id='word_1_174' title='bbox 1356 2131 1431 2204; x_wconf 87' lang='lat' dir='ltr'><strong>apud</strong></span> 
     </span>
    </p>
   </div>
   <div class='ocr_carea' id='block_1_6' title="bbox 364 2213 1104 2376">
    <p class='ocr_par' dir='ltr' id='par_1_6' title="bbox 364 2213 1104 2376">
     <span class='ocr_line' id='line_1_20' title="bbox 364 2213 713 2276; baseline -0.006 -10"><span class='ocrx_word' id='word_1_175' title='bbox 364 2216 466 2268; x_wconf 90' lang='lat' dir='ltr'><strong>Lucan.</strong></span> <span class='ocrx_word' id='word_1_176' title='bbox 480 2214 571 2267; x_wconf 79' lang='lat' dir='ltr'><strong>Phara.</strong></span> <span class='ocrx_word' id='word_1_177' title='bbox 584 2215 640 2276; x_wconf 90' lang='lat' dir='ltr'><strong>Vl,</strong></span> <span class='ocrx_word' id='word_1_178' title='bbox 659 2213 713 2265; x_wconf 84' lang='lat'><strong>68:</strong></span> 
     </span>
     <span class='ocr_line' id='line_1_21' title="bbox 579 2327 1104 2376; baseline -0.006 0"><span class='ocrx_word' id='word_1_179' title='bbox 579 2328 649 2376; x_wconf 85' lang='lat' dir='ltr'><strong>Unde</strong></span> <span class='ocrx_word' id='word_1_180' title='bbox 659 2327 798 2375; x_wconf 85' lang='lat' dir='ltr'><strong>Caledonios</strong></span> <span class='ocrx_word' id='word_1_181' title='bbox 808 2327 868 2375; x_wconf 80' lang='lat' dir='ltr'><strong>fallit</strong></span> <span class='ocrx_word' id='word_1_182' title='bbox 876 2329 968 2375; x_wconf 82' lang='lat' dir='ltr'><strong>turbata</strong></span> <span class='ocrx_word' id='word_1_183' title='bbox 975 2328 1104 2376; x_wconf 80' lang='lat' dir='ltr'><strong>Britannos.</strong></span> 
     </span>
    </p>
   </div>
   <div class='ocr_carea' id='block_1_7' title="bbox 362 2431 1430 2592">
    <p class='ocr_par' dir='ltr' id='par_1_7' title="bbox 362 2431 1430 2592">
     <span class='ocr_line' id='line_1_22' title="bbox 362 2431 1429 2508; baseline 0.003 -20"><span class='ocrx_word' id='word_1_184' title='bbox 362 2437 463 2508; x_wconf 88' lang='lat' dir='ltr'><strong>Nempe</strong></span> <span class='ocrx_word' id='word_1_185' title='bbox 486 2453 540 2488; x_wconf 90' lang='lat' dir='ltr'><strong>non</strong></span> <span class='ocrx_word' id='word_1_186' title='bbox 565 2444 667 2488; x_wconf 88' lang='lat' dir='ltr'><strong>constat</strong></span> <span class='ocrx_word' id='word_1_187' title='bbox 683 2432 875 2504; x_wconf 85' lang='lat' dir='ltr'><strong>Vespasianum</strong></span> <span class='ocrx_word' id='word_1_188' title='bbox 893 2433 923 2486; x_wconf 92' lang='lat' dir='ltr'><strong>in</strong></span> <span class='ocrx_word' id='word_1_189' title='bbox 947 2431 1120 2487; x_wconf 80' lang='lat' dir='ltr'><strong>Caledoniam</strong></span> <span class='ocrx_word' id='word_1_190' title='bbox 1148 2452 1221 2487; x_wconf 89' lang='lat' dir='ltr'><strong>arma</strong></span> <span class='ocrx_word' id='word_1_191' title='bbox 1241 2435 1348 2500; x_wconf 85' lang='lat' dir='ltr'><strong>tulisse,</strong></span> <span class='ocrx_word' id='word_1_192' title='bbox 1367 2437 1429 2491; x_wconf 89' lang='lat' dir='ltr'><strong>licet</strong></span> 
     </span>
     <span class='ocr_line' id='line_1_23' title="bbox 362 2515 1430 2592; baseline 0.003 -21"><span class='ocrx_word' id='word_1_193' title='bbox 362 2519 520 2592; x_wconf 87' lang='lat' dir='ltr'><strong>Eutropius,</strong></span> <span class='ocrx_word' id='word_1_194' title='bbox 532 2517 640 2591; x_wconf 84' lang='lat' dir='ltr'><strong>divique</strong></span> <span class='ocrx_word' id='word_1_195' title='bbox 656 2516 810 2588; x_wconf 86' lang='lat' dir='ltr'><strong>Hieronymi</strong></span> <span class='ocrx_word' id='word_1_196' title='bbox 830 2516 950 2570; x_wconf 88' lang='lat' dir='ltr'><strong>chronio.</strong></span> <span class='ocrx_word' id='word_1_197' title='bbox 973 2515 1081 2570; x_wconf 83' lang='lat' dir='ltr'><strong>tradant</strong></span> <span class='ocrx_word' id='word_1_198' title='bbox 1102 2519 1219 2583; x_wconf 88' lang='lat' dir='ltr'><strong>insulas,</strong></span> <span class='ocrx_word' id='word_1_199' title='bbox 1233 2537 1300 2592; x_wconf 88' lang='lat' dir='ltr'><strong>quas</strong></span> <span class='ocrx_word' id='word_1_200' title='bbox 1315 2525 1430 2574; x_wconf 73' lang='lat' dir='ltr'><strong>Orcadas</strong></span> 
     </span>
    </p>
   </div>
   <div class='ocr_carea' id='block_1_8' title="bbox 359 2599 1429 3096">
    <p class='ocr_par' dir='ltr' id='par_1_8' title="bbox 359 2599 1429 3096">
     <span class='ocr_line' id='line_1_24' title="bbox 361 2599 1429 2673; baseline 0.001 -16"><span class='ocrx_word' id='word_1_201' title='bbox 361 2623 433 2657; x_wconf 89' lang='lat' dir='ltr'><strong>nnnc</strong></span> <span class='ocrx_word' id='word_1_202' title='bbox 447 2615 558 2666; x_wconf 78' lang='lat' dir='ltr'><strong>vocant,</strong></span> <span class='ocrx_word' id='word_1_203' title='bbox 568 2599 679 2656; x_wconf 91' lang='lat' dir='ltr'><strong>Claudio</strong></span> <span class='ocrx_word' id='word_1_204' title='bbox 692 2601 851 2673; x_wconf 87' lang='lat' dir='ltr'><strong>imperante,</strong></span> <span class='ocrx_word' id='word_1_205' title='bbox 863 2602 891 2654; x_wconf 91' lang='lat' dir='ltr'><strong>in</strong></span> <span class='ocrx_word' id='word_1_206' title='bbox 903 2603 1082 2654; x_wconf 87' lang='lat' dir='ltr'><strong>Romanorum</strong></span> <span class='ocrx_word' id='word_1_207' title='bbox 1094 2601 1224 2656; x_wconf 85' lang='lat' dir='ltr'><strong>ditionem</strong></span> <span class='ocrx_word' id='word_1_208' title='bbox 1235 2603 1364 2657; x_wconf 88' lang='lat' dir='ltr'><strong>redactas.</strong></span> <span class='ocrx_word' id='word_1_209' title='bbox 1376 2607 1429 2658; x_wconf 89' lang='lat' dir='ltr'><strong>Le·</strong></span> 
     </span>
     <span class='ocr_line' id='line_1_25' title="bbox 362 2685 1424 2760; baseline 0.005 -22"><span class='ocrx_word' id='word_1_210' title='bbox 362 2693 446 2760; x_wconf 88' lang='lat' dir='ltr'><strong>gimus</strong></span> <span class='ocrx_word' id='word_1_211' title='bbox 463 2687 534 2759; x_wconf 90' lang='lat' dir='ltr'><strong>apud</strong></span> <span class='ocrx_word' id='word_1_212' title='bbox 551 2687 676 2749; x_wconf 81' lang='lat' dir='ltr'><strong>Florum,</strong></span> <span class='ocrx_word' id='word_1_213' title='bbox 689 2686 746 2748; x_wconf 91' lang='grc' dir='ltr'>ΙΙΙ,</span> <span class='ocrx_word' id='word_1_214' title='bbox 768 2704 816 2749; x_wconf 87' lang='lat' dir='ltr'><strong>ro,</strong></span> <span class='ocrx_word' id='word_1_215' title='bbox 829 2690 877 2752; x_wconf 75' lang='lat' dir='ltr'><strong>rs,</strong></span> <span class='ocrx_word' id='word_1_216' title='bbox 891 2687 907 2739; x_wconf 83' lang='lat' dir='ltr'>J</span> <span class='ocrx_word' id='word_1_217' title='bbox 910 2721 918 2738; x_wconf 85' lang='lat'><strong>.</strong></span> <span class='ocrx_word' id='word_1_218' title='bbox 931 2685 1080 2751; x_wconf 70' lang='lat' dir='ltr'><strong>Cesaram,</strong></span> <span class='ocrx_word' id='word_1_219' title='bbox 1097 2706 1180 2758; x_wconf 87' lang='lat' dir='ltr'><strong>quum</strong></span> <span class='ocrx_word' id='word_1_220' title='bbox 1193 2688 1357 2742; x_wconf 89' lang='lat' dir='ltr'><strong>Britanniam</strong></span> <span class='ocrx_word' id='word_1_221' title='bbox 1373 2691 1424 2745; x_wconf 84' lang='lat' dir='ltr'><strong>ite-</strong></span> 
     </span>
     <span class='ocr_line' id='line_1_26' title="bbox 360 2768 1424 2843; baseline 0.004 -19"><span class='ocrx_word' id='word_1_222' title='bbox 360 2792 420 2825; x_wconf 91' lang='lat' dir='ltr'><strong>rum</strong></span> <span class='ocrx_word' id='word_1_223' title='bbox 439 2771 589 2836; x_wconf 83' lang='lat' dir='ltr'><strong>invasisset,</strong></span> <span class='ocrx_word' id='word_1_224' title='bbox 610 2771 683 2822; x_wconf 85' lang='lat' dir='ltr'><strong>fusos</strong></span> <span class='ocrx_word' id='word_1_225' title='bbox 698 2769 787 2823; x_wconf 89' lang='lat' dir='ltr'><strong>hostes</strong></span> <span class='ocrx_word' id='word_1_226' title='bbox 805 2769 840 2822; x_wconf 91' lang='lat' dir='ltr'><strong>ad</strong></span> <span class='ocrx_word' id='word_1_227' title='bbox 857 2768 1030 2823; x_wconf 87' lang='lat' dir='ltr'><strong>Caledoniam</strong></span> <span class='ocrx_word' id='word_1_228' title='bbox 1050 2790 1134 2843; x_wconf 85' lang='lat' dir='ltr'><strong>nsque</strong></span> <span class='ocrx_word' id='word_1_229' title='bbox 1157 2771 1249 2825; x_wconf 86' lang='lat' dir='ltr'><strong>silvam</strong></span> <span class='ocrx_word' id='word_1_230' title='bbox 1276 2775 1424 2829; x_wconf 87' lang='lat' dir='ltr'><strong>insecutum</strong></span> 
     </span>
     <span class='ocr_line' id='line_1_27' title="bbox 361 2854 1424 2928; baseline 0.004 -20"><span class='ocrx_word' id='word_1_231' title='bbox 361 2856 457 2920; x_wconf 83' lang='lat' dir='ltr'><strong>luisse,</strong></span> <span class='ocrx_word' id='word_1_232' title='bbox 481 2874 635 2928; x_wconf 89' lang='lat' dir='ltr'><strong>quanquam</strong></span> <span class='ocrx_word' id='word_1_233' title='bbox 652 2874 684 2908; x_wconf 92' lang='lat' dir='ltr'><strong>ex</strong></span> <span class='ocrx_word' id='word_1_234' title='bbox 701 2854 782 2926; x_wconf 87' lang='lat' dir='ltr'><strong>ipsius</strong></span> <span class='ocrx_word' id='word_1_235' title='bbox 802 2855 913 2908; x_wconf 75' lang='lat' dir='ltr'><strong>Caesaris</strong></span> <span class='ocrx_word' id='word_1_236' title='bbox 927 2855 1076 2908; x_wconf 87' lang='lat' dir='ltr'><strong>testimonio</strong></span> <span class='ocrx_word' id='word_1_237' title='bbox 1097 2867 1216 2920; x_wconf 87' lang='lat' dir='ltr'><strong>constat,</strong></span> <span class='ocrx_word' id='word_1_238' title='bbox 1235 2877 1295 2910; x_wconf 90' lang='lat' dir='ltr'><strong>eum</strong></span> <span class='ocrx_word' id='word_1_239' title='bbox 1316 2859 1424 2912; x_wconf 87' lang='lat' dir='ltr'><strong>nonnisi</strong></span> 
     </span>
     <span class='ocr_line' id='line_1_28' title="bbox 360 2939 1422 3015; baseline 0.001 -20"><span class='ocrx_word' id='word_1_240' title='bbox 360 2944 439 3014; x_wconf 87' lang='lat' dir='ltr'><strong>paulo</strong></span> <span class='ocrx_word' id='word_1_241' title='bbox 457 2941 526 2994; x_wconf 91' lang='lat' dir='ltr'><strong>ultra</strong></span> <span class='ocrx_word' id='word_1_242' title='bbox 540 2940 664 2994; x_wconf 88' lang='lat' dir='ltr'><strong>Tamesin</strong></span> <span class='ocrx_word' id='word_1_243' title='bbox 681 2959 858 3012; x_wconf 85' lang='lat' dir='ltr'><strong>progressum.</strong></span> <span class='ocrx_word' id='word_1_244' title='bbox 873 2939 951 2993; x_wconf 89' lang='lat' dir='ltr'><strong>Unde</strong></span> <span class='ocrx_word' id='word_1_245' title='bbox 968 2939 998 2991; x_wconf 85' lang='lat' dir='ltr'><strong>fit</strong></span> <span class='ocrx_word' id='word_1_246' title='bbox 1012 2951 1042 2992; x_wconf 94' lang='lat' dir='ltr'><strong>ut</strong></span> <span class='ocrx_word' id='word_1_247' title='bbox 1055 2939 1194 2992; x_wconf 86' lang='lat' dir='ltr'><strong>credamus</strong></span> <span class='ocrx_word' id='word_1_248' title='bbox 1213 2961 1228 2994; x_wconf 92' lang='lat' dir='ltr'><strong>a</strong></span> <span class='ocrx_word' id='word_1_249' title='bbox 1241 2943 1342 3014; x_wconf 90' lang='lat' dir='ltr'><strong>populo</strong></span> <span class='ocrx_word' id='word_1_250' title='bbox 1354 2962 1422 3015; x_wconf 89' lang='lat' dir='ltr'><strong>qno·</strong></span> 
     </span>
     <span class='ocr_line' id='line_1_29' title="bbox 359 3022 1235 3096; baseline -0.003 -16"><span class='ocrx_word' id='word_1_251' title='bbox 359 3025 420 3080; x_wconf 86' lang='lat' dir='ltr'><strong>dam</strong></span> <span class='ocrx_word' id='word_1_252' title='bbox 441 3025 593 3079; x_wconf 90' lang='lat' dir='ltr'><strong>Britannico</strong></span> <span class='ocrx_word' id='word_1_253' title='bbox 611 3035 694 3077; x_wconf 89' lang='lat' dir='ltr'><strong>totam</strong></span> <span class='ocrx_word' id='word_1_254' title='bbox 711 3024 845 3096; x_wconf 79' lang='lat' dir='ltr'><strong>regionem</strong></span> <span class='ocrx_word' id='word_1_255' title='bbox 865 3043 932 3096; x_wconf 80' lang='lat' dir='ltr'><strong>sepe</strong></span> <span class='ocrx_word' id='word_1_256' title='bbox 951 3022 1122 3077; x_wconf 83' lang='lat' dir='ltr'><strong>Caledoniam</strong></span> <span class='ocrx_word' id='word_1_257' title='bbox 1137 3025 1235 3078; x_wconf 83' lang='lat' dir='ltr'><strong>vocari.</strong></span> 
     </span>
    </p>
   </div>
   <div class='ocr_carea' id='block_1_9' title="bbox 354 3144 1424 3971">
    <p class='ocr_par' dir='ltr' id='par_1_9' title="bbox 354 3144 1424 3971">
     <span class='ocr_line' id='line_1_30' title="bbox 395 3144 1424 3220; baseline 0.003 -22"><span class='ocrx_word' id='word_1_258' title='bbox 395 3149 430 3200; x_wconf 87' lang='lat' dir='ltr'><strong>V.</strong></span> <span class='ocrx_word' id='word_1_259' title='bbox 443 3167 469 3218; x_wconf 87' lang='lat'><strong>9.</strong></span> <span class='ocrx_word' id='word_1_260' title='bbox 486 3148 712 3218; x_wconf 68' lang='lat' dir='ltr'><strong>Icelon-Nempe</strong></span> <span class='ocrx_word' id='word_1_261' title='bbox 723 3146 778 3200; x_wconf 86' lang='lat' dir='ltr'><strong>Jul.</strong></span> <span class='ocrx_word' id='word_1_262' title='bbox 793 3147 923 3199; x_wconf 75' lang='lat' dir='ltr'><strong>Cesaram</strong></span> <span class='ocrx_word' id='word_1_263' title='bbox 937 3157 964 3198; x_wconf 91' lang='lat' dir='ltr'><strong>et</strong></span> <span class='ocrx_word' id='word_1_264' title='bbox 973 3159 1080 3200; x_wconf 76' lang='lat' dir='ltr'><strong>caeteros</strong></span> <span class='ocrx_word' id='word_1_265' title='bbox 1096 3144 1213 3218; x_wconf 86' lang='lat' dir='ltr'><strong>ejusdem</strong></span> <span class='ocrx_word' id='word_1_266' title='bbox 1233 3148 1317 3218; x_wconf 88' lang='lat' dir='ltr'><strong>gentis</strong></span> <span class='ocrx_word' id='word_1_267' title='bbox 1338 3148 1424 3220; x_wconf 89' lang='lat' dir='ltr'><strong>impe-</strong></span> 
     </span>
     <span class='ocr_line' id='line_1_31' title="bbox 358 3229 1422 3302; baseline 0 -18"><span class='ocrx_word' id='word_1_268' title='bbox 358 3246 467 3286; x_wconf 90' lang='lat' dir='ltr'><strong>ratores.</strong></span> <span class='ocrx_word' id='word_1_269' title='bbox 477 3231 605 3295; x_wconf 83' lang='lat' dir='ltr'><strong>Romani,</strong></span> <span class='ocrx_word' id='word_1_270' title='bbox 617 3243 679 3284; x_wconf 89' lang='lat' dir='ltr'><strong>ante</strong></span> <span class='ocrx_word' id='word_1_271' title='bbox 690 3229 846 3301; x_wconf 85' lang='lat' dir='ltr'><strong>Vespasiani</strong></span> <span class='ocrx_word' id='word_1_272' title='bbox 855 3239 972 3299; x_wconf 87' lang='lat' dir='ltr'><strong>tempora</strong></span> <span class='ocrx_word' id='word_1_273' title='bbox 982 3265 991 3291; x_wconf 90' lang='lat'><strong>,</strong></span> <span class='ocrx_word' id='word_1_274' title='bbox 1000 3230 1141 3281; x_wconf 87' lang='lat' dir='ltr'><strong>Britannos</strong></span> <span class='ocrx_word' id='word_1_275' title='bbox 1153 3229 1192 3280; x_wconf 93' lang='lat' dir='ltr'><strong>bis</strong></span> <span class='ocrx_word' id='word_1_276' title='bbox 1204 3231 1318 3302; x_wconf 79' lang='lat' dir='ltr'><strong>aggressi</strong></span> <span class='ocrx_word' id='word_1_277' title='bbox 1330 3232 1422 3285; x_wconf 89' lang='lat' dir='ltr'><strong>multis</strong></span> 
     </span>
     <span class='ocr_line' id='line_1_32' title="bbox 358 3313 1421 3387; baseline 0.004 -22"><span class='ocrx_word' id='word_1_278' title='bbox 358 3314 578 3386; x_wconf 77' lang='lat' dir='ltr'><strong>viceruntprasliis</strong></span> <span class='ocrx_word' id='word_1_279' title='bbox 585 3352 593 3378; x_wconf 98' lang='lat'><strong>,</strong></span> <span class='ocrx_word' id='word_1_280' title='bbox 601 3313 647 3366; x_wconf 88' lang='lat' dir='ltr'><strong>sed</strong></span> <span class='ocrx_word' id='word_1_281' title='bbox 656 3314 692 3366; x_wconf 88' lang='lat' dir='ltr'><strong>ita</strong></span> <span class='ocrx_word' id='word_1_282' title='bbox 702 3314 840 3378; x_wconf 80' lang='lat' dir='ltr'><strong>vicerunt,</strong></span> <span class='ocrx_word' id='word_1_283' title='bbox 850 3325 880 3364; x_wconf 91' lang='lat' dir='ltr'><strong>ut</strong></span> <span class='ocrx_word' id='word_1_284' title='bbox 889 3313 1003 3366; x_wconf 76' lang='lat' dir='ltr'><strong>victorie</strong></span> <span class='ocrx_word' id='word_1_285' title='bbox 1014 3313 1118 3368; x_wconf 85' lang='lat' dir='ltr'><strong>laudem</strong></span> <span class='ocrx_word' id='word_1_286' title='bbox 1129 3315 1234 3386; x_wconf 88' lang='lat' dir='ltr'><strong>potins,</strong></span> <span class='ocrx_word' id='word_1_287' title='bbox 1245 3335 1324 3387; x_wconf 87' lang='lat' dir='ltr'><strong>qnam</strong></span> <span class='ocrx_word' id='word_1_288' title='bbox 1339 3318 1421 3369; x_wconf 85' lang='lat' dir='ltr'><strong>victo·</strong></span> 
     </span>
     <span class='ocr_line' id='line_1_33' title="bbox 355 3395 1419 3471; baseline 0.001 -19"><span class='ocrx_word' id='word_1_289' title='bbox 355 3400 423 3452; x_wconf 90' lang='lat' dir='ltr'><strong>riam</strong></span> <span class='ocrx_word' id='word_1_290' title='bbox 441 3399 525 3470; x_wconf 84' lang='lat' dir='ltr'><strong>ipsam</strong></span> <span class='ocrx_word' id='word_1_291' title='bbox 540 3397 698 3469; x_wconf 85' lang='lat' dir='ltr'><strong>reportarint</strong></span> <span class='ocrx_word' id='word_1_292' title='bbox 708 3417 714 3460; x_wconf 75' lang='lat'>3</span> <span class='ocrx_word' id='word_1_293' title='bbox 725 3415 774 3448; x_wconf 92' lang='lat' dir='ltr'><strong>nec</strong></span> <span class='ocrx_word' id='word_1_294' title='bbox 793 3396 924 3450; x_wconf 88' lang='lat' dir='ltr'><strong>immerito</strong></span> <span class='ocrx_word' id='word_1_295' title='bbox 936 3395 1032 3450; x_wconf 89' lang='lat' dir='ltr'><strong>dixerit</strong></span> <span class='ocrx_word' id='word_1_296' title='bbox 1043 3397 1152 3450; x_wconf 89' lang='lat' dir='ltr'><strong>Tacitus</strong></span> <span class='ocrx_word' id='word_1_297' title='bbox 1163 3399 1288 3470; x_wconf 76' lang='lat' dir='ltr'><strong>(Agricol.</strong></span> <span class='ocrx_word' id='word_1_298' title='bbox 1304 3419 1362 3471; x_wconf 84' lang='lat' dir='ltr'><strong>cap.</strong></span> <span class='ocrx_word' id='word_1_299' title='bbox 1376 3401 1419 3469; x_wconf 80' lang='lat'><strong>13)</strong></span> 
     </span>
     <span class='ocr_line' id='line_1_34' title="bbox 354 3478 1418 3554; baseline 0 -18"><span class='ocrx_word' id='word_1_300' title='bbox 354 3483 408 3537; x_wconf 92' lang='lat' dir='ltr'><strong>Jul.</strong></span> <span class='ocrx_word' id='word_1_301' title='bbox 420 3482 550 3534; x_wconf 82' lang='lat' dir='ltr'><strong>Caesarem</strong></span> <span class='ocrx_word' id='word_1_302' title='bbox 559 3479 720 3532; x_wconf 88' lang='lat' dir='ltr'><strong>Britanniam</strong></span> <span class='ocrx_word' id='word_1_303' title='bbox 731 3478 877 3532; x_wconf 87' lang='lat' dir='ltr'><strong>ostendisse</strong></span> <span class='ocrx_word' id='word_1_304' title='bbox 886 3482 1014 3552; x_wconf 83' lang='lat' dir='ltr'><strong>postoris,</strong></span> <span class='ocrx_word' id='word_1_305' title='bbox 1026 3499 1080 3533; x_wconf 91' lang='lat' dir='ltr'><strong>non</strong></span> <span class='ocrx_word' id='word_1_306' title='bbox 1090 3479 1240 3536; x_wconf 86' lang='lat' dir='ltr'><strong>tradidisse.</strong></span> <span class='ocrx_word' id='word_1_307' title='bbox 1253 3486 1418 3554; x_wconf 80' lang='lat' dir='ltr'><strong>Augustum,</strong></span> 
     </span>
     <span class='ocr_line' id='line_1_35' title="bbox 358 3564 1420 3638; baseline 0.004 -20"><span class='ocrx_word' id='word_1_308' title='bbox 358 3567 378 3618; x_wconf 87' lang='lat' dir='ltr'><strong>si</strong></span> <span class='ocrx_word' id='word_1_309' title='bbox 397 3567 430 3618; x_wconf 91' lang='lat' dir='ltr'><strong>D.</strong></span> <span class='ocrx_word' id='word_1_310' title='bbox 448 3566 540 3619; x_wconf 89' lang='lat' dir='ltr'><strong>Cassio</strong></span> <span class='ocrx_word' id='word_1_311' title='bbox 552 3564 706 3628; x_wconf 88' lang='lat' dir='ltr'><strong>credamus,</strong></span> <span class='ocrx_word' id='word_1_312' title='bbox 718 3566 759 3617; x_wconf 88' lang='lat' dir='ltr'><strong>bis</strong></span> <span class='ocrx_word' id='word_1_313' title='bbox 773 3583 788 3617; x_wconf 93' lang='lat' dir='ltr'><strong>a</strong></span> <span class='ocrx_word' id='word_1_314' title='bbox 802 3565 885 3617; x_wconf 85' lang='lat' dir='ltr'><strong>Roma</strong></span> <span class='ocrx_word' id='word_1_315' title='bbox 897 3566 1062 3637; x_wconf 83' lang='lat' dir='ltr'><strong>profectum,</strong></span> <span class='ocrx_word' id='word_1_316' title='bbox 1077 3577 1107 3618; x_wconf 92' lang='lat' dir='ltr'><strong>ut</strong></span> <span class='ocrx_word' id='word_1_317' title='bbox 1126 3566 1286 3638; x_wconf 89' lang='lat' dir='ltr'><strong>pertinacem</strong></span> <span class='ocrx_word' id='word_1_318' title='bbox 1303 3569 1420 3622; x_wconf 91' lang='lat' dir='ltr'><strong>hostium</strong></span> 
     </span>
     <span class='ocr_line' id='line_1_36' title="bbox 357 3647 1418 3722; baseline 0.003 -20"><span class='ocrx_word' id='word_1_319' title='bbox 357 3651 490 3720; x_wconf 81' lang='lat' dir='ltr'><strong>frangeret</strong></span> <span class='ocrx_word' id='word_1_320' title='bbox 503 3648 658 3712; x_wconf 91' lang='lat' dir='ltr'><strong>audaciam,</strong></span> <span class='ocrx_word' id='word_1_321' title='bbox 673 3668 688 3701; x_wconf 94' lang='lat' dir='ltr'><strong>a</strong></span> <span class='ocrx_word' id='word_1_322' title='bbox 705 3649 839 3721; x_wconf 88' lang='lat' dir='ltr'><strong>proposito</strong></span> <span class='ocrx_word' id='word_1_323' title='bbox 852 3647 995 3713; x_wconf 90' lang='lat' dir='ltr'><strong>deterruit,</strong></span> <span class='ocrx_word' id='word_1_324' title='bbox 1011 3651 1100 3722; x_wconf 89' lang='lat' dir='ltr'><strong>primo</strong></span> <span class='ocrx_word' id='word_1_325' title='bbox 1111 3651 1288 3704; x_wconf 82' lang='lat' dir='ltr'><strong>Dalmaticum</strong></span> <span class='ocrx_word' id='word_1_326' title='bbox 1301 3653 1418 3714; x_wconf 89' lang='lat' dir='ltr'><strong>bellum,</strong></span> 
     </span>
     <span class='ocr_line' id='line_1_37' title="bbox 354 3733 1417 3806; baseline 0.001 -19"><span class='ocrx_word' id='word_1_327' title='bbox 354 3733 451 3788; x_wconf 84' lang='lat' dir='ltr'><strong>deinde</strong></span> <span class='ocrx_word' id='word_1_328' title='bbox 463 3753 508 3786; x_wconf 89' lang='lat' dir='ltr'><strong>seu</strong></span> <span class='ocrx_word' id='word_1_329' title='bbox 521 3753 600 3796; x_wconf 84' lang='lat' dir='ltr'><strong>vera,</strong></span> <span class='ocrx_word' id='word_1_330' title='bbox 615 3753 661 3786; x_wconf 87' lang='lat' dir='ltr'><strong>seu</strong></span> <span class='ocrx_word' id='word_1_331' title='bbox 675 3733 754 3797; x_wconf 80' lang='lat' dir='ltr'><strong>licta,</strong></span> <span class='ocrx_word' id='word_1_332' title='bbox 768 3753 815 3805; x_wconf 88' lang='lat' dir='ltr'><strong>per</strong></span> <span class='ocrx_word' id='word_1_333' title='bbox 828 3734 927 3806; x_wconf 83' lang='lat' dir='ltr'><strong>legatos</strong></span> <span class='ocrx_word' id='word_1_334' title='bbox 943 3734 1092 3786; x_wconf 80' lang='lat' dir='ltr'><strong>Ariminum</strong></span> <span class='ocrx_word' id='word_1_335' title='bbox 1109 3734 1217 3796; x_wconf 87' lang='lat' dir='ltr'><strong>missos,</strong></span> <span class='ocrx_word' id='word_1_336' title='bbox 1232 3736 1417 3788; x_wconf 86' lang='lat' dir='ltr'><strong>Britannorum</strong></span> 
     </span>
     <span class='ocr_line' id='line_1_38' title="bbox 354 3815 1417 3892; baseline 0 -20"><span class='ocrx_word' id='word_1_337' title='bbox 354 3818 462 3872; x_wconf 91' lang='lat' dir='ltr'><strong>deditio.</strong></span> <span class='ocrx_word' id='word_1_338' title='bbox 474 3817 532 3870; x_wconf 90' lang='lat' dir='ltr'><strong>Hoc</strong></span> <span class='ocrx_word' id='word_1_339' title='bbox 545 3816 609 3870; x_wconf 92' lang='lat' dir='ltr'><strong>illud</strong></span> <span class='ocrx_word' id='word_1_340' title='bbox 621 3828 661 3870; x_wconf 90' lang='lat' dir='ltr'><strong>est</strong></span> <span class='ocrx_word' id='word_1_341' title='bbox 671 3815 830 3870; x_wconf 89' lang='lat' dir='ltr'><strong>destinatum</strong></span> <span class='ocrx_word' id='word_1_342' title='bbox 841 3817 940 3870; x_wconf 86' lang='lat' dir='ltr'><strong>bellum</strong></span> <span class='ocrx_word' id='word_1_343' title='bbox 952 3855 960 3879; x_wconf 95' lang='lat'><strong>,</strong></span> <span class='ocrx_word' id='word_1_344' title='bbox 970 3831 1079 3892; x_wconf 88' lang='lat' dir='ltr'><strong>propter</strong></span> <span class='ocrx_word' id='word_1_345' title='bbox 1089 3818 1161 3889; x_wconf 89' lang='lat' dir='ltr'><strong>quod</strong></span> <span class='ocrx_word' id='word_1_346' title='bbox 1172 3819 1265 3872; x_wconf 86' lang='lat' dir='ltr'><strong>cecinit</strong></span> <span class='ocrx_word' id='word_1_347' title='bbox 1275 3819 1417 3882; x_wconf 84' lang='lat' dir='ltr'><strong>Horatius,</strong></span> 
     </span>
     <span class='ocr_line' id='line_1_39' title="bbox 354 3902 588 3971; baseline -0.004 -16"><span class='ocrx_word' id='word_1_348' title='bbox 354 3902 406 3955; x_wconf 90' lang='lat' dir='ltr'><strong>Od.</strong></span> <span class='ocrx_word' id='word_1_349' title='bbox 426 3904 455 3965; x_wconf 91' lang='grc' dir='ltr'><strong>Ι,</strong></span> <span class='ocrx_word' id='word_1_350' title='bbox 472 3905 520 3966; x_wconf 82' lang='grc'><strong>35,</strong></span> <span class='ocrx_word' id='word_1_351' title='bbox 536 3919 588 3971; x_wconf 78' lang='lat'><strong>29:</strong></span> 
     </span>
    </p>
   </div>
   <div class='ocr_carea' id='block_1_10' title="bbox 612 4003 1059 4124">
    <p class='ocr_par' dir='ltr' id='par_1_10' title="bbox 612 4003 1059 4124">
     <span class='ocr_line' id='line_1_40' title="bbox 616 4003 1059 4050; baseline -0.005 0"><span class='ocrx_word' id='word_1_352' title='bbox 616 4007 696 4050; x_wconf 83' lang='lat' dir='ltr'><strong>Serves</strong></span> <span class='ocrx_word' id='word_1_353' title='bbox 707 4004 794 4048; x_wconf 86' lang='lat' dir='ltr'><strong>iturum</strong></span> <span class='ocrx_word' id='word_1_354' title='bbox 805 4005 917 4050; x_wconf 79' lang='lat' dir='ltr'><strong>Caesarem</strong></span> <span class='ocrx_word' id='word_1_355' title='bbox 928 4003 953 4048; x_wconf 90' lang='lat' dir='ltr'><strong>in</strong></span> <span class='ocrx_word' id='word_1_356' title='bbox 965 4004 1059 4050; x_wconf 85' lang='lat' dir='ltr'><strong>ultimos</strong></span> 
     </span>
     <span class='ocr_line' id='line_1_41' title="bbox 612 4078 820 4124; baseline -0.014 0"><span class='ocrx_word' id='word_1_357' title='bbox 612 4079 681 4124; x_wconf 82' lang='lat' dir='ltr'><strong>Orbis</strong></span> <span class='ocrx_word' id='word_1_358' title='bbox 691 4078 820 4124; x_wconf 84' lang='lat' dir='ltr'><strong>Britannos.</strong></span> 
     </span>
    </p>
   </div>
   <div class='ocr_carea' id='block_1_11' title="bbox 352 4166 1415 4326">
    <p class='ocr_par' dir='ltr' id='par_1_11' title="bbox 352 4166 1415 4326">
     <span class='ocr_line' id='line_1_42' title="bbox 353 4166 1415 4240; baseline 0.001 -20"><span class='ocrx_word' id='word_1_359' title='bbox 353 4171 444 4224; x_wconf 88' lang='lat' dir='ltr'><strong>Voluit</strong></span> <span class='ocrx_word' id='word_1_360' title='bbox 460 4170 551 4240; x_wconf 81' lang='lat' dir='ltr'><strong>etipse</strong></span> <span class='ocrx_word' id='word_1_361' title='bbox 570 4169 650 4220; x_wconf 85' lang='lat' dir='ltr'><strong>Caius</strong></span> <span class='ocrx_word' id='word_1_362' title='bbox 667 4171 811 4240; x_wconf 86' lang='lat' dir='ltr'><strong>imperator</strong></span> <span class='ocrx_word' id='word_1_363' title='bbox 824 4173 915 4240; x_wconf 85' lang='lat' dir='ltr'><strong>jugum</strong></span> <span class='ocrx_word' id='word_1_364' title='bbox 935 4166 1107 4223; x_wconf 82' lang='lat' dir='ltr'><strong>detrectantes</strong></span> <span class='ocrx_word' id='word_1_365' title='bbox 1125 4169 1204 4219; x_wconf 87' lang='lat' dir='ltr'><strong>armis</strong></span> <span class='ocrx_word' id='word_1_366' title='bbox 1218 4169 1336 4240; x_wconf 82' lang='lat' dir='ltr'><strong>subigere</strong></span> <span class='ocrx_word' id='word_1_367' title='bbox 1349 4187 1356 4230; x_wconf 91' lang='lat'>;</span> <span class='ocrx_word' id='word_1_368' title='bbox 1370 4170 1415 4221; x_wconf 90' lang='lat' dir='ltr'><strong>sed</strong></span> 
     </span>
     <span class='ocr_line' id='line_1_43' title="bbox 352 4250 1415 4326; baseline -0.005 -19"><span class='ocrx_word' id='word_1_369' title='bbox 352 4253 512 4326; x_wconf 72' lang='lat' dir='ltr'><strong>conchyliis,</strong></span> <span class='ocrx_word' id='word_1_370' title='bbox 525 4251 666 4322; x_wconf 83' lang='lat' dir='ltr'><strong>spoliorum</strong></span> <span class='ocrx_word' id='word_1_371' title='bbox 686 4253 775 4304; x_wconf 78' lang='lat' dir='ltr'><strong>instar.</strong></span> <span class='ocrx_word' id='word_1_372' title='bbox 791 4250 902 4304; x_wconf 80' lang='lat' dir='ltr'><strong>adverso</strong></span> <span class='ocrx_word' id='word_1_373' title='bbox 913 4252 938 4303; x_wconf 90' lang='lat' dir='ltr'><strong>in</strong></span> <span class='ocrx_word' id='word_1_374' title='bbox 954 4251 1040 4303; x_wconf 86' lang='lat' dir='ltr'><strong>littore</strong></span> <span class='ocrx_word' id='word_1_375' title='bbox 1056 4251 1186 4314; x_wconf 88' lang='lat' dir='ltr'><strong>collectis,</strong></span> <span class='ocrx_word' id='word_1_376' title='bbox 1199 4271 1231 4304; x_wconf 89' lang='lat' dir='ltr'><strong>ne</strong></span> <span class='ocrx_word' id='word_1_377' title='bbox 1243 4252 1296 4304; x_wconf 79' lang='lat' dir='ltr'><strong>visa</strong></span> <span class='ocrx_word' id='word_1_378' title='bbox 1308 4252 1415 4323; x_wconf 85' lang='lat' dir='ltr'><strong>quidem</strong></span> 
     </span>
    </p>
   </div>
   <div class='ocr_carea' id='block_1_12' title="bbox 0 0 1628 5112">
    <p class='ocr_par' dir='ltr' id='par_1_12' title="bbox 0 0 1628 5112">
     <span class='ocr_line' id='line_1_44' title="bbox 0 0 1628 5112; baseline 0 6"><span class='ocrx_word' id='word_1_379' title='bbox 0 0 1628 5112; x_wconf 95' lang='lat' dir='ltr'><strong> </strong></span> 
     </span>
    </p>
   </div>
  </div>
 </body>
</html>
