3192 5128
317 520 588 588 ursrorus-
617 522 647 588 A
676 521 830 594 traua.
858 523 1045 592 nstro.
1138 549 1222 595 exn
1253 483 1255 492 ’

119 643 225 731 quod
242 648 359 711 allusit
369 649 513 738 Angelus
523 648 719 732 politianus,
735 651 785 714 vir
797 648 838 714 de
851 651 951 716 literis
963 653 1085 718 Latinis
1099 657 1222 744 optime

122 752 291 819 meritus.
309 755 341 817 Is
360 754 394 817 in
409 754 534 818 Umbra
549 754 619 818 haec
635 755 704 818 ait:

285 918 410 989 Elysium
425 930 515 972 tenet:
526 918 572 971 hic
585 935 682 990 magua
695 919 851 972 venerahilis
865 921 961 974 umbra

285 1005 396 1059 Mutatis
408 1005 550 1078 pulchram
563 1006 685 1078 auspiciis
696 1005 745 1058 sibi
757 1006 887 1060 Colchida
899 1009 1003 1081 junget,

285 1094 354 1148 Solis
368 1106 394 1148 et
408 1095 510 1149 Oceani
520 1096 640 1149 volventi
653 1113 782 1168 progener
798 1113 864 1149 aro.

575 1299 623 1362 De
635 1298 780 1383 Absyrto.

184 1479 349 1566 Absyrtus
362 1502 403 1544 ex
410 1479 504 1544 AEeta
515 1478 731 1546 etAsterodia
748 1497 843 1544 natus
860 1497 930 1561 est,
949 1496 986 1544 ut
1002 1480 1111 1568 inquit
1122 1481 1217 1569 Apol

135 1570 273 1666 lonius;
289 1586 465 1673 Sophocles
490 1586 531 1658 in¹
548 1586 694 1674 Scythis,
712 1608 781 1649 non
801 1609 840 1650 ex
862 1586 975 1650 eadem
997 1602 1097 1650 matre
1120 1604 1214 1652 natos

137 1689 323 1778 Absyrtum
349 1707 382 1755 et
398 1691 547 1756 Medeam
566 1692 696 1772 scribit,
717 1690 774 1756 sed
792 1691 940 1756 Medeam
962 1714 1002 1755 ex
1019 1690 1126 1780 Idyia,
1147 1692 1214 1756 Ab·

136 1813 268 1884 systum
284 1819 363 1861 vero
377 1819 417 1860 ex
427 1797 548 1862 Neaera.
560 1798 636 1862 Fuit
646 1797 701 1860 hio
714 1795 758 1860 ob
775 1796 1052 1884 pulchritudinem
1066 1798 1211 1862 Phaeton

137 1903 408 1991 cognominatus,
422 1919 461 1967 ut
469 1903 675 1991 Apollonius,
692 1901 777 1964 libro
789 1902 839 1965 III
849 1902 1163 1991 Argonauticorum,
1179 1919 1213 1966 et

136 2007 316 2089 Timonax,
333 2007 560 2096 Scythicorum
576 2008 630 2084 ΙΙ,
649 2005 797 2070 affirmat.
821 2007 906 2070 Sunt
928 2008 985 2094 qui
1007 2030 1082 2071 eum
1096 2007 1212 2072 Medea

137 2131 219 2177 natu
233 2114 390 2195 majorem
407 2113 526 2178 dicant.
541 2111 744 2201 Pherecydes
757 2114 790 2176 in
803 2113 862 2178 VII
878 2137 896 2176 a
909 2113 1025 2177 Medea
1038 2135 1078 2178 ex
1091 2115 1211 2179 lectulo

136 2219 323 2303 sublatum,
340 2237 372 2284 et
388 2219 591 2296 adlasonem
610 2218 829 2309 perductum,
853 2243 891 2284 ao
905 2235 943 2283 ut
954 2221 1083 2285 AEetam
1099 2243 1210 2311 regem

136 2329 344 2415 Argonautas
359 2327 585 2414 insequentem
603 2341 824 2407 morarentur,
841 2324 1061 2392 dilaceratum.
1079 2325 1209 2414 Sopho·

136 2433 201 2494 cles
215 2433 251 2495 in
266 2431 434 2522 tragoedia,
449 2455 521 2520 quae
531 2429 702 2495 Colchides
716 2430 914 2512 inscribitur,
926 2432 961 2495 in
972 2432 1071 2520 patris
1084 2432 1208 2498 aedihus

135 2537 298 2603 laniatum
313 2538 441 2622 scribit;
454 2537 648 2627 Apollonius
663 2559 760 2619 vero,
776 2537 817 2602 ad
834 2538 955 2602 Istrum
974 2536 1110 2604 fluvium
1124 2541 1209 2604 ocei-

136 2664 234 2724 sum3
252 2642 398 2730 Plinius,
416 2643 449 2706 in
474 2642 608 2721 insulis,
631 2665 703 2729 quae
720 2664 759 2705 ex
781 2643 850 2722 ejus
869 2640 1002 2707 nomine
1017 2643 1209 2733 Absyrtides

136 2764 383 2836 nuncupantur.

395 2935 441 2998 De
456 2935 616 2998 amoribus
626 2934 752 2998 Iasonis
767 2949 799 2997 et
808 2934 939 2998 Medea.

182 3105 295 3186 Quum
312 3102 411 3192 igitur
428 3103 523 3166 lason
542 3122 618 3165 cum
639 3101 761 3165 eaeteris
781 3101 979 3190 Argonautis
1001 3099 1042 3165 ad
1064 3100 1204 3166 Colchos

137 3209 359 3298 appulissent,
379 3205 528 3272 Medeam
546 3207 631 3270 forte
649 3205 690 3271 ad
714 3205 859 3271 Phasidis
879 3207 982 3294 ripam
999 3205 1128 3270 obviam
1145 3205 1204 3270 ha-

136 3315 290 3380 buerunt.
305 3314 367 3378 Cui
379 3335 482 3407 quum
493 3315 589 3378 lason
604 3312 761 3378 adventus
771 3313 821 3378 sui
838 3335 968 3378 causam
984 3313 1204 3400 exposuisset,

137 3437 233 3508 atque
250 3421 291 3484 ab
306 3443 343 3484 ea
365 3410 406 3483 de
424 3418 613 3486 erudelitate
629 3419 727 3508 patris
749 3434 832 3482 esset
852 3417 1005 3502 edoctus,
1031 3418 1072 3482 ad
1094 3441 1205 3506 preces

139 3549 328 3608 conversus,
345 3524 441 3590 fidem
461 3525 503 3591 de
517 3525 671 3614 conjugio
688 3523 793 3606 dedit„
816 3525 843 3588 si
859 3525 893 3588 in
909 3523 1095 3589 discrimine
1109 3524 1150 3589 ab
1168 3547 1204 3590 ea

137 3649 381 3721 praemonstrato
397 3632 458 3697 sibi
475 3632 574 3696 ferret
593 3653 699 3720 opem.
719 3632 893 3718 Acceperat
905 3647 979 3695 ante
994 3632 1089 3695 lason
1109 3631 1204 3694 aVe·

139 3761 212 3804 nere
239 3741 376 3829 lyngem
405 3739 580 3819 aviculam,
602 3760 700 3827 quam
721 3737 823 3826 Magae
844 3737 995 3801 mulieres
1021 3752 1141 3802 tantam
1162 3736 1203 3800 ad

138 3845 291 3908 amatoria
311 3845 451 3909 carmina
468 3845 533 3909 vim
548 3844 668 3908 habere
685 3842 838 3925 credunt,
855 3859 892 3906 ut
905 3841 1014 3906 omnia
1033 3864 1156 3906 venena
1172 3856 1205 3905 et

18 3989 19 3992 =
138 3968 304 4040 unguenta
312 3950 353 4016 ad
368 3974 512 4016 amorem
525 3951 732 4017 excitandum
744 3950 860 4015 idonea
870 3951 983 4036 lynges
991 3950 1204 4037 appellentur,

18 4039 19 4046 ἵ
138 4073 215 4121 teste
225 4057 393 4122 Theocriti
406 4059 543 4146 antiquo
559 4059 741 4147 expositore
752 4083 761 4142 ;
775 4057 885 4146 etipse
897 4077 989 4120 amor
1001 4055 1087 4140 lynx
1099 4056 1205 4119 aPin·

136 4163 213 4227 daro
230 4162 376 4244 dicatur,
393 4165 449 4253 qui
468 4164 578 4229 scribit
595 4165 629 4227 in
646 4164 770 4252 Pythiis
785 4164 870 4228 hane
888 4186 924 4226 ex
941 4162 1084 4250 Olympo
1104 4184 1122 4225 a
1139 4162 1204 4224 Ve-

18 4349 19 4358 ἵ
137 4291 211 4332 nere
227 4269 371 4355 primum
387 4270 428 4334 ad
445 4271 598 4335 mortales
614 4271 754 4353 allatam,
777 4286 809 4334 et
832 4268 939 4334 datam
960 4267 1088 4348 Jasoni,
1111 4281 1149 4328 ut
1169 4287 1205 4328 ea
