3192 5128
539 533 835 604 nantelmo.
1179 561 1213 606 ct

126 663 307 730 affirmare
330 663 455 752 liquido
471 685 617 752 possum.
637 665 751 744 Hunc,
765 665 850 753 proh
871 665 980 730 dolor!
1003 687 1078 730 cum
1105 689 1172 754 quo
1196 691 1215 730 a

129 769 333 835 tenerrimis
346 770 532 860 unguiculis
548 786 713 839 contracta
721 771 879 853 amicitia,
890 771 1009 837 illibata
1018 773 1098 836 mihi
1111 795 1215 861 usque

131 874 179 940 ad
193 875 334 941 feralem
347 877 512 946 tumulum
521 876 716 966 permansit,
729 898 836 964 nuper
846 877 880 941 in
898 878 1059 942 consulari
1071 900 1216 967 purpura
1252 911 1255 920 ’

132 981 268 1046 feretro
285 983 476 1071 impositum
491 982 675 1063 doluimus,
689 998 722 1047 et
732 982 910 1050 amicorum
923 983 1086 1072 principe,
1100 1001 1133 1047 ct
1148 1007 1217 1050 sua-

134 1087 281 1152 vissimo
288 1085 439 1177 presidio
451 1109 505 1152 me
512 1087 664 1152 orbatum
674 1103 707 1152 et
717 1086 922 1169 destitutum,
935 1109 1003 1151 non
1013 1086 1083 1153 sine
1091 1089 1215 1178 ingenti

136 1194 241 1258 luctu
255 1192 335 1258 ridi.
359 1193 424 1260 Sed
439 1195 586 1282 quamvis
603 1194 816 1283 irreparabilis
831 1195 954 1275 jactura
972 1195 1025 1260 illa
1041 1195 1215 1277 rideretur,

141 1315 206 1381 tu,
223 1300 275 1363 vir
288 1299 499 1388 amplissime,
520 1316 559 1365 ut
581 1300 683 1365 levior
704 1301 798 1364 nobis
816 1317 918 1378 esset,
944 1300 1095 1384 effecisti,
1112 1325 1215 1390 quum

144 1405 335 1470 universam
353 1407 568 1472 batemarum
593 1405 869 1472 necessitudinum
895 1423 928 1472 et
946 1407 1160 1472 amicitiarum
1185 1425 1217 1474 te

145 1508 372 1577 loereditatem
389 1510 478 1576 adire
489 1511 571 1576 velle
585 1511 775 1594 declarares,
790 1529 824 1577 et
840 1533 912 1594 me,
929 1535 1027 1600 quem
1041 1515 1107 1594 jam
1123 1531 1217 1582 antea

146 1615 298 1680 amicitie
310 1632 375 1681 tue
388 1638 452 1682 usu
463 1615 613 1707 dignante
622 1617 883 1706 eras,prolixiori
895 1616 1120 1682 benevolentia
1133 1635 1219 1710 post-

148 1719 211 1785 bac
222 1721 451 1810 amplexurum
464 1737 498 1790 te
509 1725 727 1810 promitteres.
738 1723 854 1810 Neque
869 1722 954 1787 intra
968 1723 1067 1788 verba
1075 1723 1217 1790 officiosa

149 1842 207 1892 tua
221 1826 408 1892 humanitas
421 1829 517 1894 stetit.
531 1828 621 1894 Nihil
632 1828 673 1894 ab
687 1850 727 1894 eo
740 1845 887 1917 tempore
901 1828 1054 1911 omisisti,
1064 1829 1161 1922 ¹quod
1176 1830 1218 1896 ad

150 1955 204 1996 me
219 1931 407 1998 ornandum
425 1951 458 1998 et
474 1933 661 2023 augendum
679 1935 784 1998 facere
800 1954 895 2022 posse
915 1932 1129 2004 arbitrabaris.
1148 1937 1219 2000 Tua

151 2037 438 2104 commendatione
453 2056 487 2104 et
503 2039 734 2130 suffiagatione
751 2036 868 2120 efficis,
892 2053 930 2102 ut
947 2041 1145 2128 amplissimo
1163 2065 1218 2107 or·

153 2143 221 2208 dini
235 2145 378 2210 laboret
394 2145 572 2228 industria,
593 2167 691 2234 quam
706 2146 740 2208 in
755 2143 926 2225 juventute
947 2146 1126 2212 academica
1149 2171 1219 2212 eru-

154 2249 271 2316 dienda
288 2252 432 2334 colloco,
452 2252 625 2342 probetur,
644 2267 677 2316 et
695 2250 801 2341 dignis
822 2251 961 2339 praemiis
984 2269 1018 2318 et
1039 2255 1219 2320 commodis

152 2373 298 2422 ornetur.
313 2357 424 2440 Quum
438 2375 546 2422 autem
555 2358 651 2422 sortis
664 2381 743 2422 meac
758 2357 923 2422 humilitas
936 2379 1004 2422 non
1017 2360 1166 2446 patiatur,
1182 2377 1221 2425 ut

154 2483 214 2552 pro
235 2460 391 2545 infinitis,
415 2465 535 2553 quibus
560 2486 613 2528 me
633 2462 822 2546 devinxisti,
842 2463 965 2528 meritis
990 2463 1096 2546 aliud,
1120 2487 1219 2553 quam

155 2584 251 2656 grate
264 2569 384 2634 mentis
397 2567 681 2660 significationem,
693 2568 893 2658 dependam,
905 2591 946 2632 ne
958 2591 1084 2657 sperne,
1100 2594 1219 2659 quaeso,

155 2673 218 2738 boc
232 2673 410 2740 literarium
425 2675 675 2757 munusculum,
690 2676 800 2764 quod,
811 2675 886 2740 licet
894 2696 933 2739 ex
946 2675 1052 2741 alieno
1067 2678 1220 2742 thesauro

156 2778 473 2872 depromptum,tibi
485 2783 614 2848 mittere
628 2805 696 2846 non
713 2781 868 2847 dubitari.
880 2781 975 2863 Nam,
984 2799 1022 2846 ut
1038 2783 1119 2847 nihil
1130 2807 1221 2850 nunc

156 2884 197 2951 de
209 2903 303 2952 curta
318 2909 390 2952 mea
410 2889 623 2977 supellectile,
644 2903 677 2952 et
694 2910 835 2975 paupere
855 2885 1046 2951 eruditionis
1066 2905 1220 2976 apparatu

156 2991 277 3074 dicam,
296 3015 334 3058 ea
358 3009 407 3059 est
432 2995 600 3059 Heinsiani
629 2994 769 3058 nominis
792 2993 960 3058 celebritas
985 3009 1019 3056 et
1042 2993 1160 3081 gloria,
1182 3009 1221 3058 ut

158 3099 318 3189 quidquid
347 3125 387 3166 eo
411 3103 602 3196 insignitum
622 3101 776 3191 prodeat,
802 3100 842 3165 ab
872 3101 1045 3182 omnibus,
1068 3101 1125 3189 qui
1152 3125 1220 3166 non

159 3207 252 3294 plane
267 3208 400 3274 musice
418 3210 495 3274 artis
517 3224 595 3273 sunt
611 3225 773 3298 expertes,
791 3208 1000 3274 vehementer
1015 3207 1173 3297 probetur
1189 3223 1222 3272 et

159 3329 338 3402 appetatur.
349 3316 501 3384 Heinsius
511 3337 589 3406 ergo
601 3333 690 3381 tuam
700 3338 761 3404 pro
769 3337 822 3379 me
830 3313 963 3405 gratim
974 3331 1006 3379 et
1015 3313 1159 3378 favorem
1169 3312 1223 3378 de·

158 3419 353 3506 precabitur,
365 3434 398 3484 et
414 3443 517 3508 quum
532 3407 591 3486 slbi
609 3443 740 3486 omnem
755 3419 878 3510 ingenii
894 3435 926 3484 et
942 3419 1131 3484 eruditionis
1150 3420 1220 3510 glo·

160 3526 237 3590 riam
249 3527 323 3608 jure
338 3549 400 3591 suo
413 3527 637 3605 vindicaverit,
654 3528 759 3592 solum
775 3527 855 3591 mibi
869 3525 1041 3616 diligentia
1057 3542 1089 3591 et
1103 3524 1221 3590 laboris

159 3629 288 3696 laudem
303 3632 486 3721 relinquet:
500 3649 534 3698 et
549 3633 748 3722 quicumque
762 3655 841 3697 rero
858 3653 927 3696 rem
944 3633 1050 3721 pretio
1065 3632 1222 3696 aestimare

159 3737 249 3819 relit,
263 3737 388 3826 aliquid
403 3761 455 3802 me
471 3737 512 3803 de
532 3762 567 3803 re
582 3738 720 3804 literaria
731 3737 887 3803 meruisse
907 3737 1070 3820 fatebitur,
1084 3738 1140 3826 qui
1153 3738 1222 3801 baec

160 3843 277 3932 scripta
291 3841 507 3910 eruditissima
520 3844 561 3910 ab
578 3845 712 3910 interitu
727 3843 965 3909 vindicaverim.
982 3845 1078 3925 Vale,
1089 3845 1139 3908 vir
1152 3865 1222 3906 arn·

160 3949 313 4035 plissime,
330 3967 363 4016 et
372 3949 508 4036 fortiter,
523 3969 561 4017 ut
570 3953 658 4034 facis,
671 3951 902 4039 rempublicam
915 3973 1025 4042 gerere
1036 3973 1144 4040 perge.
1157 3951 1223 4014 Da·

160 4055 233 4123 bam
244 4059 382 4138 rejecti
394 4061 605 4140 batavorum,
620 4058 697 4146 ipsis
708 4057 852 4122 kalendis
866 4057 1025 4140 octobris,
1040 4079 1188 4122 crorcccr.

471 4293 917 4324 ...Q-
