3198 5106
362 544 454 592 mxu
587 520 907 592 rssrmoum
933 521 995 589 rc
1020 521 1227 590 tuorem
1289 469 1293 484 ⁸

363 653 501 716 Constat
516 650 670 715 mediocri
683 672 803 732 ceusu,
817 672 854 714 ac
868 649 958 715 tenui
972 649 1168 737 patrimonio
1183 647 1303 732 fuisse,
1316 653 1422 717 etilo-

363 780 423 821 mae
445 755 634 844 pnediolum
659 756 884 822 suburbanum
911 756 1063 846 exiguum
1082 755 1276 844 possedisse,
1299 756 1334 820 in'
1355 781 1422 845 quo

362 862 531 926 Musarum
543 885 636 927 curas
652 861 817 951 deponere
831 863 945 926 solitus
963 862 1078 926 fuerat.
1096 862 1181 925 Huic
1193 883 1273 951 puer
1285 864 1423 928 maxime

362 983 471 1056 gratus
501 968 584 1051 ¹luit,
612 969 669 1057 qui
686 968 881 1034 Amazonius
899 965 1087 1032 dicebatur:
1104 967 1202 1048 hujus
1228 967 1366 1032 sormam
1390 983 1424 1032 et

363 1071 506 1137 indolem
533 1090 631 1161 atque
658 1089 858 1138 venustatem
878 1071 988 1136 laudat
1011 1073 1164 1137 Martialis
1189 1073 1327 1163 eleganti
1353 1073 1423 1162 epi·

364 1196 550 1264 grammate.
569 1179 701 1246 Amicos
726 1178 842 1242 babuit
866 1179 1007 1259 multos,
1024 1177 1082 1243 sed
1096 1178 1275 1267 precipuos
1294 1179 1423 1244 Stellam

364 1299 623 1366 conterraneum,
635 1301 668 1349 et
678 1285 800 1349 lulium
812 1281 1010 1366 Secundum,
1022 1299 1055 1346 et
1067 1282 1263 1364 Maternum,
1276 1299 1309 1348 et
1320 1285 1426 1367 Quin-

363 1388 528 1472 tilianum,
546 1391 725 1456 Martialem
741 1413 818 1454 vero
833 1412 899 1478 prce
916 1389 1037 1454 ceteris
1056 1388 1377 1471 conjunctissimum,
1392 1407 1425 1455 et

363 1495 528 1578 intimum,
536 1512 574 1560 ut
589 1519 626 1560 ex
639 1495 786 1584 plurimis
797 1493 865 1576 ejus
883 1495 1167 1584 epigrammatibus
1180 1495 1275 1584 plane
1288 1511 1424 1562 constat

722 1714 880 1776 Lonorrc.
903 1712 1063 1776 Csnmort.

405 1881 570 1952 iudicium
589 1882 630 1949 de
651 1885 779 1950 Valerio
796 1884 969 1950 doctorum
984 1903 1050 1951 tam
1071 1869 1289 1950 honorificum
1306 1901 1371 1966 est,
1390 1902 1428 1949 ut

364 2011 430 2052 non
450 1987 614 2055 defuerint
633 1992 790 2055 acerrimo
810 1991 933 2071 judicio
953 1991 1121 2073 homiues,
1139 1992 1195 2080 qui
1213 1992 1304 2056 hunc
1331 1991 1428 2058 etiam

362 2093 482 2157 Graecis
499 2094 559 2158 illis
570 2141 579 2175 ,
590 2095 764 2182 Apollonio
775 2140 784 2176 ,
797 2093 946 2181 Orpheo,
961 2094 1083 2184 ingenii
1096 2094 1245 2160 felicitate
1256 2096 1353 2186 longe
1367 2117 1431 2185 pu-

364 2199 462 2262 tarint
475 2199 743 2288 praeponendum.

489 2420 559 2481 Jur..
579 2422 688 2484 Cessit
707 2420 888 2504 Sarnous,
905 2444 969 2485 sss.
984 2422 1024 2502 V,
1045 2443 1114 2486 car.
1133 2421 1173 2502 6,
1189 2421 1290 2484 Poer.

409 2614 560 2701 Orpheus
568 2614 673 2702 aptius
684 2614 1191 2704 canit,apudFlaccum,Minyas
1201 2630 1235 2700 et
1242 2613 1429 2705 Phryxum,

364 2719 613 2801 Athamantem,
628 2743 744 2810 quam,
754 2719 842 2809 apud
853 2721 1064 2808 Apollonium
1074 2769 1083 2802 ,
1095 2737 1186 2785 terrae
1199 2721 1332 2810 oaelique
1344 2744 1429 2786 crea·

367 2825 501 2890 tionem.
522 2825 612 2907 Quid
631 2827 718 2890 enim
736 2827 811 2890 viris
828 2825 1040 2908 militaribus,
1058 2848 1134 2892 cum
1146 2825 1426 2916 ⁴pbilosophorum

365 2929 511 2994 umbris?
526 2930 662 2995 Initium
687 2953 820 3020 quoque
840 2931 947 3018 operis
971 2933 1085 2998 Flacco
1101 2932 1228 3022 gravius
1244 2948 1341 3018 atque
1368 2954 1430 2994 nu-

328 3091 331 3100 .
366 3037 544 3118 morosius,
569 3036 696 3104 tametsi
723 3053 882 3125 quantum
900 3037 1098 3128 probemus,
1121 3037 1154 3099 in
1181 3037 1329 3127 sequenti
1344 3036 1430 3100 libro

366 3141 441 3205 sutis
458 3157 507 3205 est
532 3140 739 3206 declaratum.
755 3143 840 3206 Toto
858 3141 952 3205 etiam
968 3165 1084 3230 opere,
1099 3154 1299 3231 quamquam
1314 3158 1363 3205 est
1376 3142 1431 3205 ille

365 3262 477 3310 nostra
503 3246 638 3310 inferior
662 3246 922 3333 exspectatione,
947 3244 1147 3335 splendidior
1169 3263 1218 3311 est
1245 3247 1429 3334 Apollonio.

364 3350 517 3415 Chironis
529 3368 637 3415 autem
647 3367 680 3415 et
690 3351 775 3414 Pelei
787 3351 922 3415 affectus
931 3399 940 3434 ,
949 3351 1146 3442 infamisque
1156 3353 1325 3441 ingenium
1335 3333 1433 3444 longis

316 3519 320 3528 ,
365 3455 490 3520 felicius
503 3456 678 3523 describit:
1204 3455 1208 3463 ’

488 3623 591 3687 Jamque
605 3622 688 3672 aderet
700 3639 796 3672 summo
810 3624 941 3674 decumus
950 3625 1041 3674 vertite
1055 3625 1158 3674 Chiron.

367 3778 414 3842 Et
421 3798 532 3866 porro.
552 3778 657 3843 Flacci
673 3795 897 3868 tempestatem
925 3802 1001 3843 mox
1021 3801 1098 3843 cum
1113 3777 1289 3867 Virgiliana
1314 3790 1347 3837 et
1361 3775 1431 3839 aliis

367 3883 626 3974 comparabimus
642 3883 703 3949 :ad
713 3884 807 3964 cujus
823 3901 932 3949 tamen
946 3885 997 3948 vel
1014 3885 1173 3964 nitorem,
1189 3881 1240 3944 vel
1258 3878 1431 3944 efficaciam

367 3989 500 4081 minime
513 3989 654 4079 adspirat
668 3991 721 4055 illa
737 3994 823 4082 Argo
839 3990 928 4080 apud
939 3991 1158 4082 Apollonium.
1173 3987 1274 4051 Porro
1284 4010 1295 4049 :
1306 3989 1321 4050 J
1325 3987 1432 4050 asonis

368 4096 470 4161 oratio
482 4095 524 4160 ad
537 4097 653 4162 AEeten
665 4098 761 4187 longe
775 4114 824 4163 est
833 4096 1087 4162 luculentissima
1100 4143 1108 4176 ,
1125 4083 1222 4185 atqu'e
1235 4092 1312 4156 artis
1325 4092 1431 4180 plena.
