3192 5128
354 532 547 601 NlCOLAl
573 530 744 600 HElNSll
769 531 1015 599 PRAEFATIO.
1143 553 1212 602 arev

117 663 291 728 volumen
319 679 407 728 note
431 662 720 752 prestantissimae,
750 661 916 727 Ludovico
942 662 1088 727 Carrioni
1122 664 1210 752 apud

118 769 388 857 Agrippiuates,
404 785 442 833 ut
457 791 545 850 reor,
567 767 694 856 pridem
710 768 872 850 oblatum,
896 769 974 833 alios
988 785 1091 857 poetae
1107 771 1210 834 nostri

118 875 261 940 codices
281 876 327 940 ab
343 891 435 940 aetate
451 873 728 939 commendandos
745 874 798 938 vix
813 897 951 962 usquam
968 897 1038 940 esse
1051 875 1211 941 hactenus

120 997 294 1071 repertos.
311 983 390 1065 Quo
406 981 579 1046 defunctus
592 980 720 1062 labore,
730 1003 916 1069 quanquam
928 980 965 1044 id
979 982 1086 1070 ipsum
1100 1005 1209 1047 exem·

122 1089 192 1176 plar
212 1089 292 1168 jam
319 1103 393 1152 ante
414 1087 546 1152 loannis
563 1077 713 1176 Baptistae
728 1086 777 1152 Pii
789 1087 908 1152 usibus
926 1087 1065 1176 patuisse
1085 1111 1209 1178 cogno-

123 1192 285 1278 scebam,
301 1193 395 1274 cujus
410 1192 499 1256 baud
514 1192 638 1257 inscitae
654 1193 689 1255 iu
701 1193 852 1256 Flaccum
865 1193 1028 1258 Valerium
1044 1217 1210 1258 commen·

125 1299 274 1362 tationes
302 1297 431 1387 publice
453 1297 728 1362 circumferuntur
751 1298 933 1385 (consentit
948 1321 1066 1386 nempe
1084 1299 1118 1362 iu
1134 1321 1207 1362 om·

127 1404 227 1468 uibus
253 1427 338 1468 cum
363 1405 427 1468 boc
451 1403 523 1492 ipso
544 1404 646 1485 libro,
666 1426 763 1491 quem
787 1405 842 1468 ille
866 1427 905 1468 ex
930 1404 1051 1468 ultimis
1077 1406 1207 1469 allatum

127 1511 342 1588 Germanis,
363 1528 397 1575 et
413 1511 670 1576 exolescentibus
689 1512 754 1595 jam
782 1511 883 1576 ferme
907 1511 1006 1576 literis
1031 1512 1208 1600 scriptum,

127 1617 477 1705 venustissimumque,
493 1639 530 1680 ac
546 1618 613 1706 ipsa
637 1618 827 1705 antiquitate
850 1633 1074 1683 consecratum
1089 1634 1207 1706 praesto

126 1723 186 1786 sibi
217 1723 328 1787 fuisse
355 1722 512 1787 affirmat:
532 1722 642 1787 inveni
669 1739 778 1788 tamen
802 1723 924 1788 ibidem
951 1724 1127 1804 nonnulla,
1146 1745 1206 1788 nec

130 1827 191 1914 ipsi
208 1828 277 1892 Pio
296 1827 374 1892 satis
393 1828 574 1916 explorata,
591 1851 733 1916 quotum
757 1851 854 1918 opera
875 1829 1042 1892 meliorem
1063 1828 1117 1892 hic
1141 1828 1207 1892 illic

130 1931 442 2022 casn‘gatioremque
453 1954 548 2020 posse
559 1932 693 1997 confieri
706 1934 899 2021 scriptorem
912 1933 1101 2020 preclarum
1116 1932 1208 2019 quod

133 2039 386 2126 comperissem,
402 2036 482 2101 dum
498 2061 516 2101 e
533 2036 703 2127 depravata
717 2038 876 2127 scriptura
888 2038 979 2102 haud
989 2061 1108 2129 magno
1121 2038 1208 2124 equi·

134 2140 207 2205 dem
220 2143 377 2232 negotio,
391 2159 424 2206 et
439 2165 523 2230 saepe
538 2144 638 2207 literae
655 2145 754 2208 unius
769 2145 965 2232 alteriusque
980 2143 1042 2207 levi
1056 2143 1206 2207 immuta·

137 2247 224 2310 done
240 2247 437 2312 sententiam
453 2248 587 2312 auctori,
598 2249 772 2338 genuinam
792 2271 950 2337 suamque
969 2264 1111 2312 mentem
1128 2247 1207 2312 locis

137 2354 366 2442 compluribus
384 2376 424 2417 eo
442 2353 667 2442 restitutum),
682 2354 723 2419 de
738 2355 820 2424 meis
835 2344 923 2421 hisce
938 2355 973 2418 in
993 2355 1085 2419 illum
1104 2353 1207 2442 quali-

139 2458 346 2545 buscumque
362 2456 525 2524 adnotatis
537 2458 602 2521 luci
620 2459 758 2545 publieae
775 2456 1000 2548 permittendis
1019 2458 1100 2546 coepi
1118 2458 1207 2546 cogi·

140 2577 223 2644 tare3
246 2564 340 2644 cujus
360 2579 468 2626 tamen
487 2563 614 2628 consilii
628 2563 786 2628 rationem
802 2587 820 2626 a
838 2565 922 2627 mala
940 2585 1040 2626 manu
1058 2563 1208 2651 nequiter

141 2668 375 2756 interpellatam
393 2690 458 2730 non
478 2668 583 2731 multo
595 2683 670 2755 post
685 2667 819 2756 indigne
834 2669 909 2749 tuli,
923 2665 1035 2732 ablatis
1048 2667 1137 2732 furto
1150 2690 1208 2755 per

141 2772 320 2838 lavernam
336 2794 499 2860 rapacem,
515 2773 625 2836 nescio
644 2795 762 2859 quam,
782 2757 1008 2854 iis'omnibus,
1025 2796 1098 2860 quae
1114 2773 1206 2836 insti·

142 2893 211 2943 tuto
230 2878 309 2942 huic
326 2893 506 2965 utcumque
525 2878 650 2942 factura
667 2878 701 2941 in
726 2900 832 2950 untun
852 2879 1054 2966 collegeram.
1071 2879 1115 2942 At
1129 2899 1206 2941 vero

142 2999 386 3072 peropportune
399 2998 474 3071 post
486 3005 649 3046 annorum
660 2983 881 3070 complurium
894 2981 1068 3046 decursum
1082 2983 1206 3062 evenit,

143 3103 179 3152 ut
203 3088 254 3151 vir
281 3088 505 3152 ornatissimus
531 3110 659 3176 usuque
685 3088 828 3176 plurimo
849 3103 945 3154 arotae
962 3085 1208 3152 necessitudinis

145 3193 223 3256 mihi
239 3191 451 3275 conjunctus,
474 3192 576 3258 Lucas
592 3193 878 3284 longemanum,
905 3209 944 3256 ut
965 3207 1014 3256 est
1034 3193 1145 3256 animo
1167 3191 1208 3256 ad

144 3298 380 3362 incrementum
408 3297 456 3362 rei
482 3297 628 3364 literariae
653 3299 914 3387 promovendum
944 3296 1076 3362 mirifice
1103 3298 1209 3380 facto,

145 3426 207 3469 non
233 3402 335 3467 modo
356 3403 489 3468 offerret
509 3403 590 3468 mibi
614 3427 771 3492 perquam
799 3402 981 3470 officiosum
1007 3404 1041 3467 in
1071 3403 1208 3470 modum

143 3525 305 3575 enotatam
317 3509 363 3574 ab
374 3532 408 3574 se
420 3533 460 3574 ex
477 3508 592 3574 eodem
604 3510 761 3575 Vaticano
774 3510 885 3575 codice
898 3532 1031 3574 omnem
1043 3508 1209 3598 scripturae

143 3617 257 3681 veteris
286 3615 551 3704 discrepantiam,
581 3614 638 3680 sed
664 3640 684 3680 e
708 3617 800 3680 trinis
826 3631 978 3705 praeterea
1005 3615 1208 3681 bibliothecae

144 3720 286 3802 ejusdem
318 3721 578 3809 exemplaribus,
607 3720 667 3787 etsi
695 3744 829 3786 manum
861 3722 967 3786 multo
995 3721 1208 3786 recentiorem

144 3826 404 3913 praeferentibus,
420 3826 581 3916 quidquid
596 3827 765 3916 evulgatis
782 3826 872 3892 libris
888 3827 977 3894 abire
994 3827 1029 3892 in
1044 3825 1207 3892 diversum

142 3932 367 4020 comperisset,
382 3932 522 3997 traderet
538 3931 818 4020 perpendendum.

185 4039 302 4102 Effecit
318 4061 443 4120 cares,
462 4055 500 4102 ut
518 4038 733 4103 intermissam
750 4037 791 4106 de
812 4037 931 4102 Flacco
944 4035 1209 4127 recognoscendo

144 4144 372 4234 cogitationem
388 4146 499 4210 animo
513 4169 624 4210 rursus
640 4145 801 4235 agitarim,
816 4145 927 4209 oblato
940 4144 1117 4233 praesertim
1135 4143 1210 4208 llol·

145 4249 214 4313 miae
230 4249 410 4316 Succorum
428 4274 446 4314 e
463 4252 562 4341 Regia
579 4251 777 4316 Bibliotheca
793 4267 899 4339 poetae
911 4251 1011 4331 hujus
1027 4247 1159 4330 codice,
1172 4263 1210 4310 ut

145 4375 257 4440 partim
276 4355 413 4446 antiquo
434 4356 507 4440 illo,
521 4357 566 4423 sic
585 4357 728 4439 erudita,
746 4373 779 4423 et
799 4356 931 4445 quidem
944 4353 1117 4444 Pomponii
1132 4351 1210 4420 laeti
