3116 5102
417 505 480 592 372
725 498 762 562 o.
786 492 981 562 varran
1009 495 1182 560 nancei

461 639 601 716 Contra,
618 629 807 720 flammigeri
823 628 930 717 proles
950 628 1077 693 Perseia
1095 625 1196 692 Solis:

461 782 472 806 ιι
484 751 591 832 Quem
606 747 739 835 rogitas,
754 743 939 825 Carmeius,
955 743 1017 822 ait3
1036 764 1108 805 mos
1127 742 1313 806 comminus
1331 763 1416 806 arma

461 869 595 952 Semper
606 861 727 926 habere
738 860 824 941 viro,
838 879 965 944 semper
976 857 1163 921 meminisse
1173 857 1340 945 pharetrae.

462 977 551 1062 Quid
560 978 732 1065 Latagum,
744 970 861 1060 quidsi
873 971 1076 1058 amnigenam
1086 971 1202 1034 mirere
1212 970 1412 1058 Choaspem?
1444 991 1479 1028 sss

460 1091 625 1158 bellatoris
642 1089 718 1177 equi
735 1101 901 1176 potantem
916 1105 1012 1147 cerne
1025 1105 1175 1163 cruorcs3

461 1212 530 1275 Nec
548 1224 656 1272 tamen
675 1200 825 1267 immissis
844 1199 898 1263 hic
914 1199 1043 1288 segnior
1059 1197 1118 1262 ibit
1135 1196 1303 1262 habenis».

462 1354 474 1378 ιι
484 1322 598 1402 Illum,
609 1319 654 1382 ait
664 1313 854 1396 AEsonides,
868 1313 986 1400 pariter
1000 1312 1100 1394 refer,
1112 1310 1245 1376 horrida
1256 1312 1353 1400 signis

461 1435 523 1500 Cui
536 1434 697 1520 chlamys,
709 1446 741 1494 et
752 1430 852 1492 multa
864 1427 965 1515 spirat
974 1449 1068 1490 coma
1081 1425 1193 1490 llexilis
1205 1447 1281 1489 aura
1293 1457 1316 1488 ι.

462 1547 604 1636 Respicit
615 1543 743 1625 AEetes,
760 1558 856 1629 atque
870 1541 959 1605 hunc
973 1563 1105 1629 quoque
1120 1540 1255 1604 nomine
1270 1539 1393 1606 reddit:
1445 1561 1479 1602 aa

461 1693 473 1717 ιι
483 1663 581 1725 Dives
593 1661 703 1739 Aron3
721 1679 851 1722 croceos
867 1656 913 1718 sic
929 1654 1013 1718 illius
1029 1655 1136 1718 omnis
1153 1653 1269 1718 odores

461 1779 562 1840 lactat
581 1793 697 1861 eques,
712 1769 817 1833 unctis
834 1769 881 1832 sic
894 1783 942 1832 est
955 1789 1048 1831 coma
1064 1767 1151 1832 culta
1163 1767 1332 1855 maniplis;

461 1893 524 1958 Sed
540 1912 601 1955 nee
616 1887 867 1982 spernelvirum,
884 1900 916 1947 et
928 1884 1064 1970 comptis
1078 1880 1189 1946 diffide
1202 1882 1335 1970 capillis.

460 2009 637 2094 Campesus
649 2003 704 2066 bio
714 2000 823 2089 spoliis
837 2000 871 2062 in
886 1996 1009 2086 tigridis
1020 2045 1028 2076 ,
1040 1997 1092 2060 ille
1103 1995 1270 2084 profundo

448 2197 503 2244 585.
516 2194 638 2242 claussen.
653 2191 741 2236 bonon.
756 2190 766 2234 1
783 2199 807 2234 et
818 2189 848 2236 11.
862 2190 926 2233 tunt.
937 2187 1022 2232 Moser.
1035 2187 1133 2248 Eugent.
1147 2211 1172 2220 ·-
1187 2187 1241 2246 537.
1254 2189 1298 2232 Hie
1308 2189 1405 2247 genitor.
1414 2187 1480 2232 taric.

418 2286 442 2323 et
451 2277 542 2321 Bonan.
557 2270 627 2317 codd.
645 2271 735 2315 bonon.
748 2269 773 2320 l,
789 2271 854 2312 lunt.
869 2265 922 2311 Ald.
936 2267 1029 2311 Genitm
1038 2267 1080 2310 sic.
1090 2265 1155 2310 Gerr.
1169 2264 1223 2310 cod.
1237 2267 1297 2311 Hirta
1305 2269 1402 2325 segnior.
1411 2269 1479 2312 bum,

417 2355 444 2400 in
456 2349 526 2398 notis.
538 2374 569 2384 -
584 2349 637 2409 59².
649 2346 744 2393 lanatis.
754 2345 829 2390 Vatia.
839 2353 863 2390 ct
872 2346 962 2389 bonum
973 2343 1042 2389 codd.
1053 2343 1106 2388 Ald.
1121 2345 1215 2389 Wnetis.
1224 2345 1315 2390 bonon.
1328 2347 1373 2390 let
1385 2346 1415 2389 ll.
1424 2349 1479 2389 lunt

417 2433 504 2478 usses.
513 2430 611 2488 Rogant.
624 2425 708 2472 Unctis.
718 2425 769 2469 lam
781 2423 842 2468 Pius.
854 2448 885 2458 --
898 2421 952 2482 593.
965 2421 1012 2466 Sed
1021 2437 1058 2468 ne.
1067 2421 1142 2467 Vatia.
1154 2422 1208 2467 eod
1220 2421 1265 2468 llio
1277 2437 1359 2468 rerem
1372 2423 1481 2470 desidere·

417 2521 457 2556 tur
467 2508 491 2554 in
499 2511 590 2558 Bonan.
601 2504 655 2552 cod.
667 2513 691 2551 et
698 2503 752 2549 edd.
763 2513 818 2549 ante
826 2503 891 2547 Cara.
902 2527 930 2537 -
942 2500 995 2561 594.
1008 2502 1110 2563 intigris.
1121 2501 1196 2548 Vatis.
1204 2501 1259 2548 eod.
1271 2505 1389 2565 Insignis.
1400 2506 1480 2552 Βοπω.

417 2589 470 2636 cod.
480 2603 553 2650 quum
563 2587 625 2632 hunc
635 2598 727 2631 versum
737 2581 822 2643 repetit
833 2590 887 2642 post
898 2596 918 2626 v.
929 2579 983 2626 sn.
995 2580 1037 2626 Eo.
1193 2581 1195 2584 ⁴

456 2756 516 2810 582.
526 2758 615 2807 Contra
625 2758 708 2805 AEetes
719 2769 726 2802 :
737 2756 789 2801 illos
803 2751 859 2800 lisia
875 2761 929 2814 est,
973 2779 1007 2788 -
1019 2751 1064 2799 Hic
1081 2769 1130 2799 non
1151 2753 1254 2816 segnior
1266 2752 1316 2801 ibit.
1333 2748 1397 2802 Hire
1409 2751 1483 2804 rerba

416 2839 568 2895 comminus,
579 2832 609 2884 in
625 2842 764 2902 promptu,
779 2849 872 2898 semper
882 2832 928 2879 lsa-
974 2845 1028 2879 non
1045 2829 1162 2894 equitem,
1183 2825 1231 2880 scd
1248 2849 1337 2896 eqarsm
1355 2842 1482 2899 spectant,

420 2919 474 2967 bere
490 2933 575 2973 anna,
591 2930 684 2979 semper
694 2910 832 2960 meminisse
838 2909 930 2976 pltare·
974 2904 1069 2958 amisso
1086 2906 1234 2976 sanguine,
1249 2925 1305 2960 non
1325 2906 1414 2960 minus
1436 2908 1484 2961 aln-

419 3011 479 3054 aa,
492 3007 630 3062 nunquam
643 2988 765 3041 monibus
778 3005 836 3038 eam
850 2985 930 3057 depo·
974 3003 1054 3038 crem.
1069 2985 1119 3036 Eo.

417 3091 493 3124 nere,
1011 3056 1070 3116 588.
1084 3067 1125 3114 Cui
1134 3065 1250 3126 barrida,
1264 3065 1282 3116 i.
1292 3083 1317 3134 q.
1327 3066 1422 3136 paullo
1429 3077 1483 3118 ante

458 3150 518 3204 585.
526 3148 826 3215 AmnigermmClmaspem
835 3160 930 3194 nomen
976 3163 1081 3210 aspera,
1102 3143 1145 3195 cui
1159 3143 1239 3194 varia·
1257 3143 1348 3214 figure
1369 3145 1483 3211 intextas,

416 3229 561 3282 shabentem
574 3246 590 3279 a
603 3225 686 3279 fluvio
698 3217 834 3294 Choaspe;
848 3241 874 3274 v.
888 3223 932 3274 Ti·
976 3225 1053 3291 signis
1064 3225 1173 3288 cklmys
1183 3233 1237 3286 est,
1247 3237 1271 3274 et
1280 3227 1356 3274 multa
1367 3228 1484 3293 spimtao

421 3308 525 3360 bullum
535 3344 543 3369 ,
554 3305 604 3367 lv,
615 3323 627 3356 r
639 3343 646 3370 ,
658 3309 715 3366 ¹40·
725 3302 842 3353 Omnino
850 3302 931 3366 euim,
976 3321 1017 3351 ma
1018 3304 1129 3373 flexilis,
1143 3303 1168 3352 in
1181 3301 1265 3354 cirros
1274 3303 1401 3366 collecta,
1410 3325 1480 3365 nam,

421 3385 534 3458 Virgilio
539 3393 672 3458 praeeunte
679 3420 686 3447 ,
694 3379 799 3432 nomina
806 3379 931 3443 militum,
976 3379 1110 3432 odoribus.
1120 3411 1155 3420 -
1166 3381 1210 3433 Sic
1220 3379 1316 3450 virgil.
1326 3381 1428 3454 Georg.
1439 3385 1483 3444 lv,

422 3468 448 3517 in
466 3463 558 3536 primis
580 3459 680 3514 ducum
699 3456 930 3529 depugnantium,
977 3462 1343 3528 drytduleisspiraritsnitibus
1355 3463 1483 3516 ariraAEo.

423 3546 458 3597 ab
472 3543 598 3604 urbibus,
619 3537 726 3601 insulis,
744 3535 868 3609 populis,
882 3536 931 3589 flu·
1012 3540 1071 3608 ⁵9¹·
1092 3539 1152 3590 Non
1172 3537 1229 3610 ipse
1251 3539 1338 3592 solum
1365 3540 1485 3595 odoratos

367 3661 369 3664 -
422 3622 472 3676 viis
482 3620 620 3692 regionum
628 3658 636 3685 ,
644 3617 671 3668 in
680 3617 775 3689 quibus
783 3615 837 3668 nati
847 3628 931 3681 erant,
976 3616 1055 3671 habet
1064 3618 1187 3689 capillos,
1198 3617 1245 3670 sed
1256 3620 1337 3672 totius
1347 3621 1486 3686 exercitus,

416 3704 571 3772 desumpta.
586 3697 629 3750 Sic
640 3695 845 3766 insequentibus
859 3694 933 3748 allu·
977 3697 1056 3749 totius
1069 3693 1135 3748 adeo
1148 3697 1233 3766 gentis
1246 3697 1292 3751 bie
1304 3717 1362 3752 mos
1377 3711 1433 3763 est;
1446 3707 1488 3753 sed

423 3780 539 3834 minibus
552 3776 713 3831 denominati
722 3779 839 3836 Odrussa,
851 3773 932 3840 inira,
978 3796 1023 3826 nee
1036 3795 1121 3844 sperne
1132 3779 1225 3838 virum,
1240 3789 1372 3847 tanquam
1382 3781 1487 3833 mollem

426 3863 498 3928 5953
521 3865 652 3918 Iaxartes,
675 3855 741 3925 5973
765 3857 928 3919 lllyrrdacus,
976 3867 1001 3907 et
1012 3854 1205 3919 effeminatum,
1223 3859 1376 3928 et(neque)
1393 3865 1487 3928 comptis

423 3938 536 4005 111,35,
550 3936 609 3991 coll.
620 3935 677 3999 VI,
692 3953 750 3987 220.
976 3935 1061 4004 diffide
1088 3937 1197 4002 capillis,
1223 3946 1351 4007 tanquam
1376 3937 1488 3992 bominis

461 4019 519 4088 587.
531 4023 583 4068 Nec
594 4032 674 4067 tamen
688 4015 800 4064 immissis
809 4015 820 4081 (
829 4011 881 4064 Cic.
897 4011 932 4063 ad
976 4011 1097 4065 imbellis.

424 4099 483 4150 Dii.
501 4097 538 4160 X,
556 4098 603 4158 30,
622 4097 745 4145 immittere
763 4110 849 4158 equum
859 4111 868 4149 ,·
878 4091 932 4152 vl,
1014 4093 1073 4158 594.
1091 4096 1176 4160 Spoliis
1192 4095 1302 4161 tigridis,
1318 4095 1391 4168 pelle
1407 4095 1491 4149 detra.

428 4179 477 4232 303
488 4215 494 4239 ,
505 4177 633 4239 admissis,
643 4171 688 4226 uhi
695 4191 718 4224 v.
727 4183 781 4222 not.
792 4172 802 4237 )
812 4207 819 4232 ,
831 4169 932 4234 taxaris,
978 4182 1019 4222 eta
1029 4209 1036 4233 ,
1046 4171 1152 4222 eximiis.
1163 4176 1207 4222 Ille
1213 4174 1342 4240 profundo
1349 4179 1490 4227 r'neumbeas

423 4264 463 4310 hic
473 4255 619 4326 segnioribit
626 4253 726 4304 biberis
734 4289 741 4312 ‚
750 4249 835 4302 alacer
846 4267 932 4319 eques.
977 4271 1042 4301 mera
1053 4249 1153 4320 (digito
1162 4255 1313 4322 monstrat)
1323 4291 1331 4317 ,
1342 4253 1444 4326 cupide
1453 4256 1490 4307 ri-

497 4475 510 4512 Ι
