3226 5114
377 475 439 548 ²42
490 468 542 534 IN
569 470 656 533 LIB.
680 465 905 531 TERTIUM
933 466 1326 534 ARGONAUTICON

376 593 409 644 Et
421 592 508 658 inira,
525 593 596 659 439:
618 595 685 642 Tune
692 593 773 659 picen
785 604 922 641 mactantur
939 609 1004 642 oves.
1019 589 1046 643 si
1063 592 1150 658 magni
1163 593 1205 640 dei
1220 589 1346 643 hocloco
1361 603 1438 658 sunt,

375 685 405 725 ut
422 672 540 738 videtur,
557 671 633 724 Pluto
654 681 679 724 et
696 669 852 742 Proserpina
861 711 869 737 ,
878 677 906 727 ri
918 674 976 722 bina
990 686 1103 724 annenta
1119 682 1203 742 potest
1218 670 1358 745 designare
1372 673 1441 727 dues

375 757 512 822 victimet,
526 766 633 808 taurum
643 773 739 826 nempe
749 765 775 806 et
786 771 912 821 roccam,
926 771 986 826 qute
995 752 1102 808 Plutoni
1113 765 1139 806 et
1150 755 1310 828 Prorerpinn
1319 757 1441 810 solebant

376 837 526 892 immolari:
540 838 614 909 virg.
623 839 686 890 AEn.
695 838 754 901 VI,
765 839 832 890 251:

521 972 635 986 ........
640 939 789 1000 studiumque
800 939 855 993 tibi,
867 937 1005 1000 Pmrerpinr
1012 969 1020 992 ,
1028 953 1129 986 secetur.

515 1016 575 1060 'l'unr
586 1013 666 1075 stygio
677 1013 861 1075 reginoetums
870 1013 1058 1074 metuerunt„
1183 1063 1185 1070 ¹

515 1091 544 1136 Et
555 1089 629 1135 solide
640 1088 739 1151 imponit
748 1099 867 1136 taurorum
876 1088 963 1134 viscere
972 1086 1077 1134 flrmmit.

377 1186 467 1250 Quum
493 1197 582 1249 tumen
608 1197 734 1238 mactetur
753 1203 809 1238 esse
831 1195 922 1258 postes
939 1184 1020 1236 boves
1037 1200 1093 1235 non
1117 1181 1237 1250 vitietur,
1256 1183 1291 1238 erl
1312 1204 1375 1238 oret
1396 1205 1441 1240 re-

377 1268 444 1337 deo,
466 1270 536 1323 hunc
554 1282 646 1323 notem
659 1267 718 1322 ideo
735 1279 838 1322 tentum
852 1266 984 1334 retinens,
996 1278 1025 1320 ut
1039 1265 1227 1340 disceptatione
1238 1269 1383 1322 illustretur
1396 1268 1442 1321 ille

378 1352 462 1407 iocus.

413 1474 448 1525 V.
463 1479 524 1537 4²²·
533 1475 579 1525 Hic
589 1475 643 1524 soie
648 1490 787 1542 purpureo,
801 1473 908 1539 uisoque
920 1472 1022 1522 nitentia
1032 1471 1131 1538 lympha

537 1557 646 1606 Membra
660 1567 743 1606 novat.

376 1659 423 1708 Sal
431 1654 476 1707 hic
489 1673 546 1708 erse
558 1673 655 1726 equum
667 1652 797 1707 murinam
809 1653 938 1716 existimo,
948 1652 1015 1705 utin
1025 1649 1187 1723 hocVirgilii
1197 1651 1366 1718 ioco,AEn‚l,
1376 1671 1440 1723 177:

518 1755 548 1800 lit
559 1753 607 1800 sule
618 1752 724 1800 ubentss
735 1761 798 1800 ertut
811 1752 836 1798 in
848 1752 915 1799 litore
927 1761 1027 1814 ponunt.

378 1847 454 1902 Mare
464 1859 552 1900 sutem
557 1867 703 1916 purpureum
713 1845 766 1900 dici
775 1865 830 1900 non
839 1864 907 1920 opus
915 1857 953 1900 est
966 1857 996 1898 ut
1006 1833 1142 1918 probetur.

415 1974 450 2026 V.
461 1975 522 2038 430.
535 1978 631 2023 Aurata
639 1972 727 2040 fronte
744 1974 850 2024 bidentes
862 1973 1059 2045 —thnerus
1074 1971 1111 2025 sic
1131 1972 1336 2044 interpretetus:
1353 1999 1365 2021 ι
1379 1991 1443 2028 ores

378 2055 504 2111 cornibus
524 2054 655 2110 deauratis
667 2083 689 2109 υ.
712 2057 772 2108 Νοιι
785 2068 850 2129 puto
865 2059 1033 2129 Wagnerum
1049 2075 1112 2110 oves
1131 2056 1226 2110 vidisse
1244 2062 1396 2127 cornigeras.
1413 2060 1443 2113 si

380 2157 459 2212 quem
473 2151 561 2192 tamen
568 2140 645 2211 juvat
659 2158 758 2192 cornua
768 2139 895 2194 deaurata
907 2139 1036 2206 retinere,
1047 2161 1101 2194 non
1110 2141 1236 2194 continuo
1247 2141 1378 2196 mutando
1387 2164 1441 2196 oves

379 2224 408 2277 in
422 2239 518 2284 tauros,
535 2234 564 2274 ut
578 2222 639 2274 fecit
656 2221 687 2272 Α.
704 2227 802 2273 Dureau
818 2225 971 2274 Delamnlle:
983 2221 1029 2276 sed
1043 2227 1070 2280 τὸ
1080 2227 1187 2278 bidentes
1203 2236 1291 2298 postet
1306 2225 1399 2278 heberi
1414 2237 1444 2277 ut

380 2326 479 2361 nomen
496 2306 655 2378 epicoenum,
668 2315 693 2356 et
706 2305 765 2376 capi
780 2304 815 2358 dc
832 2306 957 2359 arietibus
970 2323 1043 2376 teque
1060 2325 1092 2360 tc
1111 2306 1145 2360 de
1160 2308 1270 2361 ovibus:
1282 2319 1340 2380 quet
1353 2307 1443 2379 conje-

379 2403 456 2445 ctura
467 2389 634 2444 verisimilior
646 2407 678 2442 eo
690 2387 804 2452 ridetur,
817 2387 889 2461 quod
899 2389 967 2442 aries
977 2408 1059 2443 aureo
1069 2387 1166 2444 vellere
1177 2389 1322 2464 aliquando
1335 2401 1445 2443 vocatur

379 2479 536 2528 ovitaurcta.

418 2589 521 2653 Vult.
533 2591 595 2654 Quin
609 2589 682 2638 etiam
695 2601 793 2639 truncat
804 2605 927 2638 nemorum
941 2587 1084 2659 effigiesque
1092 2590 1200 2640 vinnam

533 2674 586 2722 nite
595 2675 661 2724 locat
673 2689 784 2739 quercus.

382 2771 440 2825 Hoc
448 2771 507 2824 loco
516 2769 637 2824 nondum
649 2770 775 2842 preclare
788 2779 876 2824 ectum
893 2781 933 2823 est
947 2789 1008 2824 cum
1020 2769 1138 2824 Valerio.
1152 2769 1340 2842 Zinzerlingins
1353 2771 1445 2841 legen·

383 2855 448 2909 dnm
459 2855 581 2919 rebatur,
591 2868 697 2909 tntum.
712 2854 857 2909 Sollicitum
869 2853 941 2907 hunc
952 2853 1042 2908 locum
1054 2853 1191 2907 Heinsiurn
1201 2853 1326 2906 habuisse
1335 2892 1343 2918 ‚
1353 2855 1445 2917 varin,

381 2939 574 3011 quatornlibri
585 2939 625 2992 tui
635 2937 789 3010 adscripsit,
800 2949 916 3009 arguunt
922 2941 1087 3012 conjecture.
1102 2937 1267 2991 Burmannus
1274 2937 1309 2989 itu
1317 2937 1448 2990 construit

382 3025 476 3076 verba:
487 3027 553 3074 locat
572 3043 673 3091 quercus
685 3042 809 3074 nemorum
826 3036 943 3082 cuncus,
957 3033 986 3074 ut
999 3022 1091 3093 effigiet
1104 3033 1190 3074 essent
1202 3025 1317 3074 vitonum.
1335 3025 1446 3072 tianeus

383 3107 511 3178 explicet,
525 3106 603 3159 retnis
613 3119 638 3159 et
651 3105 721 3158 soliis
734 3104 851 3158 abscisis.
867 3105 924 3176 Ego
935 3103 1042 3176 quidem
1055 3105 1174 3157 existimo
1183 3124 1305 3156 nernontm
1315 3122 1371 3156 non
1384 3122 1446 3156 cum

385 3211 502 3258 quercus,
517 3189 563 3242 sed
573 3209 634 3243 curn
644 3204 741 3240 mancas
751 3187 916 3260 jungendum
925 3226 933 3251 ,
942 3199 967 3240 et
975 3203 1075 3240 truncas
1085 3187 1138 3242 dici
1147 3207 1260 3260 quercus
1271 3207 1386 3260 querum
1394 3188 1446 3240 cin

384 3271 493 3325 cumcisi
503 3284 564 3324 sunt
574 3270 649 3325 rami.
662 3271 786 3323 Occurrit
799 3269 871 3341 tpud
879 3271 1020 3342 Virgilium
1032 3286 1119 3324 cenea
1132 3291 1194 3326 oum
1207 3271 1337 3344 genitivo,
1348 3272 1446 3341 Georg.

386 3357 437 3420 IV,
453 3356 518 3407 310:
529 3369 615 3405 tumea
621 3357 711 3423 pedum
717 3357 810 3422 primo,
820 3365 871 3408 etc.
882 3357 948 3406 Silva
959 3367 1047 3408 eutem
1055 3354 1126 3424 apud
1134 3355 1271 3408 Valerium
1282 3355 1389 3428 ponitur
1395 3373 1447 3426 pro

387 3443 475 3500 retnis,
492 3457 569 3509 supra
580 3475 587 3501 ‚
598 3457 626 3490 r.
641 3444 707 3508 427:
718 3441 828 3507 silvaque
837 3458 909 3506 super
917 3443 1045 3490 concirent
1053 3459 1146 3508 opaeer
1160 3439 1277 3512 eliasque
1285 3461 1368 3492 nemus
1378 3458 1448 3493 eum·

387 3520 815 3592 detnhubetsignilicttionem,1,
826 3523 876 3592 755
887 3537 894 3574 ε
1000 3575 1008 3604 ⁸

526 3623 660 3682 Fiegrmtes
670 3637 735 3678 erus,
748 3631 895 3684 vestemque,
908 3637 1036 3686 nemusque
1047 3624 1155 3672 sacerdos

526 3695 664 3758 Ptecipittt.

424 3797 460 3848 V.
475 3799 535 3860 460.
553 3798 701 3847 Enciderint
711 3815 766 3863 quoe
775 3811 849 3864 gesta
862 3815 951 3858 manu,
970 3817 1025 3865 quoe
1038 3799 1199 3867 debitasatit.
1212 3829 1247 3840 -
1260 3797 1309 3852 Ille
1317 3817 1409 3852 versus
1421 3798 1450 3850 in

389 3882 542 3934 memoriam
552 3891 659 3932 revocat
665 3880 793 3932 celebrem
803 3878 876 3933 hunc
886 3881 962 3934 statii
973 3882 1078 3945 locum,
1092 3884 1139 3954 qui
1148 3883 1284 3938 Gallorum
1296 3883 1368 3954 genti
1375 3882 1450 3954 inge·

390 3962 491 4014 niossm
502 3961 612 4033 prebuit
620 3961 775 4015 allusionem
787 4000 795 4026 ,
806 3963 871 4016 silv.
881 3965 918 4029 V,
929 3963 963 4016 ud
972 3964 1057 4036 Crisp.
1072 3965 1116 4018 88.

421 4051 423 4058 Ι
528 4067 624 4114 Excidet
632 4067 672 4114 illu
682 4068 731 4114 dies
744 4085 806 4124 teto,
817 4085 848 4117 ne
856 4081 948 4132 postera
957 4072 1054 4118 credent

531 4144 633 4190 Sec-uin:
643 4159 685 4189 nos
695 4155 758 4190 corte
772 4155 903 4200 nocemus,
913 4157 937 4192 et
945 4147 1028 4192 obrute
1039 4147 1112 4192 multu

530 4219 604 4265 Nocte
615 4217 662 4279 tegi
672 4219 772 4281 propriso
785 4219 900 4280 petiemnr
911 4221 1008 4268 crimine
1021 4221 1103 4282 gentis.
