3116 5102
397 550 461 627 354
705 540 956 632 o.vltmt11
985 541 1158 607 mucor

440 682 552 762 Altior,
569 701 606 741 ac
625 676 713 740 nulla
730 677 887 740 comitum
905 691 1065 756 certante,
1078 675 1269 763 priusquam

439 795 574 877 Palluit,
590 807 622 857 et
632 792 702 856 viso
718 792 833 881 pulsus
849 790 948 858 decor
963 791 1071 854 omnis
1087 794 1237 872 Averno,

444 910 531 974 Talis
548 909 624 972 etin
634 907 721 971 vittis
740 903 878 997 geminae
895 929 972 970 cum
986 907 1111 970 lumine
1127 906 1217 970 taedae

440 1024 569 1090 Colchis
589 1020 838 1105 erat,nondum
855 1022 990 1084 miseros
1008 1015 1103 1084 exosa
1119 1034 1280 1109 parentes.

484 1142 529 1204 Ut
546 1139 661 1229 procul
680 1138 814 1202 extremi
829 1136 942 1226 gelidis
956 1160 975 1200 a
992 1135 1134 1200 fluminis
1152 1135 1249 1200 undis

439 1257 548 1320 Prima
558 1255 644 1318 viros
663 1255 760 1317 tacito
774 1249 854 1315 vidit
873 1249 1049 1339 procedere
1068 1271 1182 1338 passu,

440 1371 607 1452 Substitit,
620 1383 651 1432 et
667 1383 783 1432 moesto
801 1365 963 1430 nutricem
982 1365 1078 1428 affata
1095 1365 1212 1428 timore
1229 1380 1292 1428 est:

440 1487 547 1569 «Quae
566 1505 682 1548 manus
697 1483 784 1564 herc,
799 1496 889 1544 certo
906 1501 967 1542 ceu
983 1501 1036 1542 me
1052 1494 1141 1567 petet
1156 1480 1303 1568 agmine,
1322 1496 1434 1563 mater,

440 1600 580 1666 Advenit
597 1596 687 1661 haud
706 1596 820 1672 armis,
835 1593 925 1658 haud
944 1616 1090 1681 unquam
1109 1593 1238 1683 cognita
1257 1594 1377 1659 cultu?
1433 1612 1468 1652 353

443 1717 560 1800 Quaere
570 1715 705 1802 lugam,
720 1732 847 1799 precor,
861 1725 894 1773 et
909 1725 998 1773 tutos
1014 1709 1225 1797 circumspice
1243 1709 1378 1774 saltus.»

441 1831 543 1898 Audit
556 1828 693 1918 virginei
712 1841 821 1892 custos
837 1823 1005 1914 grandaeva
1022 1824 1157 1913 pudoris

430 2051 484 2114 349.
501 2049 562 2094 Talis
572 2057 595 2093 et
603 2049 628 2093 in
637 2048 701 2094 ouh.
714 2047 804 2092 Bonon.
817 2043 870 2092 cod.
883 2043 944 2090 Talis
955 2053 977 2089 et
986 2044 1088 2090 inmitis.
1099 2044 1189 2089 Bouom
1202 2043 1213 2087 Ι
1227 2050 1252 2088 ct
1262 2042 1294 2089 ll.
1309 2043 1375 2088 tunt.
1387 2044 1467 2090 Emer.

399 2129 500 2190 Eugent.
514 2127 574 2174 Talis
586 2126 661 2172 adhuc
672 2127 744 2171 mitis.
755 2123 809 2171 Ald.
822 2123 853 2170 de
864 2138 919 2170 rere
929 2124 983 2170 lect.
995 2123 1044 2184 jam
1060 2131 1183 2168 monuerrt
1194 2121 1256 2168 rim.
1267 2147 1300 2156 -
1312 2121 1366 2178 354.
1376 2125 1469 2184 Agmine

399 2221 485 2256 nostro.
495 2207 554 2256 Edd.
564 2217 619 2253 rute
630 2207 695 2252 Cerr,
704 2215 789 2267 preter
797 2205 851 2251 Ald.
861 2203 903 2266 qui
914 2205 1007 2267 agmrine
1016 2204 1101 2249 nutrix.
1118 2202 1161 2248 En.

395 2435 442 2486 per
451 2417 537 2485 storea
557 2415 624 2481 juga
650 2414 723 2462 nemi
744 2411 858 2476 Hymetti,
883 2409 911 2460 in
955 2407 1048 2462 ferunt
1065 2406 1190 2481 nymphe
1204 2407 1279 2476 (vid.
1293 2406 1381 2471 infre,
1396 2409 1468 2476 380),

401 2506 491 2551 monte
500 2491 603 2555 Attico,
613 2501 822 2561 vernotempore
830 2506 912 2560 quum
957 2500 984 2541 et
997 2489 1050 2558 ipsa
1065 2499 1178 2558 utreque
1189 2505 1274 2540 manu
1289 2489 1376 2541 sarem
1388 2489 1468 2541 ferens

400 2574 513 2626 maxime
522 2569 619 2634 viridi,
635 2587 759 2634 amoeno,
776 2583 821 2620 aut
832 2572 914 2620 Simalo
958 2568 1058 2621 sistitur
1069 2567 1097 2619 in
1110 2567 1228 2620 nummis
1246 2567 1373 2640 (qualem
1390 2567 1470 2622 attulit

400 2657 444 2705 snb
461 2671 534 2720 nepe,
554 2649 669 2711 Henna,
689 2649 735 2701 ubi
755 2647 818 2700 olim
839 2659 914 2718 rapta
957 2647 1103 2718 spanhem.
1118 2645 1157 2700 ad·
1168 2647 1275 2700 Callim.
1293 2667 1319 2718 p.
1337 2647 1468 2717 169),1'u

400 2742 471 2795 eret,
480 2732 550 2790 tnnc,
561 2728 588 2781 in
598 2728 682 2780 Attice
693 2731 823 2790 ‚Pallados
831 2764 838 2787 ,
846 2727 913 2785 At'nc,
958 2725 1055 2792 eidem,
1067 2737 1196 2798 quatenus
1204 2737 1243 2780 est
1252 2727 1400 2780 inferorum
1409 2725 1470 2790 dea,

397 2811 427 2864 in
438 2809 642 2875 Sicilie,Dr'anoe
651 2825 719 2859 carce
725 2807 848 2875 gressibus
851 2809 914 2874 jun·
959 2799 1081 2860 Medeam
1101 2803 1265 2860 sacerdotem
1285 2806 1356 2860 facee
1380 2818 1470 2877 pratu·

400 2891 551 2952 cra,a1tior,
562 2887 714 2958 procerior,
725 2905 755 2936 ac
764 2889 833 2936 nulla
842 2886 915 2936 corni·
958 2887 1020 2939 lisre
1031 2886 1193 2957 putaverim
1206 2885 1265 2938 talis
1276 2884 1360 2958 igitur
1369 2885 1471 2939 Colchis

400 2983 451 3020 tum
468 2980 593 3028 certante,
604 2970 673 3036 prius
690 2985 765 3034 quam
779 2965 916 3018 aPlutoue
960 2969 1149 3029 erat,nondrun
1158 2969 1258 3018 miseros
1266 2985 1346 3016 exosa
1350 2981 1470 3033 parentes,

402 3059 478 3120 rapta
482 3050 588 3115 palluit,
605 3049 690 3098 reviso
698 3050 782 3114 pulsus
792 3055 832 3098 eet
842 3047 917 3096 decor
959 3044 1025 3097 dum
1035 3045 1160 3116 pietatem
1174 3047 1202 3098 in
1214 3057 1338 3118 parentes
1352 3045 1470 3100 noudum

402 3128 480 3178 omnis
490 3132 602 3186 Arenio,
613 3125 745 3196 pallorem·
754 3123 833 3176 traxit
843 3121 916 3195 apud
960 3123 1131 3194 deposuisset.

401 3205 579 3278 intereunti
592 3203 914 3275 omniapallent.-Hinc‚
996 3203 1057 3257 351.
1077 3208 1108 3254 Ut
1120 3207 1220 3271 prima,
1239 3215 1269 3255 ut
1288 3204 1426 3274 primum,
1444 3209 1471 3256 ab

402 3287 470 3337 lu'nc.
486 3283 549 3336 Herc
566 3283 649 3336 'verba
662 3293 772 3354 possunt
788 3281 840 3336 hoc
857 3281 916 3333 loco
961 3285 1066 3334 extremi
1066 3284 1179 3353 fiuntinr's
1195 3285 1287 3345 undis,
1301 3303 1317 3336 a
1334 3296 1431 3354 portu,
1448 3284 1471 3335 in

402 3363 554 3437 significare
571 3383 589 3414 a
602 3365 691 3413 derue
705 3376 728 3413 et
739 3381 755 3411 a
768 3363 865 3412 sinistro
879 3365 917 3412 Ia-
960 3379 1040 3434 quem
1051 3360 1149 3413 fluvius
1166 3360 1320 3427 descendit,
1339 3363 1374 3415 ab
1385 3362 1471 3425 ostiis,

402 3459 464 3506 tere,
485 3440 618 3513 siquidem
633 3453 686 3493 tree
703 3440 754 3492 illae
771 3439 826 3491 dete
843 3438 917 3492 haud
962 3444 1050 3502 tacito,
1073 3439 1160 3503 lento,
1183 3441 1382 3507 timidiusculo,
1400 3463 1471 3512 passu

403 3521 481 3576 semel
496 3518 569 3592 apud
585 3531 677 3591 poetar
694 3530 840 3573 occurrunt
854 3535 915 3571 con-
955 3525 1089 3590 procedere
1109 3523 1181 3572 videt
1201 3524 1284 3583 νέως,
1310 3525 1430 3584 substitit,
1453 3537 1474 3573 cr

401 3603 507 3673 juncta.
520 3599 572 3650 En.
959 3616 1044 3652 moesto
1056 3601 1173 3652 nutricem
1183 3601 1475 3670 affatatt'rnore.Envir·

440 3675 915 3747 349.Ταὶιέσιίιιτήτιίεηίῑῑίεοτιιηῑε,
961 3680 1055 3750 ginalis
1074 3679 1205 3741 anxietas,
1232 3698 1292 3750 que
1322 3680 1411 3746 timet,
1432 3679 1474 3732 ubi

401 3761 510 3828 gemina
525 3777 579 3809 cnm
598 3759 687 3808 lumine
704 3761 791 3817 toedoe,
813 3754 916 3808 duabus
962 3758 1029 3811 nihil
1039 3758 1201 3811 timendum!

406 3835 918 3908 lacibus,quibusveledlustrationem
999 3839 1061 3903 354.
1088 3845 1149 3908 Quoe
1169 3858 1256 3890 manus
1276 3837 1378 3909 (timor
1401 3851 1476 3909 auget

339 3971 341 3977 ,
405 3918 443 3970 uti
458 3917 551 3978 vellet,
570 3916 597 3966 in
616 3934 668 3986 qua
688 3915 776 3986 ignem
795 3915 873 3967 etiam
892 3925 919 3966 et
962 3937 1104 3971 numerum
1111 3937 1119 3982 ;
1133 3937 1186 3970 non
1200 3919 1251 3970 nisi
1265 3917 1361 3971 decem
1374 3921 1475 3985 erant),

405 3996 492 4050 sulfur
500 3995 626 4048 adhibere
636 3995 773 4061 uolebant,
784 3996 826 4050 vel
835 3995 862 4046 iu
872 3993 919 4046 ho·
963 4014 1029 4051 certo
1042 4019 1085 4050 ceu
1099 4013 1215 4067 mepetar
1229 4001 1345 4066 agmine,
1360 4018 1423 4065 me,
1437 4016 1476 4050 me

404 4092 497 4128 norem
515 4075 733 4147 Hecatee,quem
752 4086 778 4128 et
796 4072 917 4130 eumdem
961 4091 1083 4148 querunt
1107 4079 1217 4130 fortasse
1243 4077 1347 4148 rapturi
1368 4067 1475 4150 pirate,

405 4156 487 4210 fuisse
507 4173 568 4207 cum
588 4154 674 4208 Diana
696 4167 794 4208 norunt
814 4174 915 4228 omnes.
961 4174 1052 4220 mater,
1071 4157 1176 4211 mollius
1191 4177 1240 4228 pro
1257 4159 1371 4221 nutrix,
1384 4159 1478 4210 advenit

404 4235 452 4289 Uti
462 4253 525 4286 vero
538 4233 643 4297 Dione,
654 4246 783 4304 quatenus
796 4236 916 4288 intersu·
963 4241 1033 4289 laud
1048 4241 1139 4300 annis,
1161 4241 1230 4289 laud
1247 4256 1359 4305 unquam
1380 4239 1477 4305 cognita

405 4332 482 4384 perus
494 4313 609 4370 venatrix
622 4325 756 4382 versatur,
772 4313 840 4369 lacet
851 4332 917 4386 pre·
963 4321 1028 4368 culm
1037 4355 1044 4380 ,
1053 4317 1147 4372 habitu
1155 4316 1289 4388 armisque
1297 4356 1305 4384 ,
1314 4315 1407 4389 qualia
1414 4333 1478 4368 nun·
