3192 5128
359 497 496 544 cxxvnr
674 477 823 546 PETRI
851 469 1124 546 BURMANNI

358 599 502 686 beektitr,
529 605 578 670 vir
603 604 858 690 eruditissimus,
882 605 940 670 sed
962 627 1072 671 amore
1093 605 1204 693 patriae
1221 604 1427 669 celebrandae
1450 666 1452 672 .

360 732 442 798 saepe
456 710 505 775 'ad
524 711 665 776 absurda
685 711 864 790 abductus,
885 712 1023 800 probare
1044 711 1166 793 voluit,
1185 711 1334 775 Iasonem
1350 733 1426 775 cum

359 816 648 905 soeiia‚›postquam
663 818 844 904 rapuissent
860 816 1020 900 Medeam,
1034 833 1072 882 ut
1084 817 1213 882 AEetem
1227 839 1426 905 persequen-

359 938 425 986 tem
445 922 649 1012 effugerent,
676 924 711 985 in
726 922 891 988 Paludem
916 923 1061 988 Maeotim
1084 923 1267 1011 navigasse,
1287 939 1321 988 et
1345 924 1427 988 ostia

358 1023 475 1088 Tanais
500 1024 643 1088 invectos
669 1023 747 1089 inde
771 1047 830 1112 per
855 1025 975 1090 fossam
998 1027 1032 1090 in
1054 1025 1127 1089 itta
1149 1024 1314 1108 fluvium,
1328 1025 1428 1091 hodie

360 1129 501 1216 Volgum
513 1177 532 1210 ‚.
543 1129 689 1211 venisse,
706 1130 785 1194 hine
800 1130 835 1194 in
851 1153 940 1195 mare
955 1131 1135 1196 Balthieum
1155 1132 1311 1214 intrasse,
1334 1130 1428 1197 etad

357 1234 588 1327 Hyperboreos
605 1235 760 1300 etsinum
776 1236 946 1301 Finnicum
961 1253 1160 1326 penetrasse:
1178 1259 1245 1325 quo
1259 1259 1363 1325 quum
1371 1261 1427 1302 ve·

357 1339 497 1421 nissent,
514 1362 631 1404 navem
647 1363 706 1428 per
727 1356 846 1405 terrant
862 1343 1013 1422 traxisse,
1033 1359 1066 1407 et
1084 1365 1143 1430 per
1158 1340 1293 1408 fluvium
1307 1343 1428 1408 Ulense

355 1445 480 1509 venisse
498 1446 533 1510 in
549 1467 638 1510 mare
651 1447 827 1527 Cronium,
844 1447 921 1512 ltine
937 1448 971 1512 in
988 1471 1077 1512 mare
1089 1447 1278 1530 Mortuum,
1298 1463 1331 1512 et
1338 1448 1427 1512 Cina·

355 1550 514 1631 merium,
528 1549 607 1614 inde
623 1549 665 1615 ad
678 1549 841 1615 Iernidem
855 1551 922 1616 sive
939 1552 1128 1617 Hiberniam
1142 1553 1304 1635 insulam,
1321 1568 1354 1617 et
1368 1574 1428 1641 per

355 1676 444 1719 mare
462 1654 647 1720 Occiduum
666 1654 718 1720 ad.
729 1657 878 1722 Herculis
896 1659 1083 1740 columnas,
1101 1673 1134 1742 et
1153 1673 1228 1747 post
1244 1658 1350 1723 varios
1369 1679 1427 1747 per

355 1783 444 1826 mare
457 1760 731 1826 Mediterraneum
750 1785 874 1828 errores
893 1764 1024 1829 tandem
1045 1763 1085 1829 ad
1103 1780 1236 1854 portum
1250 1765 1425 1830 Iolciaeurn

355 1865 498 1932 rediisse.
516 1867 598 1950 Quae
613 1869 640 1931 si
658 1891 724 1932 non
739 1869 864 1934 somnia
879 1879 912 1933 et
923 1868 1083 1952 ludibria,
1101 1893 1162 1960 ego
1177 1871 1266 1936 nulla
1278 1891 1426 1958 unquam

355 1993 552 2060 agnoscam:
578 1971 636 2037 sed
663 1974 802 2037 excussit
826 1974 911 2038 hanc
934 1974 1114 2040 lludbeeltii
1137 1974 1326 2063 opinionem
1350 1975 1426 2039 satis
1458 2033 1461 2038 ,

356 2075 527 2166 diligenter
558 2077 719 2168 Georgius
749 2081 867 2168 Caspar
893 2081 1157 2162 Kirchmaierus,
1188 2079 1273 2154 edita
1305 2079 1425 2144 Witte·

355 2181 481 2271 bergaa,
502 2185 539 2248 A.
561 2183 665 2268 1685,
694 2185 917 2250 dissertatione
940 2184 1267 2275 de·Argonautarum
1294 2185 1426 2275 expedi·

356 2287 446 2351 tione
457 2336 466 2370 ,
477 2289 576 2369 cujus
592 2291 708 2354 scrinia
726 2313 787 2355 nos
806 2313 873 2355 non
889 2292 1156 2380 compilabimus3
1175 2291 1232 2356 sed
1248 2293 1361 2357 lectori
1373 2293 1425 2356 in-

355 2409 486 2482 tegrum
499 2394 659 2475 judicium
675 2397 912 2485 relinquimus,
929 2419 1032 2486 quum
1048 2399 1135 2479 haec,
1159 2420 1232 2487 qua:
1249 2413 1283 2463 et
1298 2399 1376 2464 olim
1393 2415 1426 2463 et

355 2498 410 2563 bie
426 2499 580 2584 dicimus,
597 2501 818 2590 praefationem
835 2525 902 2567 non
923 2502 1044 2568 librum
1063 2526 1123 2568 nos
1142 2505 1283 2568 seribere
1299 2525 1425 2570 memo·

355 2629 428 2688 res,
447 2607 596 2675 sufficere
621 2609 811 2692 credamus:
834 2633 896 2680 nec,
916 2611 1010 2701 plura
1032 2610 1073 2676 de
1094 2611 1166 2699 ipso
1188 2626 1284 2699 poeta
1307 2611 1425 2692 atejus

355 2705 570 2803 argumento,
586 2714 705 2779 addere
721 2715 935 2792 decrevimus,
956 2717 1072 2781 Obiter
1087 2732 1195 2781 tamen
1219 2716 1260 2781 de
1277 2716 1426 2780 obscuri·

355 2837 421 2885 tate
446 2820 545 2901 hujus
566 2836 690 2910 poetae,
716 2844 788 2909 quae
811 2845 922 2887 caussa
947 2823 1047 2888 fuisse
1069 2822 1215 2905 videtur,
1239 2845 1299 2888 cur
1319 2843 1426 2910 neque

355 2941 422 2990 tana
439 2927 549 2992 nobile
567 2928 653 2992 inter
669 2929 777 3016 epicos
799 2951 940 3012 nomen,
963 2947 1001 2995 ut
1018 2931 1221 3012 merebatur,
1249 2930 1292 2995 sit
1310 2951 1425 2994 eonse-

356 3047 479 3121 quutus
489 3083 498 3116 ,
509 3055 622 3120 neque
636 3035 731 3096 toties
747 3033 854 3100 editus
872 3050 906 3098 et
917 3035 1158 3100 commentariis
1172 3035 1369 3116 illustratus,
1386 3049 1426 3098 ut

355 3137 434 3202 alios
446 3137 516 3217 ejus
529 3137 651 3200 ordinis
663 3136 829 3221 videmus,
843 3140 877 3203 in
891 3161 947 3203 ora
957 3140 1131 3203 hominum
1145 3139 1288 3221 venerit,
1301 3138 1425 3226 aliquid

355 3243 522 3309 addemus.
544 3242 729 3306 Dictionem
749 3245 816 3324 ejus
839 3261 873 3308 et
890 3245 1010 3333 stylum
1027 3267 1103 3310 vere
1121 3245 1286 3333 poeticum
1301 3261 1334 3308 et
1353 3244 1425 3307 lati·

355 3371 436 3412 num
453 3369 522 3412 esse
542 3369 639 3411 nemo
655 3349 758 3413 latinoe
778 3350 897 3440 linguae
916 3367 950 3416 et
969 3351 1104 3440 poetica:
1124 3352 1200 3415 artis
1222 3350 1345 3439 peritus
1366 3371 1425 3413 ne·

354 3455 462 3544 gabit:
487 3453 578 3518 abest
594 3455 682 3518 enirn
704 3456 744 3520 ab
765 3479 805 3521 eo
823 3459 929 3522 omnis
947 3473 1060 3523 tumor
1080 3458 1226 3522 inanium
1246 3455 1423 3522 sententia·

355 3580 448 3640 rum,
461 3572 493 3621 et
501 3552 688 3622 affectatum
697 3557 932 3626 declamatoriae
939 3561 1087 3626 vanitatis
1097 3583 1233 3626 acumen
1243 3577 1276 3624 et
1283 3559 1422 3648 argutia3

356 3662 413 3727 sed
433 3661 556 3744 multa,
583 3663 706 3744 fateor,
732 3665 923 3754 singularia,
947 3667 1068 3730 tamin
1094 3666 1200 3731 verbis
1227 3663 1422 3754 quibusdam
1457 3725 1462 3734 „

355 3768 475 3856 quibus
498 3768 589 3832 aliter
603 3769 708 3834 utitur
731 3793 767 3835 ac
790 3771 925 3859 reliqui,
942 3793 1039 3859 quarn
1056 3772 1090 3834 in
1107 3772 1184 3859 ipsis
1201 3769 1422 3834 locutionibus
1460 3825 1463 3832 .

353 3871 554 3962 deprehendi
571 3875 795 3962 agnoscimus,
812 3893 845 3940 et
862 3875 903 3939 ad
919 3876 988 3964 ipsa
1002 3891 1105 3964 poetae
1118 3875 1221 3940 nostri
1236 3876 1306 3940 loca
1324 3874 1424 3940 adno-

353 3996 422 4044 tare
434 4003 501 4044 non
515 3982 797 4068 praetermisimus:
816 3983 1011 4070 praeeipuam
1025 4004 1102 4048 vero
1116 3981 1320 4047 obscuritatis
1332 4005 1423 4049 caus·

354 4108 442 4169 sam,
459 4086 538 4162 illis,
562 4087 619 4173 qui
641 4087 758 4152 nolunt
777 4087 812 4151 in
832 4085 1055 4175 expendendis
1071 4111 1201 4153 morose
1220 4088 1327 4153 verbis
1345 4090 1423 4153 seri·

353 4192 507 4279 ptomm,
525 4213 608 4279 quos
623 4193 751 4280 legunt,
769 4193 908 4275 haerere,
925 4193 1079 4259 obvenire
1096 4217 1135 4258 ex
1147 4194 1279 4258 conciso
1295 4216 1377 4283 saepe
1390 4209 1422 4258 et
