<?xml version="1.0" encoding="UTF-8"?>
<!DOCTYPE html PUBLIC "-//W3C//DTD XHTML 1.0 Transitional//EN"
    "http://www.w3.org/TR/xhtml1/DTD/xhtml1-transitional.dtd">
<html xmlns="http://www.w3.org/1999/xhtml" xml:lang="en" lang="en">
 <head>
  <title>
</title>
<meta http-equiv="Content-Type" content="text/html;charset=utf-8" />
  <meta name='ocr-system' content='tesseract 3.04.00' />
  <meta name='ocr-capabilities' content='ocr_page ocr_carea ocr_par ocr_line ocrx_word'/>
</head>
<body>
  <div class='ocr_page' id='page_1' title='image "./cvaleriiflaccis00apolgoog_0030.png"; bbox 0 0 3122 5126; ppageno 0'>
   <div class='ocr_carea' id='block_1_1' title="bbox 81 547 1156 578">
    <p class='ocr_par' dir='ltr' id='par_1_1' title="bbox 81 547 1156 578">
     <span class='ocr_line' id='line_1_1' title="bbox 81 547 1156 578; baseline 0.01 -11"><span class='ocrx_word' id='word_1_1' title='bbox 81 547 1156 578; x_wconf 58' lang='lat' dir='ltr'><strong>mmmmmmwmfflssfflfflffl</strong></span> 
     </span>
    </p>
   </div>
   <div class='ocr_carea' id='block_1_2' title="bbox 299 766 972 1074">
    <p class='ocr_par' dir='ltr' id='par_1_2' title="bbox 299 766 972 1074">
     <span class='ocr_line' id='line_1_2' title="bbox 437 766 830 872; baseline 0.005 -2"><span class='ocrx_word' id='word_1_2' title='bbox 437 766 830 872; x_wconf 85' lang='lat' dir='ltr'>PRAEFATIO</span> 
     </span>
     <span class='ocr_line' id='line_1_3' title="bbox 299 991 972 1074; baseline -0.001 -2"><span class='ocrx_word' id='word_1_3' title='bbox 299 991 638 1074; x_wconf 78' lang='lat' dir='ltr'>EDITIONIS</span> <span class='ocrx_word' id='word_1_4' title='bbox 680 993 972 1073; x_wconf 70' lang='lat' dir='ltr'><strong>rourum.</strong></span> 
     </span>
    </p>
   </div>
   <div class='ocr_carea' id='block_1_3' title="bbox 192 1193 1062 1402">
    <p class='ocr_par' dir='ltr' id='par_1_3' title="bbox 192 1193 1062 1402">
     <span class='ocr_line' id='line_1_4' title="bbox 548 1193 735 1220; baseline 0.005 -9"><span class='ocrx_word' id='word_1_5' title='bbox 548 1193 735 1220; x_wconf 52' lang='lat'><strong>..⁴00-</strong></span> 
     </span>
     <span class='ocr_line' id='line_1_5' title="bbox 192 1349 1062 1402; baseline 0.005 -4"><span class='ocrx_word' id='word_1_6' title='bbox 192 1349 461 1400; x_wconf 73' lang='lat' dir='ltr'>BENEDICTUS</span> <span class='ocrx_word' id='word_1_7' title='bbox 491 1352 750 1400; x_wconf 84' lang='lat' dir='ltr'>PHILOLOGUS</span> <span class='ocrx_word' id='word_1_8' title='bbox 778 1349 1062 1402; x_wconf 77' lang='lat' dir='ltr'><strong>FLOllEll&#39;l&#39;lNllS</strong></span> 
     </span>
    </p>
   </div>
   <div class='ocr_carea' id='block_1_4' title="bbox 295 1508 962 1582">
    <p class='ocr_par' dir='ltr' id='par_1_4' title="bbox 295 1508 962 1582">
     <span class='ocr_line' id='line_1_6' title="bbox 295 1508 962 1582; baseline 0.003 -6"><span class='ocrx_word' id='word_1_9' title='bbox 295 1509 572 1582; x_wconf 82' lang='lat' dir='ltr'><strong>BERNARDO</strong></span> <span class='ocrx_word' id='word_1_10' title='bbox 601 1508 962 1578; x_wconf 84' lang='lat' dir='ltr'>MICHELOTTIO</span> 
     </span>
    </p>
   </div>
   <div class='ocr_carea' id='block_1_5' title="bbox 391 1839 1011 1878">
    <p class='ocr_par' dir='ltr' id='par_1_5' title="bbox 391 1839 1011 1878">
     <span class='ocr_line' id='line_1_7' title="bbox 391 1839 1011 1878; baseline 0.016 -11"><span class='ocrx_word' id='word_1_11' title='bbox 391 1839 895 1878; x_wconf 47' lang='grc' dir='ltr'><strong>*ψ*-</strong></span> <span class='ocrx_word' id='word_1_12' title='bbox 1008 1869 1011 1876; x_wconf 95' lang='grc'>.</span> 
     </span>
    </p>
   </div>
   <div class='ocr_carea' id='block_1_6' title="bbox 81 1978 1241 4342">
    <p class='ocr_par' dir='ltr' id='par_1_6' title="bbox 81 1978 1241 4342">
     <span class='ocr_line' id='line_1_8' title="bbox 83 1978 1163 2103; baseline 0.002 -23"><span class='ocrx_word' id='word_1_13' title='bbox 83 1978 287 2080; x_wconf 79' lang='lat' dir='ltr'><strong>Mummi</strong></span> <span class='ocrx_word' id='word_1_14' title='bbox 303 2014 405 2080; x_wconf 84' lang='lat' dir='ltr'><strong>luisse</strong></span> <span class='ocrx_word' id='word_1_15' title='bbox 422 2014 568 2080; x_wconf 89' lang='lat' dir='ltr'><strong>studium</strong></span> <span class='ocrx_word' id='word_1_16' title='bbox 587 2015 727 2082; x_wconf 74' lang='lat' dir='ltr'><strong>scientia</strong></span> <span class='ocrx_word' id='word_1_17' title='bbox 743 2015 946 2103; x_wconf 83' lang='lat' dir='ltr'><strong>acquirendae</strong></span> <span class='ocrx_word' id='word_1_18' title='bbox 966 2016 1163 2098; x_wconf 77' lang='lat' dir='ltr'><strong>majoribus,</strong></span> 
     </span>
     <span class='ocr_line' id='line_1_9' title="bbox 84 2121 1164 2212; baseline 0.004 -28"><span class='ocrx_word' id='word_1_19' title='bbox 84 2122 199 2185; x_wconf 85' lang='lat' dir='ltr'><strong>nullus</strong></span> <span class='ocrx_word' id='word_1_20' title='bbox 232 2137 284 2186; x_wconf 90' lang='lat' dir='ltr'><strong>est</strong></span> <span class='ocrx_word' id='word_1_21' title='bbox 307 2122 366 2209; x_wconf 91' lang='lat' dir='ltr'><strong>qui</strong></span> <span class='ocrx_word' id='word_1_22' title='bbox 392 2122 523 2188; x_wconf 88' lang='lat' dir='ltr'><strong>nesciat.</strong></span> <span class='ocrx_word' id='word_1_23' title='bbox 550 2121 747 2211; x_wconf 81' lang='lat' dir='ltr'><strong>Pythagoras</strong></span> <span class='ocrx_word' id='word_1_24' title='bbox 779 2123 905 2186; x_wconf 87' lang='lat' dir='ltr'><strong>Samius</strong></span> <span class='ocrx_word' id='word_1_25' title='bbox 928 2122 1108 2212; x_wconf 80' lang='lat' dir='ltr'><strong>AEgyptum</strong></span> <span class='ocrx_word' id='word_1_26' title='bbox 1131 2139 1164 2188; x_wconf 92' lang='lat' dir='ltr'><strong>et</strong></span> 
     </span>
     <span class='ocr_line' id='line_1_10' title="bbox 83 2227 1162 2317; baseline 0.003 -26"><span class='ocrx_word' id='word_1_27' title='bbox 83 2227 265 2292; x_wconf 86' lang='lat' dir='ltr'><strong>Persarum</strong></span> <span class='ocrx_word' id='word_1_28' title='bbox 292 2228 407 2317; x_wconf 80' lang='lat' dir='ltr'><strong>Magos</strong></span> <span class='ocrx_word' id='word_1_29' title='bbox 431 2227 531 2312; x_wconf 83' lang='lat' dir='ltr'><strong>adiit,</strong></span> <span class='ocrx_word' id='word_1_30' title='bbox 558 2244 597 2292; x_wconf 93' lang='lat' dir='ltr'><strong>ut</strong></span> <span class='ocrx_word' id='word_1_31' title='bbox 627 2228 789 2292; x_wconf 81' lang='lat' dir='ltr'><strong>stellarum</strong></span> <span class='ocrx_word' id='word_1_32' title='bbox 819 2251 932 2293; x_wconf 84' lang='lat' dir='ltr'><strong>cursus</strong></span> <span class='ocrx_word' id='word_1_33' title='bbox 962 2245 995 2293; x_wconf 93' lang='lat' dir='ltr'><strong>et</strong></span> <span class='ocrx_word' id='word_1_34' title='bbox 1019 2229 1162 2295; x_wconf 87' lang='lat' dir='ltr'><strong>siderum</strong></span> 
     </span>
     <span class='ocr_line' id='line_1_11' title="bbox 86 2333 1161 2424; baseline 0.003 -27"><span class='ocrx_word' id='word_1_35' title='bbox 86 2350 200 2398; x_wconf 87' lang='lat' dir='ltr'><strong>motus</strong></span> <span class='ocrx_word' id='word_1_36' title='bbox 228 2350 453 2422; x_wconf 70' lang='lat' dir='ltr'><strong>cognosceret.</strong></span> <span class='ocrx_word' id='word_1_37' title='bbox 476 2333 558 2398; x_wconf 89' lang='lat' dir='ltr'><strong>Inde</strong></span> <span class='ocrx_word' id='word_1_38' title='bbox 579 2356 745 2423; x_wconf 84' lang='lat' dir='ltr'><strong>egressus,</strong></span> <span class='ocrx_word' id='word_1_39' title='bbox 762 2335 796 2398; x_wconf 92' lang='lat' dir='ltr'><strong>in</strong></span> <span class='ocrx_word' id='word_1_40' title='bbox 814 2336 942 2400; x_wconf 85' lang='lat' dir='ltr'>Cretam</span> <span class='ocrx_word' id='word_1_41' title='bbox 958 2357 995 2399; x_wconf 86' lang='lat' dir='ltr'><strong>ac</strong></span> <span class='ocrx_word' id='word_1_42' title='bbox 1015 2335 1161 2424; x_wconf 83' lang='lat' dir='ltr'><strong>Spartam</strong></span> 
     </span>
     <span class='ocr_line' id='line_1_12' title="bbox 88 2440 1164 2530; baseline 0.006 -28"><span class='ocrx_word' id='word_1_43' title='bbox 88 2441 287 2530; x_wconf 80' lang='lat' dir='ltr'>enavigans,</span> <span class='ocrx_word' id='word_1_44' title='bbox 305 2463 421 2506; x_wconf 88' lang='lat' dir='ltr'><strong>eorum</strong></span> <span class='ocrx_word' id='word_1_45' title='bbox 444 2441 529 2530; x_wconf 77' lang='lat' dir='ltr'><strong>leges</strong></span> <span class='ocrx_word' id='word_1_46' title='bbox 554 2456 588 2506; x_wconf 89' lang='lat' dir='ltr'><strong>et</strong></span> <span class='ocrx_word' id='word_1_47' title='bbox 613 2463 719 2506; x_wconf 88' lang='lat' dir='ltr'><strong>mores</strong></span> <span class='ocrx_word' id='word_1_48' title='bbox 740 2441 901 2530; x_wconf 80' lang='lat' dir='ltr'><strong>inspexit:</strong></span> <span class='ocrx_word' id='word_1_49' title='bbox 923 2440 1056 2506; x_wconf 89' lang='lat' dir='ltr'><strong>demum</strong></span> <span class='ocrx_word' id='word_1_50' title='bbox 1073 2442 1108 2505; x_wconf 91' lang='lat' dir='ltr'><strong>in</strong></span> <span class='ocrx_word' id='word_1_51' title='bbox 1127 2466 1164 2508; x_wconf 83' lang='lat' dir='ltr'><strong>ea</strong></span> 
     </span>
     <span class='ocr_line' id='line_1_13' title="bbox 89 2545 1163 2636; baseline 0.002 -26"><span class='ocrx_word' id='word_1_52' title='bbox 89 2545 189 2612; x_wconf 75' lang='lat' dir='ltr'><strong>ltaliae</strong></span> <span class='ocrx_word' id='word_1_53' title='bbox 214 2563 329 2636; x_wconf 85' lang='lat' dir='ltr'><strong>parte,</strong></span> <span class='ocrx_word' id='word_1_54' title='bbox 352 2570 424 2635; x_wconf 84' lang='lat' dir='ltr'><strong>quae</strong></span> <span class='ocrx_word' id='word_1_55' title='bbox 445 2545 562 2636; x_wconf 76' lang='lat' dir='ltr'><strong>Magna</strong></span> <span class='ocrx_word' id='word_1_56' title='bbox 582 2547 706 2612; x_wconf 80' lang='lat' dir='ltr'><strong>Graecia</strong></span> <span class='ocrx_word' id='word_1_57' title='bbox 726 2546 905 2628; x_wconf 84' lang='lat' dir='ltr'><strong>dicebatur,</strong></span> <span class='ocrx_word' id='word_1_58' title='bbox 922 2547 1090 2628; x_wconf 82' lang='lat' dir='ltr'><strong>consedit,</strong></span> <span class='ocrx_word' id='word_1_59' title='bbox 1105 2547 1163 2612; x_wconf 90' lang='lat' dir='ltr'><strong>ubi</strong></span> 
     </span>
     <span class='ocr_line' id='line_1_14' title="bbox 91 2645 1164 2743; baseline 0.003 -27"><span class='ocrx_word' id='word_1_60' title='bbox 91 2651 131 2716; x_wconf 85' lang='lat' dir='ltr'><strong>ad</strong></span> <span class='ocrx_word' id='word_1_61' title='bbox 146 2669 338 2718; x_wconf 79' lang='lat' dir='ltr'><strong>extremum</strong></span> <span class='ocrx_word' id='word_1_62' title='bbox 353 2645 426 2720; x_wconf 83' lang='lat' dir='ltr'><strong>vitae</strong></span> <span class='ocrx_word' id='word_1_63' title='bbox 449 2668 705 2720; x_wconf 73' lang='lat' dir='ltr'><strong>consummatam</strong></span> <span class='ocrx_word' id='word_1_64' title='bbox 724 2653 960 2743; x_wconf 82' lang='lat' dir='ltr'><strong>philosophiam</strong></span> <span class='ocrx_word' id='word_1_65' title='bbox 984 2654 1164 2720; x_wconf 76' lang='lat' dir='ltr'><strong>illustrarit.</strong></span> 
     </span>
     <span class='ocr_line' id='line_1_15' title="bbox 93 2741 1215 2850; baseline 0.004 -28"><span class='ocrx_word' id='word_1_66' title='bbox 93 2758 308 2846; x_wconf 75' lang='lat' dir='ltr'><strong>Apollonius,</strong></span> <span class='ocrx_word' id='word_1_67' title='bbox 326 2759 391 2824; x_wconf 87' lang='lat' dir='ltr'><strong>sive</strong></span> <span class='ocrx_word' id='word_1_68' title='bbox 405 2759 458 2824; x_wconf 90' lang='lat' dir='ltr'><strong>ille</strong></span> <span class='ocrx_word' id='word_1_69' title='bbox 473 2760 629 2849; x_wconf 84' lang='lat' dir='ltr'><strong>Magnus,</strong></span> <span class='ocrx_word' id='word_1_70' title='bbox 653 2761 720 2824; x_wconf 86' lang='lat' dir='ltr'><strong>sive</strong></span> <span class='ocrx_word' id='word_1_71' title='bbox 737 2759 978 2850; x_wconf 74' lang='lat' dir='ltr'><strong>Philosophus,</strong></span> <span class='ocrx_word' id='word_1_72' title='bbox 1001 2759 1164 2842; x_wconf 86' lang='lat' dir='ltr'><strong>discendi,</strong></span> <span class='ocrx_word' id='word_1_73' title='bbox 1211 2741 1215 2752; x_wconf 80' lang='lat'>.</span> 
     </span>
     <span class='ocr_line' id='line_1_16' title="bbox 94 2855 1164 2956; baseline 0.002 -28"><span class='ocrx_word' id='word_1_74' title='bbox 94 2863 287 2952; x_wconf 77' lang='lat' dir='ltr'><strong>visendique</strong></span> <span class='ocrx_word' id='word_1_75' title='bbox 303 2864 412 2932; x_wconf 87' lang='lat' dir='ltr'><strong>studio</strong></span> <span class='ocrx_word' id='word_1_76' title='bbox 426 2888 581 2932; x_wconf 87' lang='lat' dir='ltr'><strong>accensus</strong></span> <span class='ocrx_word' id='word_1_77' title='bbox 590 2916 599 2949; x_wconf 95' lang='lat'><strong>,</strong></span> <span class='ocrx_word' id='word_1_78' title='bbox 608 2867 854 2956; x_wconf 88' lang='lat' dir='ltr'><strong>opulentissima</strong></span> <span class='ocrx_word' id='word_1_79' title='bbox 864 2855 965 2930; x_wconf 77' lang='lat' dir='ltr'><strong>Indi&#39;ae</strong></span> <span class='ocrx_word' id='word_1_80' title='bbox 978 2889 1077 2956; x_wconf 82' lang='lat' dir='ltr'><strong>regna</strong></span> <span class='ocrx_word' id='word_1_81' title='bbox 1090 2890 1164 2955; x_wconf 79' lang='lat' dir='ltr'><strong>per-</strong></span> 
     </span>
     <span class='ocr_line' id='line_1_17' title="bbox 97 2966 1164 3054; baseline 0.002 -24"><span class='ocrx_word' id='word_1_82' title='bbox 97 2967 235 3054; x_wconf 77' lang='lat' dir='ltr'><strong>agravit,</strong></span> <span class='ocrx_word' id='word_1_83' title='bbox 251 2982 290 3031; x_wconf 92' lang='lat' dir='ltr'><strong>ut</strong></span> <span class='ocrx_word' id='word_1_84' title='bbox 303 2967 448 3032; x_wconf 84' lang='lat' dir='ltr'><strong>larcham</strong></span> <span class='ocrx_word' id='word_1_85' title='bbox 465 2967 498 3030; x_wconf 94' lang='lat' dir='ltr'><strong>in</strong></span> <span class='ocrx_word' id='word_1_86' title='bbox 521 2990 620 3033; x_wconf 88' lang='lat' dir='ltr'><strong>aureo</strong></span> <span class='ocrx_word' id='word_1_87' title='bbox 642 2968 764 3033; x_wconf 83' lang='lat' dir='ltr'><strong>throno</strong></span> <span class='ocrx_word' id='word_1_88' title='bbox 778 2966 961 3049; x_wconf 79' lang='lat' dir='ltr'><strong>sedentem,</strong></span> <span class='ocrx_word' id='word_1_89' title='bbox 975 2967 1017 3031; x_wconf 92' lang='lat' dir='ltr'><strong>de</strong></span> <span class='ocrx_word' id='word_1_90' title='bbox 1032 2982 1164 3042; x_wconf 86' lang='lat' dir='ltr'><strong>natura,</strong></span> 
     </span>
     <span class='ocr_line' id='line_1_18' title="bbox 97 3070 1163 3155; baseline 0.002 -19"><span class='ocrx_word' id='word_1_91' title='bbox 97 3093 133 3136; x_wconf 83' lang='lat' dir='ltr'><strong>ac</strong></span> <span class='ocrx_word' id='word_1_92' title='bbox 150 3093 256 3136; x_wconf 84' lang='lat' dir='ltr'><strong>cursu</strong></span> <span class='ocrx_word' id='word_1_93' title='bbox 280 3070 424 3136; x_wconf 87' lang='lat' dir='ltr'><strong>siderum</strong></span> <span class='ocrx_word' id='word_1_94' title='bbox 447 3072 573 3138; x_wconf 87' lang='lat' dir='ltr'><strong>audiret</strong></span> <span class='ocrx_word' id='word_1_95' title='bbox 597 3073 781 3139; x_wconf 80' lang='lat' dir='ltr'><strong>docentem.</strong></span> <span class='ocrx_word' id='word_1_96' title='bbox 804 3074 949 3138; x_wconf 87' lang='lat' dir='ltr'><strong>Transeo</strong></span> <span class='ocrx_word' id='word_1_97' title='bbox 978 3073 1163 3155; x_wconf 83' lang='lat' dir='ltr'><strong>Platonem,</strong></span> 
     </span>
     <span class='ocr_line' id='line_1_19' title="bbox 96 3179 1164 3274; baseline -0.005 -31"><span class='ocrx_word' id='word_1_98' title='bbox 96 3179 321 3261; x_wconf 80' lang='lat' dir='ltr'><strong>Aristotelem,</strong></span> <span class='ocrx_word' id='word_1_99' title='bbox 337 3180 575 3269; x_wconf 81' lang='lat' dir='ltr'><strong>Anaxagoram,</strong></span> <span class='ocrx_word' id='word_1_100' title='bbox 589 3180 832 3274; x_wconf 76' lang='lat' dir='ltr'><strong>Democritum,</strong></span> <span class='ocrx_word' id='word_1_101' title='bbox 849 3180 995 3268; x_wconf 84' lang='lat' dir='ltr'><strong>aliosque</strong></span> <span class='ocrx_word' id='word_1_102' title='bbox 1011 3179 1164 3244; x_wconf 68' lang='lat' dir='ltr'><strong>innume-</strong></span> 
     </span>
     <span class='ocr_line' id='line_1_20' title="bbox 95 3285 1162 3375; baseline 0.001 -27"><span class='ocrx_word' id='word_1_103' title='bbox 95 3285 207 3348; x_wconf 82' lang='lat' dir='ltr'><strong>rabiles</strong></span> <span class='ocrx_word' id='word_1_104' title='bbox 220 3285 460 3374; x_wconf 80' lang='lat' dir='ltr'><strong>Philosophus,</strong></span> <span class='ocrx_word' id='word_1_105' title='bbox 475 3287 532 3375; x_wconf 88' lang='lat' dir='ltr'><strong>qui</strong></span> <span class='ocrx_word' id='word_1_106' title='bbox 544 3287 686 3352; x_wconf 79' lang='lat' dir='ltr'><strong>scientiae</strong></span> <span class='ocrx_word' id='word_1_107' title='bbox 697 3287 808 3375; x_wconf 91' lang='lat' dir='ltr'><strong>cupidi</strong></span> <span class='ocrx_word' id='word_1_108' title='bbox 819 3302 926 3352; x_wconf 88' lang='lat' dir='ltr'><strong>totum</strong></span> <span class='ocrx_word' id='word_1_109' title='bbox 935 3285 1049 3352; x_wconf 88' lang='lat' dir='ltr'><strong>orbern</strong></span> <span class='ocrx_word' id='word_1_110' title='bbox 1064 3308 1162 3373; x_wconf 90' lang='lat' dir='ltr'><strong>quam</strong></span> 
     </span>
     <span class='ocr_line' id='line_1_21' title="bbox 96 3390 1166 3481; baseline 0.002 -25"><span class='ocrx_word' id='word_1_111' title='bbox 96 3390 317 3456; x_wconf 81' lang='lat' dir='ltr'><strong>ardentissime</strong></span> <span class='ocrx_word' id='word_1_112' title='bbox 342 3393 591 3480; x_wconf 84' lang='lat' dir='ltr'><strong>perlustrarunt.</strong></span> <span class='ocrx_word' id='word_1_113' title='bbox 615 3393 706 3457; x_wconf 89' lang='lat' dir='ltr'><strong>Inter</strong></span> <span class='ocrx_word' id='word_1_114' title='bbox 726 3416 809 3481; x_wconf 88' lang='lat' dir='ltr'><strong>quos</strong></span> <span class='ocrx_word' id='word_1_115' title='bbox 827 3392 904 3474; x_wconf 89' lang='lat' dir='ltr'><strong>tibi,</strong></span> <span class='ocrx_word' id='word_1_116' title='bbox 923 3391 1084 3458; x_wconf 84' lang='lat' dir='ltr'><strong>Bernarde</strong></span> <span class='ocrx_word' id='word_1_117' title='bbox 1106 3392 1166 3458; x_wconf 48' lang='lat' dir='ltr'><strong>Mi„</strong></span> 
     </span>
     <span class='ocr_line' id='line_1_22' title="bbox 96 3497 1241 3594; baseline 0 -32"><span class='ocrx_word' id='word_1_118' title='bbox 96 3497 243 3580; x_wconf 84' lang='lat' dir='ltr'><strong>chelotti,</strong></span> <span class='ocrx_word' id='word_1_119' title='bbox 262 3498 397 3562; x_wconf 81' lang='lat' dir='ltr'><strong>Coesarei</strong></span> <span class='ocrx_word' id='word_1_120' title='bbox 408 3499 490 3580; x_wconf 86' lang='lat' dir='ltr'><strong>juris</strong></span> <span class='ocrx_word' id='word_1_121' title='bbox 506 3515 539 3564; x_wconf 91' lang='lat' dir='ltr'><strong>et</strong></span> <span class='ocrx_word' id='word_1_122' title='bbox 554 3498 715 3564; x_wconf 86' lang='lat' dir='ltr'><strong>Pontifieii</strong></span> <span class='ocrx_word' id='word_1_123' title='bbox 730 3499 989 3580; x_wconf 87' lang='lat' dir='ltr'><strong>consultissimo,</strong></span> <span class='ocrx_word' id='word_1_124' title='bbox 1005 3514 1039 3564; x_wconf 89' lang='lat' dir='ltr'><strong>et</strong></span> <span class='ocrx_word' id='word_1_125' title='bbox 1060 3521 1163 3588; x_wconf 81' lang='lat' dir='ltr'><strong>graece</strong></span> <span class='ocrx_word' id='word_1_126' title='bbox 1236 3585 1241 3594; x_wconf 36' lang='grc' dir='ltr'>Ι</span> 
     </span>
     <span class='ocr_line' id='line_1_23' title="bbox 97 3603 1161 3693; baseline 0.002 -27"><span class='ocrx_word' id='word_1_127' title='bbox 97 3619 126 3666; x_wconf 93' lang='lat' dir='ltr'><strong>et</strong></span> <span class='ocrx_word' id='word_1_128' title='bbox 139 3603 238 3668; x_wconf 80' lang='lat' dir='ltr'><strong>latine</strong></span> <span class='ocrx_word' id='word_1_129' title='bbox 255 3604 406 3692; x_wconf 88' lang='lat' dir='ltr'><strong>impense</strong></span> <span class='ocrx_word' id='word_1_130' title='bbox 428 3605 574 3685; x_wconf 90' lang='lat' dir='ltr'><strong>erudito,</strong></span> <span class='ocrx_word' id='word_1_131' title='bbox 599 3621 663 3669; x_wconf 87' lang='lat' dir='ltr'><strong>tuae</strong></span> <span class='ocrx_word' id='word_1_132' title='bbox 683 3621 780 3670; x_wconf 87' lang='lat' dir='ltr'><strong>erunt</strong></span> <span class='ocrx_word' id='word_1_133' title='bbox 803 3605 933 3693; x_wconf 86' lang='lat' dir='ltr'><strong>praemia</strong></span> <span class='ocrx_word' id='word_1_134' title='bbox 951 3603 1066 3670; x_wconf 81' lang='lat' dir='ltr'><strong>laudis.</strong></span> <span class='ocrx_word' id='word_1_135' title='bbox 1092 3605 1161 3670; x_wconf 91' lang='lat' dir='ltr'><strong>Neo</strong></span> 
     </span>
     <span class='ocr_line' id='line_1_24' title="bbox 96 3708 1163 3800; baseline 0.006 -28"><span class='ocrx_word' id='word_1_136' title='bbox 96 3708 244 3800; x_wconf 80' lang='lat' dir='ltr'><strong>indulgeo</strong></span> <span class='ocrx_word' id='word_1_137' title='bbox 264 3710 370 3775; x_wconf 87' lang='lat' dir='ltr'><strong>amori</strong></span> <span class='ocrx_word' id='word_1_138' title='bbox 392 3711 426 3776; x_wconf 90' lang='lat' dir='ltr'><strong>in</strong></span> <span class='ocrx_word' id='word_1_139' title='bbox 447 3726 480 3776; x_wconf 91' lang='lat' dir='ltr'><strong>te</strong></span> <span class='ocrx_word' id='word_1_140' title='bbox 496 3734 589 3793; x_wconf 91' lang='lat' dir='ltr'><strong>meo,</strong></span> <span class='ocrx_word' id='word_1_141' title='bbox 609 3734 669 3776; x_wconf 88' lang='lat' dir='ltr'><strong>uec</strong></span> <span class='ocrx_word' id='word_1_142' title='bbox 688 3728 745 3776; x_wconf 90' lang='lat' dir='ltr'><strong>tuo</strong></span> <span class='ocrx_word' id='word_1_143' title='bbox 759 3711 881 3792; x_wconf 86' lang='lat' dir='ltr'><strong>judicio</strong></span> <span class='ocrx_word' id='word_1_144' title='bbox 904 3710 1068 3776; x_wconf 87' lang='lat' dir='ltr'><strong>blandior:</strong></span> <span class='ocrx_word' id='word_1_145' title='bbox 1086 3725 1163 3778; x_wconf 90' lang='lat' dir='ltr'><strong>nota</strong></span> 
     </span>
     <span class='ocr_line' id='line_1_25' title="bbox 97 3816 1161 3904; baseline 0.004 -26"><span class='ocrx_word' id='word_1_146' title='bbox 97 3817 211 3882; x_wconf 81' lang='lat' dir='ltr'><strong>emotis</strong></span> <span class='ocrx_word' id='word_1_147' title='bbox 229 3831 266 3880; x_wconf 91' lang='lat' dir='ltr'><strong>et</strong></span> <span class='ocrx_word' id='word_1_148' title='bbox 282 3830 399 3880; x_wconf 80' lang='lat' dir='ltr'><strong>testata</strong></span> <span class='ocrx_word' id='word_1_149' title='bbox 419 3817 543 3904; x_wconf 87' lang='lat' dir='ltr'><strong>loquar.</strong></span> <span class='ocrx_word' id='word_1_150' title='bbox 560 3818 693 3882; x_wconf 87' lang='lat' dir='ltr'><strong>Sextum</strong></span> <span class='ocrx_word' id='word_1_151' title='bbox 710 3817 751 3881; x_wconf 89' lang='lat' dir='ltr'><strong>ab</strong></span> <span class='ocrx_word' id='word_1_152' title='bbox 771 3817 850 3882; x_wconf 89' lang='lat' dir='ltr'><strong>hinc</strong></span> <span class='ocrx_word' id='word_1_153' title='bbox 865 3839 1008 3900; x_wconf 87' lang='lat' dir='ltr'><strong>annum,</strong></span> <span class='ocrx_word' id='word_1_154' title='bbox 1023 3816 1161 3882; x_wconf 86' lang='lat' dir='ltr'><strong>nobilis-</strong></span> 
     </span>
     <span class='ocr_line' id='line_1_26' title="bbox 94 3921 1163 4010; baseline 0.003 -24"><span class='ocrx_word' id='word_1_155' title='bbox 94 3921 177 3988; x_wconf 82' lang='lat' dir='ltr'><strong>simas</strong></span> <span class='ocrx_word' id='word_1_156' title='bbox 203 3923 354 4009; x_wconf 83' lang='lat' dir='ltr'><strong>Europae</strong></span> <span class='ocrx_word' id='word_1_157' title='bbox 380 3936 477 4010; x_wconf 85' lang='lat' dir='ltr'><strong>atque</strong></span> <span class='ocrx_word' id='word_1_158' title='bbox 499 3922 579 3986; x_wconf 82' lang='lat' dir='ltr'><strong>Asiae</strong></span> <span class='ocrx_word' id='word_1_159' title='bbox 603 3922 721 4004; x_wconf 90' lang='lat' dir='ltr'><strong>urbes,</strong></span> <span class='ocrx_word' id='word_1_160' title='bbox 745 3923 916 4010; x_wconf 86' lang='lat' dir='ltr'><strong>omnisque</strong></span> <span class='ocrx_word' id='word_1_161' title='bbox 935 3923 1038 3988; x_wconf 89' lang='lat' dir='ltr'><strong>nostri</strong></span> <span class='ocrx_word' id='word_1_162' title='bbox 1067 3923 1163 3989; x_wconf 88' lang='lat' dir='ltr'><strong>maris</strong></span> 
     </span>
     <span class='ocr_line' id='line_1_27' title="bbox 90 4026 1161 4118; baseline 0.001 -28"><span class='ocrx_word' id='word_1_163' title='bbox 90 4027 219 4110; x_wconf 80' lang='lat' dir='ltr'><strong>insulas,</strong></span> <span class='ocrx_word' id='word_1_164' title='bbox 248 4027 506 4116; x_wconf 85' lang='lat' dir='ltr'><strong>peninsulesque</strong></span> <span class='ocrx_word' id='word_1_165' title='bbox 521 4027 631 4092; x_wconf 87' lang='lat' dir='ltr'><strong>studio</strong></span> <span class='ocrx_word' id='word_1_166' title='bbox 650 4026 812 4094; x_wconf 82' lang='lat' dir='ltr'><strong>indefesso</strong></span> <span class='ocrx_word' id='word_1_167' title='bbox 829 4030 1021 4118; x_wconf 85' lang='lat' dir='ltr'><strong>penetrasti,</strong></span> <span class='ocrx_word' id='word_1_168' title='bbox 1047 4043 1086 4092; x_wconf 93' lang='lat' dir='ltr'><strong>ut</strong></span> <span class='ocrx_word' id='word_1_169' title='bbox 1101 4031 1161 4092; x_wconf 54' lang='lat' dir='ltr'><strong>At,</strong></span> 
     </span>
     <span class='ocr_line' id='line_1_28' title="bbox 86 4132 1160 4224; baseline -0.005 -24"><span class='ocrx_word' id='word_1_170' title='bbox 86 4134 171 4200; x_wconf 77' lang='lat' dir='ltr'><strong>tieem</strong></span> <span class='ocrx_word' id='word_1_171' title='bbox 199 4132 453 4221; x_wconf 85' lang='lat' dir='ltr'><strong>eloquentiam,</strong></span> <span class='ocrx_word' id='word_1_172' title='bbox 469 4149 502 4198; x_wconf 90' lang='lat' dir='ltr'><strong>et</strong></span> <span class='ocrx_word' id='word_1_173' title='bbox 519 4157 632 4198; x_wconf 89' lang='lat' dir='ltr'><strong>omnes</strong></span> <span class='ocrx_word' id='word_1_174' title='bbox 654 4157 738 4224; x_wconf 90' lang='lat' dir='ltr'><strong>pene</strong></span> <span class='ocrx_word' id='word_1_175' title='bbox 762 4133 949 4200; x_wconf 76' lang='lat' dir='ltr'><strong>Grecorum</strong></span> <span class='ocrx_word' id='word_1_176' title='bbox 977 4135 1096 4214; x_wconf 87' lang='lat' dir='ltr'><strong>libros,</strong></span> <span class='ocrx_word' id='word_1_177' title='bbox 1126 4133 1160 4196; x_wconf 93' lang='lat' dir='ltr'><strong>in</strong></span> 
     </span>
     <span class='ocr_line' id='line_1_29' title="bbox 81 4237 1162 4342; baseline -0.006 -34"><span class='ocrx_word' id='word_1_178' title='bbox 81 4244 196 4342; x_wconf 69' lang='lat' dir='ltr'><strong>quihus</strong></span> <span class='ocrx_word' id='word_1_179' title='bbox 216 4237 372 4306; x_wconf 85' lang='lat' dir='ltr'><strong>eruditio</strong></span> <span class='ocrx_word' id='word_1_180' title='bbox 390 4241 493 4330; x_wconf 86' lang='lat' dir='ltr'><strong>ampla</strong></span> <span class='ocrx_word' id='word_1_181' title='bbox 514 4257 546 4306; x_wconf 89' lang='lat' dir='ltr'><strong>et</strong></span> <span class='ocrx_word' id='word_1_182' title='bbox 567 4241 735 4307; x_wconf 87' lang='lat' dir='ltr'><strong>recondita</strong></span> <span class='ocrx_word' id='word_1_183' title='bbox 749 4241 989 4323; x_wconf 85' lang='lat' dir='ltr'><strong>contineretur,</strong></span> <span class='ocrx_word' id='word_1_184' title='bbox 1010 4264 1028 4304; x_wconf 87' lang='lat' dir='ltr'><strong>a</strong></span> <span class='ocrx_word' id='word_1_185' title='bbox 1046 4239 1162 4305; x_wconf 87' lang='lat' dir='ltr'><strong>barba·</strong></span> 
     </span>
    </p>
   </div>
   <div class='ocr_carea' id='block_1_7' title="bbox 0 0 1588 5126">
    <p class='ocr_par' dir='ltr' id='par_1_7' title="bbox 0 0 1588 5126">
     <span class='ocr_line' id='line_1_30' title="bbox 0 0 1588 5126; baseline 0 0"><span class='ocrx_word' id='word_1_186' title='bbox 0 0 1588 5126; x_wconf 95' lang='lat' dir='ltr'><strong> </strong></span> 
     </span>
    </p>
   </div>
  </div>
 </body>
</html>
