3246 5112
361 459 404 538 48
662 462 697 525 c.
722 463 919 531 vrtnnn
947 466 1121 532 utrum

406 593 478 654 Una
493 611 607 654 omnes
623 591 766 680 gaudent
780 596 906 684 superi,
922 613 1123 686 venturaque
1138 598 1265 666 mundo

404 705 583 792 Tempora,
600 727 737 794 qunque
752 708 818 772 vias
834 727 974 776 cernunt
989 712 1051 776 sibi
1066 735 1211 777 crescere
1226 714 1344 782 Parcae.

404 820 468 885 Sed
484 843 552 884 non
569 835 602 885 et
616 822 751 910 scythici
767 823 894 913 genitor
909 825 1095 892 discrimine
1111 829 1180 893 nati

406 931 605 1021 Intrepidus,
622 935 700 1000 tales
715 935 826 1000 trudit
840 938 896 1002 Sol
910 957 1043 1027 pectore
1058 964 1172 1007 voces:

406 1079 419 1105 ι
430 1049 563 1113 Summe
579 1063 680 1132 sator,
697 1051 750 1114 cui
767 1067 876 1116 nostra
892 1051 977 1134 dies,
994 1054 1198 1119 volventibus
1213 1057 1322 1138 annis,
1389 1079 1428 1118 nt

405 1165 470 1228 Tot
484 1162 609 1252 peragit
621 1161 787 1251 reficitque
802 1167 905 1252 vices,
921 1182 1019 1230 tuane
1035 1167 1094 1230 ista
1105 1169 1275 1235 voluntas?

406 1277 569 1365 Graiaque
583 1300 674 1342 nunc
687 1278 784 1343 undis
800 1279 884 1345 duce
900 1296 948 1364 te,
965 1297 1115 1370 nutuque
1130 1283 1290 1367 secundo,

406 1395 439 1457 lt
452 1392 549 1456 ratis?
564 1415 606 1456 an
623 1394 756 1458 meritos
772 1395 818 1459 fas
835 1397 965 1460 etmihi
981 1419 1133 1486 rumpere
1149 1399 1302 1487 questus?

405 1507 477 1572 Hoc
493 1523 658 1588 metuens,
674 1523 707 1571 et
723 1530 764 1572 ne
780 1532 845 1598 qua
859 1510 946 1576 foret
960 1535 1076 1577 manus
1091 1512 1200 1577 invida
1216 1528 1308 1596 nato,

404 1623 482 1688 Non
497 1621 611 1686 mediae
626 1624 749 1688 telluris
765 1647 862 1714 opes,
878 1650 946 1692 non
963 1628 1113 1717 improba
1125 1629 1189 1718 legi
1389 1652 1428 1690 ει·

405 1736 518 1800 Divitis
534 1759 608 1802 arva
623 1739 741 1828 plngae3
758 1755 890 1806 teneant
905 1743 1071 1809 uberrima
1084 1747 1225 1828 Teucer,

405 1851 448 1915 Et
462 1851 577 1941 Libys,
594 1868 628 1917 et
641 1855 737 1918 vestri
754 1855 881 1945 Pelopis
896 1857 1033 1940 domus3
1052 1857 1186 1923 horrida
1202 1881 1285 1922 suevo
1345 1914 1348 1922 .

365 2029 367 2033 .
407 1966 488 2049 Quae
502 1969 622 2055 premis
637 1991 712 2032 arva
727 1970 818 2058 gelu,
835 1972 1027 2059 strictosque
1043 1971 1222 2036 insedimus
1238 1992 1359 2036 amnes.

406 2082 542 2146 Cederet
554 2082 605 2146 his
622 2083 735 2163 etiam,
752 2099 784 2147 et
798 2106 868 2148 sese
883 2087 953 2149 sinc
968 2083 1095 2150 honore
1110 2087 1246 2150 referret

393 2292 446 2339 508.
458 2295 502 2338 Fae
510 2301 549 2336 eet.
560 2290 635 2338 Vntie.
644 2291 697 2337 cod.
707 2294 797 2339 Bonon.
806 2294 817 2339 l
826 2301 850 2339 et
858 2294 889 2340 11.
902 2296 966 2341 Jnnt.
977 2294 1031 2341 tlt.
1047 2294 1113 2342 Gerr.
1128 2298 1173 2343 aas
1185 2297 1222 2341 er't.
1238 2295 1328 2342 Boron
1340 2294 1430 2341 eod.-

362 2371 414 2418 513.
425 2373 455 2416 In
463 2371 561 2418 sedibus.
571 2370 646 2418 Codd.
655 2381 679 2418 et
686 2371 740 2442 edd.
749 2371 885 2420 [medemur.
894 2373 1035 2436 Zinzerling.
1044 2373 1089 2422 En.

398 2568 459 2622 ⁵03.
471 2567 549 2623 Solus
559 2565 631 2620 dolet
641 2572 695 2629 Sol,
710 2587 760 2620 non
773 2571 871 2636 incepi·
915 2587 965 2622 nec
983 2571 1011 2623 in
1028 2561 1154 2640 improlis,
1172 2569 1336 2626 tufflirdmis
1348 2573 1427 2640 (nam

361 2652 420 2708 dus,
437 2647 550 2700 maxime
565 2645 692 2699 sollicitus
705 2645 804 2700 delilio
820 2667 873 2710 sey-
915 2651 1062 2717 r'mprolum,
1086 2649 1172 2721 poetic
1193 2649 1331 2720 inprimis,
1348 2669 1428 2704 omne

360 2731 438 2788 etim,
460 2728 536 2778 AEeta
550 2743 612 2796 rege
629 2724 803 2779 Colchorum.
830 2725 872 2779 td
915 2727 1028 2781 nimium
1042 2741 1095 2792 est,
1109 2727 1219 2782 modum
1231 2727 1372 2792 excedens,
1384 2749 1429 2783 co·

360 2807 453 2859 Jovern
466 2804 547 2877 igitur
557 2803 699 2868 accedent,
713 2823 795 2877 quem
804 2806 872 2859 bene
916 2807 960 2878 pin
967 2805 1237 2872 abundarunvidell,
1247 2809 1310 2874 631,
1320 2813 1428 2880 improba

360 2886 468 2940 meritus
477 2887 512 2938 tit
522 2885 556 2938 ob
565 2885 642 2938 initio
652 2903 743 2938 rerum
755 2923 763 2950 ,
774 2903 873 2939 meree·
915 2904 976 2939 arva
985 2891 1057 2938 ooecis
1066 2891 1142 2938 nadis
1152 2891 1236 2940 irretit.

359 2977 456 3036 torque
466 2963 585 3037 quotidie
595 2962 705 3033 (eodem
716 2965 771 3018 iere
780 2963 872 3030 modo,
953 2964 1014 3018 511.
1023 2971 1139 3026 Teneone,
1147 2985 1196 3019 nce
1204 2963 1320 3029 invideo,
1329 2981 1430 3019 teneam

360 3063 415 3115 quo
431 3055 490 3115 port
506 3042 676 3097 Phaethontis
693 3063 784 3098 casum
801 3043 873 3118 apud
916 3047 1026 3096 uberiora
1048 3049 1138 3096 Teucer
1156 3044 1297 3116 (Trojani)
1316 3060 1340 3096 et
1356 3049 1427 3111 Libys

360 3123 871 3196 Ovid.Metnm.ll,381sq.)exponit.
917 3122 1256 3195 (Afer,Africe,inprimis
1266 3125 1428 3196 AEgyptue),
1476 3147 1478 3155 ⁴

363 3207 414 3255 titi
423 3219 509 3256 nostro
520 3207 585 3266 dies,
597 3207 747 3256 volventibus
757 3206 813 3272 (se)
825 3223 873 3256 an·
916 3217 941 3254 et
952 3205 1030 3254 ‘tustra'
1038 3206 1130 3271 Pelopis
1140 3205 1226 3254 ᾰοωω
1246 3201 1427 3273 (Peloponne-

360 3287 413 3342 m's,
429 3287 577 3352 torpemgr't,
590 3283 727 3354 nansigit,
741 3283 872 3348 emetitur,
916 3282 977 3348 eus)
988 3319 996 3346 ,
1009 3299 1059 3352 ego
1071 3280 1128 3334 titio
1141 3285 1192 3348 legi
1201 3279 1284 3352 elegi,
1295 3281 1428 3350 assignavi

360 3383 387 3414 re
396 3367 482 3431 scitque
492 3367 574 3424 uices,
589 3365 612 3415 is
623 3381 672 3434 ego
686 3381 744 3417 sum
755 3400 761 3427 ,
774 3363 821 3435 qui
834 3373 873 3414 tot
916 3377 1024 3432 campos
1033 3380 1097 3412 soevo
1104 3365 1163 3429 gelu
1169 3379 1270 3427 pressos
1282 3363 1359 3431 (quoe
1372 3379 1428 3413 me-

361 3441 440 3495 totius
450 3441 512 3494 anni
523 3441 617 3496 diebus
627 3442 739 3506 laciom,
757 3452 802 3505 ut,
814 3459 872 3513 qun·
916 3439 957 3493 lus
967 3440 1070 3511 Jupiter
1080 3451 1154 3512 urget
1164 3439 1258 3492 Horat.
1268 3437 1321 3492 Od.
1333 3441 1361 3503 I,
1377 3458 1426 3505 aa,

361 3521 389 3572 in
405 3519 507 3573 mundo
522 3532 569 3574 tuo
583 3533 756 3594 peragentur,
774 3521 873 3592 perspi·
917 3521 967 3585 ao)
984 3523 1126 3587 sciensque
1142 3517 1226 3590 glacie
1241 3538 1337 3571 armes.
1347 3521 1426 3573 Vere.

361 3617 421 3651 cere
434 3599 518 3670 possis
522 3639 572 3653 .....
585 3613 614 3653 tu
625 3620 690 3654 vero
704 3605 802 3652 (ἔτασσε
816 3603 872 3673 jem
917 3599 985 3661 513,
1004 3617 1052 3668 pro
1063 3601 1154 3667 premis
1170 3597 1260 3651 malim
1271 3601 1376 3667 premat,
1396 3611 1428 3652 ut

361 3695 415 3729 non
427 3678 500 3731 foves
512 3691 630 3743 tanturn,
641 3678 688 3733 sed
697 3677 764 3732 odeo
774 3683 852 3732 orcis.
914 3678 1044 3730 referatur
1054 3675 1089 3729 ed
1102 3675 1291 3749 precedentem
1295 3681 1413 3745 plagate.

398 3758 458 3825 5⁰9.
469 3759 559 3812 Liceat
569 3771 595 3812 et
610 3759 676 3812 milri
689 3762 797 3819 meritos,
817 3775 871 3811 non
952 3753 1340 3822 51411isedeocedetetlilius,
1352 3765 1378 3807 et
1389 3757 1428 3809 ul·

360 3835 490 3907 injustos,
509 3857 576 3909 quoe
591 3837 686 3890 tacitus
703 3835 751 3890 diu
767 3855 872 3890 mecum
915 3837 995 3889 terius
1006 3853 1062 3888 sese
1076 3834 1218 3906 reciperet,
1229 3831 1275 3886 sed
1288 3853 1323 3886 ne
1336 3848 1427 3906 poeset

361 3915 496 3980 continui,
511 3932 608 3985 quernus
618 3935 736 3988 rumpere.
750 3916 810 3968 dam
825 3915 872 3969 diu
915 3913 1038 3986 quidem:
1051 3931 1113 3966 num
1122 3932 1186 3965 sona
1194 3915 1354 3982 undevigem,
1364 3933 1426 3985 per·

360 3994 484 4065 taloquid
494 4011 600 4048 mertens
611 4007 690 4068 atque
700 3996 871 4066 proemgiens,
915 3987 1000 4067 petuis
1017 3993 1120 4046 nebulis
1136 3991 1271 4056 involuta,
1287 3996 1373 4046 nescia
1388 4015 1426 4047 re·

361 4084 435 4127 etue
450 4093 503 4146 qun
514 4077 585 4143 forre
596 4094 683 4127 rnanns
700 4078 784 4126 invida
796 4089 868 4136 nato,
915 4092 982 4133 rum,
993 4091 1051 4143 qne
1060 4073 1088 4124 in
1097 4070 1205 4143 reliquis
1214 4071 1284 4124 orbis
1293 4083 1425 4126 terrerum

360 4172 395 4208 ne
403 4152 507 4208 invidie
517 4154 630 4207 eliorum
639 4154 751 4207 deorum
761 4172 872 4226 expone·
914 4150 1034 4223 partibus
1042 4162 1177 4223 gerantur,
1191 4153 1225 4204 nb
1238 4151 1361 4204 omnibus
1370 4163 1425 4205 tam

359 4251 433 4298 rem,
447 4253 501 4286 non
515 4233 543 4288 in
553 4232 641 4286 medio
650 4245 780 4290 terrarum
790 4233 870 4298 orbe,
914 4231 993 4302 longe
1007 4243 1108 4288 recreta
1119 4231 1287 4298 hominibus,
1297 4243 1324 4288 ct
1336 4230 1371 4285 ed
1382 4229 1424 4284 ul·
