3116 5102
362 455 426 536 38]
479 453 533 521 IN
561 457 649 520 LIB.
675 449 907 536 QUINTUM
936 453 1327 523 anGONAUTICON

360 570 537 628 intermissam
547 606 555 634 ,
569 580 663 623 auctor
673 567 708 621 ad
719 568 819 625 itineris
829 563 1057 643 descriptionem,
1068 569 1348 644 enumerationemqne
1358 574 1431 626 loco·

359 673 431 719 rum,
439 669 518 723 qnam
528 667 603 702 orsae
611 659 678 715 erat,
685 648 799 704 reducit.
808 655 878 714 -Τὸ
888 669 982 706 mouere
995 652 1108 700 camina
1118 649 1146 702 ln
1156 651 1314 705 memoriam
1323 665 1433 712 revocat

361 736 434 788 hunc
442 732 546 806 Virgilii
555 749 677 796 uersum,
691 734 753 786 AEn.
764 733 835 802 Vll,
844 738 908 801 641,
918 734 992 798 etX,
1007 733 1073 786 163:

542 847 639 894 Pandite
648 861 710 892 nunc
720 848 847 904 llelinona,
860 849 922 904 dete,
936 857 1066 909 cantusque
1075 855 1174 896 movete.

393 965 429 1017 V.
446 982 503 1015 roa.
520 964 599 1014 Altius
612 962 638 1012 in
650 973 738 1013 ventos
751 963 835 1031 reclina
851 965 920 1013 ratis.
941 961 1030 1035 eQuae
1043 958 1121 1012 lectio
1139 978 1247 1013 sensum
1264 960 1307 1014 rix
1324 961 1429 1030 fundit,

268 1105 276 1118 ‚
359 1048 569 1117 aitWagnerus.
582 1042 663 1116 Cujus
678 1044 737 1096 loco
753 1063 837 1116 quum
856 1045 1029 1098 amicissimus
1047 1061 1131 1114 nuper
1150 1043 1289 1112 Herelius,
1305 1044 1355 1116 Ep:
1370 1048 1429 1100 crit.

357 1151 385 1204 p.
400 1149 449 1202 70,
462 1127 616 1200 conjecisset
628 1129 701 1178 rediit
709 1131 779 1189 ratis,
792 1127 966 1198 Rubnhenjus
977 1137 1066 1179 autem
1080 1125 1115 1178 ad
1128 1127 1198 1180 Vell.
1209 1127 1311 1180 Patere.
1326 1129 1372 1182 lib.
1382 1131 1429 1194 Π,

360 1235 408 1287 70,
421 1235 452 1278 a,
463 1212 534 1266 hane
542 1212 721 1282 conjecturam
731 1211 961 1283 comprobaverit,
973 1211 1001 1261 in
1012 1208 1141 1262 bonorem
1154 1209 1355 1264 duumviromm
1365 1229 1428 1284 pre·

358 1299 503 1361 stantium,
518 1298 547 1348 in
560 1305 712 1348 contextum
729 1295 818 1366 recepi
837 1297 923 1355 rediit,
941 1293 993 1346 hoc
1006 1309 1098 1346 sensu:
1109 1292 1187 1346 litore
1203 1293 1311 1360 relicto,
1329 1295 1427 1360 altum,

358 1381 512 1438 vocantibus
523 1379 608 1434 ventis
618 1417 625 1444 ,
637 1377 738 1449 repetiit
748 1403 770 1432 n.

393 1505 427 1557 V.
436 1502 496 1557 135.
503 1503 671 1554 Serninminem
676 1505 773 1569 patrius
784 1521 858 1569 quarn
869 1504 967 1553 vexerit
974 1506 1054 1554 arnnis
1063 1506 1088 1554 in
1099 1521 1193 1570 oequor.
1199 1503 1270 1556 Vett.
1279 1504 1359 1557 codd.
1371 1525 1428 1558 onr-

357 1607 459 1660 nesque
473 1597 534 1639 unte
548 1585 622 1638 Care.
635 1583 696 1638 edd.
709 1587 810 1639 habent
824 1605 899 1653 qnam
912 1591 1033 1654 sangiune
1051 1588 1151 1638 vexerit
1162 1589 1260 1649 amnis,
1276 1605 1335 1658 quae
1346 1587 1428 1641 lectio

357 1670 500 1726 recentiori
513 1667 599 1741 potior
613 1667 679 1720 mibi
692 1667 804 1721 ridetur.
824 1669 886 1722 Hanc
900 1669 1013 1734 locutio,
1028 1673 1149 1738 sangiune
1161 1673 1275 1730 vexerit,
1288 1669 1427 1724 Valerium

357 1754 476 1817 redolet,
489 1765 516 1806 et
525 1761 585 1824 apte
600 1750 671 1804 cadit
692 1751 718 1804 in
733 1751 844 1805 fluvium
857 1745 972 1805 caedibus
988 1764 1112 1818 auctum,
1126 1765 1151 1806 et
1171 1753 1247 1824 quasi
1268 1754 1426 1825 sanguinem

357 1853 407 1908 pro
418 1832 495 1906 aquis
510 1834 676 1895 volventem
691 1830 757 1884 dum
770 1844 862 1885 contra
875 1836 903 1887 rb
920 1851 995 1901 quam
1009 1837 1108 1884 venerit
1118 1837 1200 1886 annis
1213 1835 1240 1884 in
1253 1853 1340 1901 rrquar
1351 1833 1426 1904 [rigi-

357 1917 422 1971 dum
433 1929 485 1980 eet,
495 1915 720 1986 recentioremqne
730 1917 817 1988 arguit
828 1915 1005 1970 emendatoris
1016 1933 1135 1970 manum.
1149 1919 1183 1970 In
1196 1917 1427 1970 confirmationem

357 2001 452 2056 veteris
468 1999 605 2066 lectionis,
631 1998 669 2050 nil
688 1999 802 2071 amplius
820 1999 937 2064 addam,
953 1999 1004 2053 nisi
1025 2001 1160 2072 sequentia
1178 2000 1319 2071 exempla:
1331 1999 1426 2067 Virgil.

357 2087 418 2137 AEn.
428 2085 467 2136 Vl
478 2120 485 2147 ,
496 2085 541 2152 87,
554 2087 588 2133 Et
600 2084 710 2147 Thybrim
721 2087 795 2134 multo
805 2098 956 2152 spinnantem
970 2087 1094 2152 sanguine
1103 2104 1194 2147 cemo;
1209 2080 1274 2136 ibid.
1286 2083 1327 2135 lx
1338 2121 1346 2147 ,
1359 2086 1425 2148 456,

356 2174 471 2238 asplenos
479 2169 601 2234 spumanti
609 2169 730 2234 sangrrine
739 2171 819 2229 riuos,¹
828 2167 892 2221 ibid.
902 2168 959 2237 Xl,
969 2169 1020 2238 393
1030 2205 1038 2235 ,
1049 2171 1128 2221 Iliaco
1138 2173 1255 2222 tumidum
1265 2171 1309 2236 qui
1317 2188 1427 2221 crescere

359 2255 470 2318 Hybrim
479 2253 610 2319 Sanguine.

390 2377 426 2428 V.
440 2375 497 2427 136.
509 2379 571 2441 Qua
579 2375 646 2441 pelta
657 2377 721 2424 lanus
731 2387 804 2440 atquc
813 2378 922 2426 lnunerus
933 2379 1027 2426 nudata
1034 2379 1163 2443 pharetris.
1171 2379 1292 2435 -Peltn,
1302 2392 1359 2446 qun
1371 2386 1427 2426 ute·

355 2462 451 2513 bantur
459 2458 620 2520 Amazones,
632 2455 878 2510 brevissimumerat
886 2468 1007 2522 scutum,
1021 2459 1051 2510 in
1062 2457 1172 2513 modum
1182 2459 1253 2512 lunae
1264 2460 1324 2532 jam
1335 2458 1427 2512 medie

355 2542 475 2597 incisum.
484 2539 562 2612 Virg.
574 2541 635 2592 AEn.
648 2541 680 2603 1,
692 2546 761 2608 494:

539 2649 611 2696 Ducit
619 2649 789 2696 Amazonidum
799 2651 884 2698 lunatis
893 2651 986 2712 agmina
994 2651 1063 2712 peltis

540 2723 684 2772 Penthesilea
692 2722 783 2778 luteum

355 2831 390 2885 id.
403 2828 467 2885 ibid.
477 2829 517 2882 XI
526 2869 535 2896 ,
545 2831 613 2882 662:

536 2941 645 2989 Feminea
653 2943 769 2989 exsultant
777 2942 863 2990 lunatis
873 2945 965 3006 agmina
977 2945 1052 3008 peltis.

388 3057 422 3108 V.
434 3057 484 3125 139
490 3091 725 3108 ..............
730 3073 838 3124 quantus
851 3063 913 3111 duce
928 3075 1006 3112 terror
1013 3065 1038 3112 in
1052 3065 1123 3129 ipsa,·
1143 3113 1146 3118 .

496 3140 544 3206 Qui
546 3138 624 3207 sutor
635 3143 660 3190 in
671 3142 748 3209 signis
754 3163 765 3202 ,·
775 3161 824 3210 qno
834 3145 927 3194 balteus
943 3148 1032 3195 arserit
1045 3165 1115 3196 auro.

353 3249 506 3324 Legendum
518 3268 630 3314 censeo,
643 3253 779 3321 qut'fitror‚·
793 3257 895 3322 t'nsipnis
907 3274 955 3322 quo
965 3259 1057 3308 balteus
1070 3259 1158 3309 arserit
1169 3276 1250 3309 auro:
1267 3277 1305 3312 sc.
1318 3273 1427 3327 qrannurs

351 3351 429 3389 terror
438 3347 462 3388 et
472 3335 691 3404 quannesfrnurr'n
704 3340 759 3404 ipsa
773 3341 853 3398 duce‚·
867 3338 957 3391 omnia
972 3339 1010 3392 sic
1026 3339 1120 3392 melius
1129 3340 1282 3394 cobserent:
1293 3342 1428 3412 Virgilius

352 3437 459 3492 quoque
467 3418 578 3486 fluorem
589 3418 680 3471 tribuit
691 3420 817 3490 pugnanti
830 3420 944 3491 regine,
957 3423 1017 3474 AEn.
1028 3421 1059 3488 I,
1074 3425 1143 3495 495,
1161 3428 1318 3478 Penthesilea
1322 3429 1425 3494 fierem.

387 3551 421 3599 V.
434 3547 484 3610 ιβ
491 3582 814 3598 ...................
820 3563 894 3603 sonat
906 3552 951 3601 illa
964 3554 1073 3602 creatrix

489 3631 571 3680 Pn'ma
582 3648 669 3680 manns
683 3633 739 3682 belli
750 3644 828 3683 terras
838 3636 943 3686 medelis
955 3637 980 3684 in
990 3653 1081 3686 omnes.

492 3717 557 3764 Nam
567 3717 635 3781 prius
643 3753 651 3775 ,
667 3726 716 3767 etc.

293 3796 296 3811 1
353 3819 530 3876 Callimachus
541 3821 580 3875 ait
593 3819 627 3874 de
640 3821 791 3894 Chalybum
800 3837 892 3895 gente,
903 3825 996 3897 fragm.
1007 3827 1061 3878 Vll
1071 3867 1078 3893 ,
1090 3845 1116 3898 p.
1128 3829 1176 3894 34¹
1188 3848 1194 3880 :

535 3966 723 3982 ..........
729 3933 850 3988 xattissou
866 3939 896 3996 ὡς
910 3938 1024 3990 declares
1038 3941 1122 4007 γένος,

490 4013 585 4068 Peteon
599 4015 746 4068 diametra
761 4017 835 4068 aaran
847 4017 918 4084 φυτὸν
930 4017 954 4068 ci
965 4037 1004 4086 μιν
1020 4019 1116 4087 i'ppuau.

351 4125 474 4178 Valerius
496 4124 565 4176 banc
583 4125 738 4178 sententiam
766 4128 839 4179 auxit
859 4127 1025 4200 ornavitque.
1046 4128 1158 4184 Ovidius
1178 4131 1245 4184 dixit
1265 4135 1427 4212 ingeniose,

352 4211 458 4264 Metam.
468 4208 495 4274 I,
510 4219 556 4266 141
567 4225 573 4258 :
586 4212 690 4276 Jamque
704 4212 892 4278 rroaensserrum
899 4213 1032 4280 ,fineque
1041 4217 1166 4266 nocentius
1175 4235 1274 4270 aunam.
