3192 5128
404 527 540 596 PETRI
565 527 814 599 BURMANNI
838 529 1107 622 DEDICATlO.
1200 553 1286 610 criu

352 655 557 728 Quinquagints
568 655 674 722 Asiam,
685 665 812 710 temerata
825 667 864 710 tot
876 674 998 728 equora,
1012 671 1120 724 nsntss,

393 743 603 816 Golcbiaoosque
615 761 669 796 nna
683 762 771 816 puppe
784 744 881 798 obiisse
893 743 985 809 sinus;

353 833 515 904 Terrigenas
524 831 620 886 stultus
633 830 723 885 credat
736 830 906 886 dedentibus
920 846 1005 902 ortos,

397 921 546 993 iugeraque
559 932 675 973 armatus
686 938 874 992 progenerasse
883 921 970 985 viros;

357 1008 517 1080 Pervigilem
530 1007 642 1079 magicis
654 1008 769 1080 sopitum
780 1008 902 1062 cantibus
915 1027 1043 1080 anguem,

395 1097 430 1149 Et
442 1097 515 1150 sanie
528 1095 663 1150 tumidum
676 1095 828 1169 deposuisse
841 1109 922 1170 caput
935 1116 943 1162 ;

359 1187 479 1241 Naribus
491 1185 618 1258 eripedes
631 1186 748 1240 flammas
762 1187 894 1242 vomuisse
905 1191 1045 1261 juvencos,

396 1275 431 1327 Et
443 1286 532 1328 tamen
544 1273 637 1328 efflatu
654 1292 708 1327 non
722 1274 844 1328 nocuisse
856 1273 933 1340 duob

359 1359 461 1416 ereda
474 1374 500 1416 et
512 1361 585 1414 hunc
598 1361 693 1414 rslidis
706 1372 837 1415 armatum
852 1360 926 1415 fulva
938 1363 1045 1416 venenis

396 1449 503 1503 Vellere
515 1449 643 1502 Mavortis
656 1449 802 1521 deripuisse
817 1448 909 1512 tholo;

362 1538 398 1592 Et
412 1555 471 1610 qne
483 1537 562 1610 plura
576 1536 630 1590 ilde
640 1576 650 1604 ,
662 1536 755 1591 frontis
767 1554 833 1608 gens
844 1536 915 1592 durs
926 1555 1039 1604 serm,

398 1626 528 1697 Truane
540 1625 730 1698 magistrorum
743 1625 839 1692 turbs,
851 1644 941 1680 carere
952 1626 1036 1698 jubet.
1110 1622 1112 1626 ’

363 1713 491 1768 Cedimus
506 1734 556 1782 en,
569 1726 695 1788 ratesque
709 1715 780 1768 ultro
793 1715 895 1787 majore
906 1715 1021 1769 lswmur

398 1801 526 1856 Credibili
539 1803 645 1858 blandis
657 1806 836 1876 composuisse
850 1803 938 1868 sonis,

362 1889 503 1945 Credimus
515 1891 640 1946 historica
652 1910 792 1964 nunquam
804 1911 853 1946 suu
867 1892 947 1946 verbs
960 1892 1054 1964 ligasse

397 1979 536 2051 Temporis
550 1977 585 2034 ad
600 1980 678 2046 certi,
690 1980 844 2051 relligione,
855 1978 944 2032 fldem.

364 2067 426 2120 Nou
436 2067 531 2140 ipsura
542 2079 630 2122 tamen
645 2067 727 2122 modo
738 2067 869 2122 delectare
879 2081 969 2140 poetas

398 2158 461 2211 Otia
473 2176 532 2230 que
544 2160 662 2230 possint,
675 2157 840 2212 concinuisse
853 2168 954 2228 putem.

365 2245 420 2299 Sed
432 2246 560 2301 lormusse
572 2247 651 2302 rudes
665 2246 764 2300 blando
775 2245 955 2300 modulamine
969 2259 1085 2310 mentes,

399 2337 471 2388 Dum
485 2336 596 2390 miscent
607 2335 701 2407 lepidis
714 2334 786 2390 dicta
799 2353 889 2388 severs
898 2335 974 2408 jocis.

364 2423 434 2476 Nam
449 2423 531 2477 modo
541 2424 678 2478 rnirsndss
691 2425 796 2478 Nature
811 2422 925 2496 pandere
939 2423 1027 2487 vires,

400 2513 549 2585 Sparsaque
561 2531 608 2585 per
618 2513 711 2567 celum
724 2512 826 2579 sideru,
836 2530 902 2566 cura
915 2512 973 2564 luit.

364 2597 433 2662 Quis
443 2597 524 2666 deus,
533 2599 656 2654 humanu
667 2617 726 2671 que
738 2599 815 2653 viset
831 2599 927 2650 mentis
940 2597 1027 2669 origo,

401 2685 492 2742 Prima
505 2688 574 2741 feros
587 2686 679 2740 docuit
692 2687 767 2740 Musa
782 2685 880 2741 diserta
894 2689 972 2738 viros.
1004 2713 1007 2724 ·

367 2773 476 2829 Semina
489 2777 537 2848 qui
548 2781 629 2842 recti,
643 2775 689 2846 qui
703 2775 804 2846 primm
817 2773 880 2845 jecit
892 2771 1013 2835 bonesti,

400 2862 515 2916 Numina
524 2862 572 2935 qui
585 2861 677 2915 docuit
688 2879 793 2914 summa
806 2860 899 2912 timere
912 2859 985 2930 pios,

366 2948 420 3015 Qui
433 2951 531 3022 patrius
545 2950 630 3004 vetuit
643 2948 714 3021 leges
726 2961 872 3010 sommare,
885 2947 998 3018 loroque

403 3037 456 3102 Qui
468 3038 574 3110 scripsit
586 3035 674 3108 rigido
683 3037 761 3108 jure,
779 3045 859 3107 poeta
872 3034 932 3087 fuit.
1118 3109 1119 3112 Ἴ

366 3126 502 3181 Ridiculus
515 3126 652 3193 nondum,
665 3125 814 3198 pannisque
826 3123 945 3177 hirsutus
958 3135 984 3177 et
997 3143 1058 3190 ore,

404 3215 547 3269 Misenum
560 3216 632 3270 fslsis
646 3214 771 3287 dogmata
783 3231 844 3266 vera
858 3212 976 3285 sophus;

370 3303 502 3358 Horridus
516 3305 620 3358 incerte
634 3303 755 3358 nondum
765 3301 910 3357 dictaverat
921 3302 984 3356 artis

401 3393 542 3466 ib'scipulis
555 3411 658 3465 semper
671 3393 736 3447 scits
748 3392 873 3447 novanda
884 3409 977 3458 senex;

367 3483 440 3536 Aura
450 3482 596 3536 suburbani
606 3481 727 3536 nondum
739 3481 833 3538 vitiose
845 3481 925 3554 Lycei

404 3569 519 3624 Palladis
530 3568 633 3624 afflarat
645 3581 718 3641 peste
730 3570 827 3624 latente
839 3566 967 3632 domum

369 3659 488 3714 Porticus
497 3658 592 3714 insano
603 3659 745 3712 resonabat
755 3675 894 3710 murmure
905 3655 1040 3722 nondum,

405 3748 512 3804 Scenica
526 3732 628 3802 nuruis
642 3765 691 3802 aec
710 3746 850 3802 simulscrs
863 3745 960 3809 debat3

369 3837 454 3892 Stulta
465 3855 516 3892 nec
527 3837 620 3892 Acteis
634 3838 766 3909 supientia
782 3835 886 3890 sederat
900 3835 1001 3900 bortis,

404 3926 556 3980 Abstulerat
568 3927 679 3981 summis
694 3945 744 3980 nec
758 3944 806 3980 sus
821 3929 879 3998 jure
894 3924 950 3978 deis
962 3942 970 3988 ς

369 4015 430 4068 Non
442 4014 522 4067 Canis
535 4031 614 4070 ausus
627 4025 697 4077 erat,
711 4013 757 4067 vili
770 4023 883 4066 centone
896 4011 1042 4082 superbus,

404 4100 560 4173 opprobriis
574 4103 658 4172 justos
673 4099 818 4154 dilacerare
832 4101 920 4164 viros3

371 4190 522 4245 Socraticus
534 4190 612 4246 sectis
622 4209 711 4262 neque
724 4208 788 4260 grex
803 4188 958 4242 distraxerat
971 4186 1063 4240 orbem

407 4279 537 4349 Millibus,
550 4292 576 4336 et
589 4298 672 4338 vanus
685 4279 813 4334 seditione
826 4278 949 4342 scholss3
