3116 5102
362 500 952 604 Nov11uo1ror1eN0rAE.
1122 511 1183 578 ³85
1257 483 1262 491 ’

161 625 197 678 V.
210 633 268 692 ¹49·
280 629 349 678 Dant
360 629 452 678 uirides
460 641 518 694 post
527 641 597 694 terga
610 630 688 679 lacus.
700 629 823 682 Tibareni
836 629 960 685 dicuntur
973 633 1126 706 Apollonio,
1138 637 1184 703 11,

127 707 195 775 377,
208 708 367 778 πολὺῤῥηνις,
387 705 462 776 egnie
478 703 658 770 abundantes,
675 705 745 760 unde
760 710 840 779 poerit
857 711 955 783 conjici
967 711 1038 765 hunc
1049 717 1184 787 regionem

126 790 200 861 aquis
212 800 238 842 et
247 789 351 859 peecuie
367 787 559 852 ebundurieee,
572 788 684 860 ideoque
696 793 788 843 uirides
806 791 880 846 lacus
888 795 998 848 Valerio
1012 795 1074 850 dici.

161 923 194 975 V.
216 941 275 993 197.
291 923 418 990 Totfieto,
430 937 465 974 tot
473 926 533 974 dure
540 926 700 992 properantia
709 926 791 975 rr'dera
797 930 893 993 pessis,

283 1010 380 1072 Phryxe
387 1045 395 1067 ,
403 1008 476 1076 save.

124 1122 211 1172 &dere
230 1137 286 1172 non
298 1131 361 1172 eunt
373 1120 436 1192 ipre
451 1117 589 1191 procelle,
605 1117 652 1173 eed
668 1132 737 1170 astra
746 1124 901 1187 procellosa:
913 1141 1027 1194 querum
1037 1123 1183 1183 dictionum

124 1201 268 1256 discrimen
281 1203 350 1258 inter
359 1215 496 1274 utrumque
506 1203 569 1256 lecit
579 1202 707 1275 Virgilius
718 1201 770 1256 lroc
783 1221 860 1257 versu
871 1241 880 1267 ‚
892 1203 988 1278 Georg.
999 1208 1025 1269 1,
1041 1210 1107 1274 311,
1120 1215 1187 1279 Quid

124 1299 274 1355 tempestates
287 1289 397 1342 mmai
410 1301 433 1338 et
442 1289 524 1338 eidem
537 1289 639 1338 dicam?
649 1317 684 1328 —
700 1291 767 1338 Dure
771 1290 939 1354 properantia.
955 1291 1047 1346 Sidere
1059 1314 1183 1349 nonnnn.

124 1385 203 1439 quern
213 1367 490 1438 dicunturproperarer
500 1370 537 1424 eic
546 1369 642 1440 Virgil.
652 1369 747 1441 Georg.
756 1369 798 1437 ΙΙ,
810 1371 858 1431 681
866 1409 873 1436 ,
881 1383 907 1424 et
916 1375 975 1426 AEn.
987 1374 1018 1438 1,
1028 1387 1095 1446 749:

294 1485 358 1544 Quid
370 1497 460 1533 tentum
469 1490 563 1534 Oceano
571 1499 691 1551 pmpererrt
700 1503 725 1536 ee
735 1489 825 1551 tingere
834 1492 894 1538 ecles

295 1563 398 1608 Μ.
443 1581 450 1592 .

124 1675 217 1728 Exetet
228 1676 257 1728 in
265 1675 339 1728 hunc
349 1675 439 1729 locum
449 1674 497 1730 cel.
506 1679 596 1728 Jacobs
606 1681 771 1750 conjecture,
779 1681 855 1752 cujue
864 1680 920 1733 htec
930 1692 990 1735 eunt
999 1682 1093 1736 rethe:
1105 1707 1116 1730 ι
1125 1683 1189 1736 Bur·

125 1776 239 1812 mannus
250 1771 398 1832 opportune
408 1761 569 1832 compererit
578 1759 718 1832 Virgilium
729 1801 736 1826 ,
748 1765 807 1815 AEn.
818 1762 856 1826 V,
870 1766 938 1835 ⁶²7²

296 1875 375 1932 Quum
387 1872 460 1927 frete,
476 1889 549 1936 quum
560 1883 634 1920 term
644 1889 736 1928 omnes,
749 1883 784 1920 tot
794 1875 910 1936 inhospita
921 1891 989 1932 texe,

296 1947 423 2010 Sidereque
435 1963 533 1996 emouere
544 1947 647 1995 ferimur.

125 2058 206 2112 Unde
217 2057 283 2132 quid
295 2058 329 2112 eit
337 2061 480 2128 siderapari
487 2058 624 2131 perspicue
635 2069 743 2129 eppei-et
751 2074 758 2120 ;
766 2059 821 2130 jem
831 2075 914 2128 quern
922 2059 1060 2129 prebebile
1070 2061 1104 2112 eit
1113 2099 1120 2124 ,
1128 2062 1183 2114 Va·

125 2142 220 2196 lorium
230 2141 305 2194 illum
315 2141 421 2214 Virgilii
429 2141 517 2194 locum
528 2153 589 2195 onte
597 2139 688 2194 carloe
701 2140 842 2204 hahnieee,
852 2159 912 2194 eum
925 2153 952 2194 et
961 2144 1072 2197 verbum
1080 2163 1185 2198 emerere

125 2226 280 2298 expreuiree
289 2225 408 2298 auspicor
418 2225 468 2280 eie:
482 2225 610 2293 Totsreta,
619 2239 655 2276 tot
663 2243 733 2276 eursu
738 2227 882 2293 properanti
890 2227 971 2276 sideru
978 2230 1071 2294 porris¹
1078 2231 1183 2293 Phryne,

120 2311 183 2372 sacre
190 2334 211 2362 ι.

167 2438 203 2490 V.
216 2457 274 2491 nro.
286 2443 394 2507 Etpater
402 2453 489 2490 aurato
503 2453 608 2504 quantus
615 2439 686 2505 jacet
695 2441 801 2488 Inachus
812 2436 1070 2491 antro—Valerium
1080 2437 1187 2513 aliquod

126 2535 344 2585 monumentum,
363 2520 434 2593 quod
452 2520 509 2590 ipre
522 2518 646 2586 ridieeet,
661 2518 788 2571 Inachum
808 2519 919 2581 scilicet,
936 2522 978 2574 vel
992 2522 1073 2574 alium
1092 2539 1185 2593 quem·

126 2601 198 2676 piem
216 2603 342 2667 flurium,
353 2623 401 2676 pro
419 2615 496 2656 entro
508 2608 650 2677 jacentem,
667 2619 788 2672 urneque
803 2601 940 2668 innixum,
954 2604 1006 2658 hoe
1018 2607 1077 2658 loco
1087 2605 1186 2659 decori.

126 2689 208 2759 peiore
229 2687 357 2761 conjici03
370 2697 455 2759 potest
473 2686 542 2740 antri
561 2685 665 2747 editoe,
685 2685 767 2738 immo
786 2693 872 2736 totum
888 2685 965 2738 etiem
983 2701 1183 2742 monumentum

125 2771 276 2826 innuretum
285 2772 372 2826 fuieee.
381 2771 449 2824 Nem
462 2788 529 2843 repe
538 2767 626 2824 videre
638 2779 694 2821 erat
706 2769 794 2820 nome
806 2785 860 2820 non
876 2768 954 2821 mode
967 2768 1108 2822 fluviorum
1118 2809 1126 2836 ,
1138 2771 1186 2826 red

126 2856 205 2909 etiam
216 2857 321 2909 urbium
334 2855 431 2927 ligures
443 2855 576 2908 mauretus
590 2851 629 2906 vel
649 2863 815 2922 muter,
828 2869 940 2922 querum
953 2852 1072 2922 prolecto
1084 2851 1185 2923 fulgore

126 2939 255 3011 triumphi
270 2957 366 3011 pompa
382 2939 473 2992 oculor
486 2936 557 3008 vulgi
570 2953 650 3008 quern
670 2935 782 2990 maxime
799 2933 989 3006 peretringeret.
1000 2935 1069 2988 Vide
1090 2937 1184 2990 Bnderi

126 3035 201 3078 noter
213 3025 240 3076 in
253 3025 324 3076 hunc
333 3023 420 3076 locum
429 3060 437 3086 ‚
447 3021 492 3075 ubi
501 3020 627 3074 Martialis
636 3019 758 3074 Rhenum
766 3018 910 3090 alloquitur
919 3019 1091 3091 ,Epigremm
1102 3019 1143 3086 Χ,
1155 3039 1184 3092 7:

342 3139 380 3185 Sic
391 3149 414 3185 et
424 3137 533 3184 cornibne
544 3151 628 3183 eureus
638 3135 748 3196 receptis,

324 3265 327 3270 ¹
339 3215 369 3260 Et
378 3216 495 3261 Romnum
506 3227 545 3259 eet
556 3221 654 3272 utreque
664 3211 724 3272 ripe.

131 3331 196 3386 Vide
209 3350 314 3405 qnoque
322 3332 406 3385 Tacit.
416 3333 485 3386 Arm.
496 3332 538 3396 11,
552 3338 600 3395 413
614 3328 691 3383 ovid.
701 3329 780 3383 Trist.
790 3329 840 3392 IV,
856 3348 870 3380 n
885 3365 892 3391 ,
904 3329 944 3397 37.
959 3329 1013 3381 Nec
1028 3347 1082 3383 non
1098 3347 1183 3401 opere

127 3416 241 3486 pretium
257 3415 305 3468 erit
318 3416 438 3470 conferre
454 3427 604 3488 sequentem
613 3413 718 3486 Virgilii
729 3414 835 3479 locum,
851 3430 930 3483 quem
942 3413 1030 3465 loreto
1047 3413 1082 3465 oh
1094 3412 1184 3465 oculor

127 3497 220 3552 habuit
229 3498 371 3562 Valerius,
385 3510 621 3552 commentatorum
631 3517 694 3551 vero
703 3495 791 3550 nullus
803 3495 932 3568 respexit,
943 3495 1038 3568 Georg.
1051 3497 1101 3559 IV,
1114 3498 1162 3568 371
1176 3514 1182 3548 :

294 3610 323 3656 Et
336 3607 426 3669 gemine
437 3617 529 3654 eurutne
542 3608 635 3654 teurino
646 3622 732 3654 cornua
744 3606 810 3652 vultu

295 3683 416 3728 Eridanus.

161 3783 196 3836 V.
209 3803 267 3836 m.
279 3789 394 3834 Proteum
403 3786 427 3834 irr
437 3803 535 3850 proram
550 3785 619 3834 rediit
631 3785 698 3834 rotis.
712 3813 745 3823 ·-
758 3782 801 3836 sic
815 3799 940 3833 converte
949 3780 1037 3846 narie,
1047 3792 1073 3834 et
1082 3780 1185 3834 videbe·

127 3879 170 3919 tur
179 3864 212 3919 ed
220 3884 367 3938 regressum
377 3877 480 3936 purete,
491 3879 515 3919 et
529 3865 686 3936 Argonautis
700 3863 802 3919 facilem
813 3881 947 3917 erceneum
961 3865 1107 3934 prebebat:
1122 3883 1184 3919 nem

126 3967 261 4003 emericum
274 3969 288 4002 a
301 3967 389 4022 puppe
399 3948 461 4001 'fleri
476 3948 579 4000 solitum
601 3947 680 4000 inisse
698 3947 739 4002 hie
757 3947 952 4000 demonstretur
970 3947 1092 4018 exemplir
1103 3965 1111 4000 :
1123 3951 1182 4000 AEn.

127 4033 235 4098 Vl,4:

300 4135 741 4149 .............................
747 4104 815 4149 litore
826 4117 901 4148 currae

296 4182 427 4226 Prtetenuet
440 4194 543 4241 prrppeer
553 4181 664 4240 juvenen
673 4193 754 4225 menne
763 4177 846 4224 emicet
856 4177 939 4224 erdem

301 4253 364 4299 Litne
375 4254 399 4300 in
410 4255 556 4316 llerperium.
940 4259 944 4270 '

215 4342 239 4403 Ι.
