3122 5126
291 458 477 529 AEGIDII
502 459 716 528 MASERII
741 459 796 528 IN
821 460 1008 530 ARGON.
1098 451 1182 532 xxm

97 588 193 651 virus
211 602 331 652 atrurn
346 589 456 678 lingua
473 587 671 654 diffundens.
685 588 726 652 Et
738 589 794 677 qui
806 589 912 676 primo
925 591 1050 678 parenti
1062 594 1183 658 malum

101 716 143 757 ex
155 693 285 758 arbore
293 694 471 784 legendum
482 694 650 783 persuasit,
659 692 758 758 modo
768 709 856 758 vetat
863 694 981 784 colligi,
994 698 1184 786 excerpique

103 821 144 862 ex
157 798 286 863 arbore
301 798 469 888 purissimi
486 799 602 888 agnelli
613 800 714 864 vellus
726 821 872 864 aureum.
886 798 986 865 Adest
1001 816 1108 866 tamen
1123 803 1187 868 lor·

105 905 210 986 tibus,
223 919 415 994 serpentem
431 905 579 968 mlcaneo
593 905 862 994 proterensrirgo
875 906 959 995 regis
974 908 1185 974 omnituentis

107 1009 194 1090 lilia,
203 1010 294 1099 regis
303 1059 313 1092 ,
323 1010 380 1098 qui
392 1010 594 1074 malonomos
605 1024 669 1091 est,
678 1026 780 1074 mater
787 1032 959 1099 generosa,
969 1010 1010 1075 ad
1018 1011 1184 1098 arborem,

108 1114 202 1180 unde
213 1138 323 1205 agnus
335 1115 509 1204 pependit,
521 1115 658 1204 gradum
672 1117 779 1180 nautis
791 1116 925 1198 faciens,
937 1140 1009 1205 quae
1021 1136 1185 1206 sperantes

18 1251 19 1276 1
109 1239 212 1311 portu
232 1239 386 1311 reseptos
408 1244 614 1310 nequaquam
640 1221 768 1287 deserit.
795 1223 854 1287 Est
878 1245 917 1286 ea
940 1225 1125 1289 eommunis
1153 1242 1185 1290 et

18 1383 20 1398 ,
110 1329 188 1392 trita
198 1328 378 1392 bominum
388 1329 439 1391 via
448 1327 509 1392 sub
519 1328 658 1392 honesto
669 1349 804 1416 poeseos
811 1326 966 1418 figmento
974 1331 1185 1418 velata,quam
1196 1345 1199 1352 '

111 1435 177 1499 sub
193 1435 312 1499 militia
328 1436 470 1500 terrestri
486 1457 577 1524 reges
594 1433 748 1524 effigiant.
772 1434 856 1500 Sunt
871 1458 1027 1525 namque,
1044 1439 1101 1526 qui
1125 1461 1184 1526 pe·

112 1541 212 1606 dibus
228 1540 489 1630 proficiscentes,
506 1563 582 1605 cum
601 1539 759 1629 Dionysio
778 1557 811 1604 et
826 1540 975 1629 Apolline
995 1558 1094 1607 terras
1114 1544 1183 1608 ool·

18 1677 20 1740 ζ
113 1649 275 1728 lustrant3
294 1646 461 1736 Pythonas
475 1663 508 1710 et
522 1663 667 1730 monstra
680 1644 811 1710 eaedunt
824 1645 1065 1736 domitantque,
1078 1665 1185 1738 tyran·

18 1749 19 1756 '
116 1751 227 1817 uidem
257 1753 455 1841 exstirpant,
477 1755 619 1818 relevant
643 1774 831 1841 oppressos,
852 1767 1021 1842 terreaque
1042 1756 1182 1842 experti,

18 1855 19 1874 ³
120 1859 229 1946 requie
243 1859 365 1923 caelesti
385 1875 417 1923 et
431 1859 550 1947 pabulo
566 1858 753 1948 dignantur,
768 1858 867 1939 Sunt,
881 1860 938 1946 qui
952 1882 1026 1922 cum
1043 1861 1182 1925 Hercule

119 1986 239 2027 norum
253 1963 429 2054 navigandi
444 1986 545 2053 genus
560 1963 621 2027 sub
638 1962 897 2027 anachoritarum
912 1964 1015 2028 sonna
1027 1967 1183 2054 aggressi,
1266 2033 1267 2036 Ἴ

117 2069 329 2134 solitudinem
340 2068 506 2161 deligunt,
520 2090 580 2157 pro
596 2068 705 2132 lembo
718 2068 870 2156 publico,
884 2069 976 2133 tenui
988 2071 1111 2158 scypho
1125 2095 1183 2136 seu

115 2177 221 2240 lebete
240 2191 393 2256 utentes,
419 2175 558 2262 malique
579 2174 793 2264 praealtissimi
814 2175 907 2256 loeo,
924 2175 1103 2258 humilem,
1125 2177 1182 2242 sed

116 2279 344 2362 durissimam,
359 2281 488 2369 erigunt
500 2280 620 2343 clavam
631 2302 640 2360 ;
651 2301 712 2367 pro
725 2277 918 2343 rudentibus
931 2281 1139 2372 cannabaceis
1150 2299 1184 2347 et
1250 2317 1251 2322 1

115 2385 316 2467 fractilibus,
330 2407 446 2449 nervos
460 2385 618 2473 fortiaque
631 2385 788 2472 pharetrae
799 2385 867 2449 lora
877 2385 1078 2474 protendunt
1088 2411 1097 2469 3
1109 2389 1181 2454 salis

115 2492 213 2572 hujus
236 2491 429 2555 amarissimi
456 2491 564 2575 saeces,
586 2489 801 2579 evanidasque
828 2515 978 2580 spumas,
993 2515 1060 2557 non
1086 2494 1182 2558 remis

116 2597 323 2686 ingentibus,
340 2595 398 2660 sed
422 2619 499 2660 arcu
524 2612 557 2660 et
578 2596 700 2684 sagittis
724 2597 890 2678 excitatas,
912 2613 1123 2686 praetereunt,
1151 2616 1184 2665 et

116 2700 225 2762 velum
249 2699 356 2763 ventis
374 2697 538 2762 tumidum
554 2697 780 2775 demittentes,
795 2721 862 2762 non
881 2699 1001 2781 leonis,
1018 2699 1075 2762 sed
1091 2721 1183 2764 suam

117 2805 234 2892 pellem
259 2803 459 2892 expandunt.
483 2805 610 2868 Horum
633 2803 751 2866 auxilio
771 2804 936 2892 Erythraea
953 2805 1084 2892 petitur.
1112 2807 1184 2869 Tri·

118 2930 238 2999 corpor
262 2910 422 2975 Geriones
447 2911 631 2999 tricepsque
656 2909 763 2972 bobus
788 2909 953 2997 spoliatur.
979 2912 1128 2975 Invenies
1151 2929 1184 2976 et

118 3017 174 3103 qui
192 3039 272 3080 cum
297 3015 415 3079 Perseo
444 3016 613 3079 sublimius
634 3017 697 3078 alas
719 3015 881 3102 quatiant,
903 3036 985 3102 quos
1003 3015 1183 3104 Phorcyni—

118 3117 197 3184 dum
213 3121 342 3202 talaria,
355 3120 490 3197 nibisis,
506 3121 648 3209 Orcique
665 3121 752 3211 galea
766 3120 920 3184 muniunt
935 3118 1105 3184 adversum
1120 3137 1185 3185 tres

119 3225 292 3314 Gorgonas
315 3225 386 3314 (rel
400 3225 510 3290 Furias
524 3227 633 3314 potius
648 3225 787 3312 dixeris)
807 3225 943 3290 Palladis
961 3226 1104 3314 auspicio
1118 3249 1184 3290 eer-

119 3349 254 3398 taturos.
270 3331 423 3416 Quidam,
438 3356 511 3397 aera
522 3334 690 3397 temerarie
707 3331 887 3396 scindentes
904 3331 979 3396 curn
993 3333 1102 3415 Icaro,
1121 3356 1187 3397 me·

119 3439 190 3503 dios
212 3439 403 3526 relinquunt
423 3455 564 3522 tractus,
592 3457 625 3502 et
650 3462 725 3503 cum
752 3439 890 3503 maximo
914 3455 1005 3504 terrae
1027 3439 1186 3504 desiderio

120 3545 203 3610 Solis
213 3543 365 3610 ardorem
378 3567 451 3610 sero
462 3545 633 3610 devovent.
649 3545 708 3608 alii
722 3545 821 3608 nimia
834 3539 969 3610 flatuum
986 3545 1186 3634 indulgentia

120 3651 210 3734 freti,
224 3651 283 3714 ubi
300 3650 341 3715 ad
357 3674 493 3740 scopum
509 3668 642 3717 rentum
660 3669 723 3734 est,
745 3651 818 3740 plus
835 3651 1074 3734 amaritudinis,
1089 3675 1186 3741 quarn

120 3759 207 3822 aurei
225 3757 364 3845 liquoris
384 3758 549 3822 hauriunt.
568 3756 737 3838 Ejusmodi
758 3772 805 3821 est
823 3757 1031 3845 navigationis
1046 3759 1185 3845 species,

120 3865 166 3929 vir
185 3863 464 3954 prudentissime,
487 3865 541 3928 eui
568 3880 710 3929 nostram
736 3863 904 3953 phaselum
930 3864 1109 3928 onerariam
1125 3865 1189 3928 Va·

120 3970 246 4036 lesionis
275 3968 464 4033 defunctam
485 3969 583 4034 undis
615 3969 729 4033 offero.
767 3971 857 4032 lnter
884 3969 963 4032 alios
994 3971 1082 4033 enim
1107 3970 1192 4036 mihi

120 4075 248 4168 dignior·
271 4077 362 4140 visus
385 4099 437 4158 es,
451 4078 504 4141 cui
527 4077 688 4141 dicaretur
716 4093 826 4140 nostra
853 4075 1072 4141 elucubratio:
1087 4099 1188 4162 quum

117 4183 232 4264 Petro,
248 4182 366 4272 primae
386 4183 475 4247 navis
489 4182 679 4247 Christianae
694 4181 907 4264 moderatori,
922 4182 1066 4248 Sarcellis
1079 4203 1196 4246 succes
