<?xml version="1.0" encoding="UTF-8"?>
<!DOCTYPE html PUBLIC "-//W3C//DTD XHTML 1.0 Transitional//EN"
    "http://www.w3.org/TR/xhtml1/DTD/xhtml1-transitional.dtd">
<html xmlns="http://www.w3.org/1999/xhtml" xml:lang="en" lang="en">
 <head>
  <title>
</title>
<meta http-equiv="Content-Type" content="text/html;charset=utf-8" />
  <meta name='ocr-system' content='tesseract 3.04.00' />
  <meta name='ocr-capabilities' content='ocr_page ocr_carea ocr_par ocr_line ocrx_word'/>
</head>
<body>
  <div class='ocr_page' id='page_1' title='image "./cvaleriiflaccis00apolgoog_0081.png"; bbox 0 0 3192 5128; ppageno 0'>
   <div class='ocr_carea' id='block_1_1' title="bbox 385 513 1342 588">
    <p class='ocr_par' dir='ltr' id='par_1_1' title="bbox 385 513 1342 588">
     <span class='ocr_line' id='line_1_1' title="bbox 385 513 1342 588; baseline 0.006 -6"><span class='ocrx_word' id='word_1_1' title='bbox 385 537 454 584; x_wconf 82' lang='lat' dir='ltr'>txx</span> <span class='ocrx_word' id='word_1_2' title='bbox 512 513 911 582; x_wconf 86' lang='lat' dir='ltr'><strong>EXPEDITIONIS</strong></span> <span class='ocrx_word' id='word_1_3' title='bbox 943 513 1342 588; x_wconf 78' lang='lat' dir='ltr'>ARGONAUTICAE</span> 
     </span>
    </p>
   </div>
   <div class='ocr_carea' id='block_1_2' title="bbox 382 641 1525 2000">
    <p class='ocr_par' dir='ltr' id='par_1_2' title="bbox 382 641 1525 2000">
     <span class='ocr_line' id='line_1_2' title="bbox 384 641 1456 737; baseline 0.007 -27"><span class='ocrx_word' id='word_1_4' title='bbox 384 643 500 727; x_wconf 88' lang='lat' dir='ltr'>simul,</span> <span class='ocrx_word' id='word_1_5' title='bbox 511 660 544 710; x_wconf 92' lang='lat' dir='ltr'>et</span> <span class='ocrx_word' id='word_1_6' title='bbox 555 641 751 734; x_wconf 81' lang='lat' dir='ltr'>quibusdam</span> <span class='ocrx_word' id='word_1_7' title='bbox 768 645 929 709; x_wconf 85' lang='lat' dir='ltr'>amatoriis</span> <span class='ocrx_word' id='word_1_8' title='bbox 945 647 1160 726; x_wconf 80' lang='lat' dir='ltr'><strong>carminibus,</strong></span> <span class='ocrx_word' id='word_1_9' title='bbox 1177 669 1250 735; x_wconf 78' lang='lat' dir='ltr'>quae</span> <span class='ocrx_word' id='word_1_10' title='bbox 1264 648 1333 737; x_wconf 87' lang='lat' dir='ltr'>ipsa</span> <span class='ocrx_word' id='word_1_11' title='bbox 1344 651 1456 717; x_wconf 84' lang='lat' dir='ltr'>Venus</span> 
     </span>
     <span class='ocr_line' id='line_1_3' title="bbox 386 749 1453 841; baseline 0.007 -26"><span class='ocrx_word' id='word_1_12' title='bbox 386 749 518 832; x_wconf 92' lang='lat' dir='ltr'>docuit,</span> <span class='ocrx_word' id='word_1_13' title='bbox 552 749 701 814; x_wconf 83' lang='lat' dir='ltr'><strong>Medeam</strong></span> <span class='ocrx_word' id='word_1_14' title='bbox 732 772 842 815; x_wconf 90' lang='lat' dir='ltr'>amore</span> <span class='ocrx_word' id='word_1_15' title='bbox 867 750 907 816; x_wconf 88' lang='lat' dir='ltr'>ad</span> <span class='ocrx_word' id='word_1_16' title='bbox 933 752 1091 816; x_wconf 88' lang='lat' dir='ltr'>insaniam</span> <span class='ocrx_word' id='word_1_17' title='bbox 1119 775 1225 841; x_wconf 83' lang='lat' dir='ltr'>usque</span> <span class='ocrx_word' id='word_1_18' title='bbox 1253 755 1453 824; x_wconf 88' lang='lat' dir='ltr'>accenderet.</span> 
     </span>
     <span class='ocr_line' id='line_1_4' title="bbox 385 854 1456 948; baseline 0.006 -28"><span class='ocrx_word' id='word_1_19' title='bbox 385 854 486 939; x_wconf 90' lang='lat' dir='ltr'>Quod</span> <span class='ocrx_word' id='word_1_20' title='bbox 503 878 605 943; x_wconf 89' lang='lat' dir='ltr'>quum</span> <span class='ocrx_word' id='word_1_21' title='bbox 620 855 762 938; x_wconf 80' lang='lat' dir='ltr'>fecisset,</span> <span class='ocrx_word' id='word_1_22' title='bbox 776 855 827 918; x_wconf 91' lang='lat' dir='ltr'>illa</span> <span class='ocrx_word' id='word_1_23' title='bbox 842 878 952 920; x_wconf 88' lang='lat' dir='ltr'>amore</span> <span class='ocrx_word' id='word_1_24' title='bbox 968 873 1134 945; x_wconf 87' lang='lat' dir='ltr'>correpta,</span> <span class='ocrx_word' id='word_1_25' title='bbox 1149 881 1245 922; x_wconf 89' lang='lat' dir='ltr'>suum</span> <span class='ocrx_word' id='word_1_26' title='bbox 1261 860 1291 924; x_wconf 89' lang='lat' dir='ltr'>ei</span> <span class='ocrx_word' id='word_1_27' title='bbox 1306 862 1456 948; x_wconf 87' lang='lat' dir='ltr'><strong>promisit</strong></span> 
     </span>
     <span class='ocr_line' id='line_1_5' title="bbox 384 959 1455 1053; baseline 0.005 -27"><span class='ocrx_word' id='word_1_28' title='bbox 384 962 556 1042; x_wconf 85' lang='lat' dir='ltr'>auxilium,</span> <span class='ocrx_word' id='word_1_29' title='bbox 575 983 613 1024; x_wconf 87' lang='lat' dir='ltr'>ac</span> <span class='ocrx_word' id='word_1_30' title='bbox 631 961 739 1025; x_wconf 85' lang='lat' dir='ltr'>statim</span> <span class='ocrx_word' id='word_1_31' title='bbox 753 959 869 1025; x_wconf 87' lang='lat' dir='ltr'>herbas</span> <span class='ocrx_word' id='word_1_32' title='bbox 883 960 1055 1026; x_wconf 86' lang='lat' dir='ltr'>medicatas</span> <span class='ocrx_word' id='word_1_33' title='bbox 1068 979 1101 1026; x_wconf 89' lang='lat' dir='ltr'>et</span> <span class='ocrx_word' id='word_1_34' title='bbox 1117 963 1290 1051; x_wconf 88' lang='lat' dir='ltr'>pharmaca</span> <span class='ocrx_word' id='word_1_35' title='bbox 1306 966 1455 1053; x_wconf 75' lang='lat' dir='ltr'>quaedam</span> 
     </span>
     <span class='ocr_line' id='line_1_6' title="bbox 384 1068 1456 1161; baseline 0.003 -28"><span class='ocrx_word' id='word_1_36' title='bbox 384 1068 492 1151; x_wconf 86' lang='lat' dir='ltr'>dedit,</span> <span class='ocrx_word' id='word_1_37' title='bbox 511 1068 630 1155; x_wconf 91' lang='lat' dir='ltr'>quibus</span> <span class='ocrx_word' id='word_1_38' title='bbox 648 1091 667 1130; x_wconf 89' lang='lat' dir='ltr'>a</span> <span class='ocrx_word' id='word_1_39' title='bbox 685 1083 855 1132; x_wconf 88' lang='lat' dir='ltr'>taurorum</span> <span class='ocrx_word' id='word_1_40' title='bbox 879 1068 955 1158; x_wconf 88' lang='lat' dir='ltr'>igne</span> <span class='ocrx_word' id='word_1_41' title='bbox 977 1084 1068 1134; x_wconf 89' lang='lat' dir='ltr'>tutus</span> <span class='ocrx_word' id='word_1_42' title='bbox 1091 1085 1190 1152; x_wconf 74' lang='lat' dir='ltr'>esset,</span> <span class='ocrx_word' id='word_1_43' title='bbox 1217 1086 1250 1134; x_wconf 92' lang='lat' dir='ltr'>et</span> <span class='ocrx_word' id='word_1_44' title='bbox 1274 1094 1351 1135; x_wconf 91' lang='lat' dir='ltr'>eum</span> <span class='ocrx_word' id='word_1_45' title='bbox 1375 1071 1456 1161; x_wconf 87' lang='lat' dir='ltr'>quid</span> 
     </span>
     <span class='ocr_line' id='line_1_7' title="bbox 383 1171 1454 1265; baseline 0.004 -26"><span class='ocrx_word' id='word_1_46' title='bbox 383 1173 546 1265; x_wconf 88' lang='lat' dir='ltr'>agendum</span> <span class='ocrx_word' id='word_1_47' title='bbox 566 1189 649 1237; x_wconf 90' lang='lat' dir='ltr'>esset</span> <span class='ocrx_word' id='word_1_48' title='bbox 665 1171 787 1238; x_wconf 91' lang='lat' dir='ltr'>docuit.</span> <span class='ocrx_word' id='word_1_49' title='bbox 804 1173 862 1237; x_wconf 92' lang='lat' dir='ltr'>Ille</span> <span class='ocrx_word' id='word_1_50' title='bbox 875 1171 1003 1238; x_wconf 88' lang='lat' dir='ltr'>AEetam</span> <span class='ocrx_word' id='word_1_51' title='bbox 1022 1175 1195 1258; x_wconf 87' lang='lat' dir='ltr'>convenit,</span> <span class='ocrx_word' id='word_1_52' title='bbox 1219 1199 1256 1241; x_wconf 87' lang='lat' dir='ltr'>ac</span> <span class='ocrx_word' id='word_1_53' title='bbox 1272 1178 1374 1242; x_wconf 85' lang='lat' dir='ltr'>vellus</span> <span class='ocrx_word' id='word_1_54' title='bbox 1391 1201 1454 1243; x_wconf 91' lang='lat' dir='ltr'>au·</span> 
     </span>
     <span class='ocr_line' id='line_1_8' title="bbox 383 1278 1455 1370; baseline 0.004 -26"><span class='ocrx_word' id='word_1_55' title='bbox 383 1303 475 1344; x_wconf 89' lang='lat' dir='ltr'>reum</span> <span class='ocrx_word' id='word_1_56' title='bbox 500 1278 666 1367; x_wconf 71' lang='lat' dir='ltr'>poposcit,</span> <span class='ocrx_word' id='word_1_57' title='bbox 687 1278 778 1366; x_wconf 90' lang='lat' dir='ltr'>quod</span> <span class='ocrx_word' id='word_1_58' title='bbox 797 1278 907 1344; x_wconf 87' lang='lat' dir='ltr'>AEetas</span> <span class='ocrx_word' id='word_1_59' title='bbox 925 1301 960 1343; x_wconf 87' lang='lat' dir='ltr'>se</span> <span class='ocrx_word' id='word_1_60' title='bbox 980 1278 1133 1346; x_wconf 84' lang='lat' dir='ltr'>daturum</span> <span class='ocrx_word' id='word_1_61' title='bbox 1151 1297 1200 1347; x_wconf 90' lang='lat' dir='ltr'>est</span> <span class='ocrx_word' id='word_1_62' title='bbox 1219 1283 1400 1370; x_wconf 85' lang='lat' dir='ltr'>pollicitus,</span> <span class='ocrx_word' id='word_1_63' title='bbox 1428 1285 1455 1348; x_wconf 92' lang='lat' dir='ltr'>si</span> 
     </span>
     <span class='ocr_line' id='line_1_9' title="bbox 382 1372 1525 1474; baseline 0.003 -24"><span class='ocrx_word' id='word_1_64' title='bbox 382 1403 492 1451; x_wconf 88' lang='lat' dir='ltr'>tauros</span> <span class='ocrx_word' id='word_1_65' title='bbox 507 1387 656 1474; x_wconf 81' lang='lat' dir='ltr'>ingentes</span> <span class='ocrx_word' id='word_1_66' title='bbox 670 1381 812 1448; x_wconf 86' lang='lat' dir='ltr'>dammas</span> <span class='ocrx_word' id='word_1_67' title='bbox 826 1407 883 1448; x_wconf 89' lang='lat' dir='ltr'>ore</span> <span class='ocrx_word' id='word_1_68' title='bbox 894 1392 928 1449; x_wconf 88' lang='lat' dir='ltr'>et</span> <span class='ocrx_word' id='word_1_69' title='bbox 937 1385 1069 1449; x_wconf 83' lang='lat' dir='ltr'>naribus</span> <span class='ocrx_word' id='word_1_70' title='bbox 1081 1403 1266 1451; x_wconf 78' lang='lat' dir='ltr'>evomentes</span> <span class='ocrx_word' id='word_1_71' title='bbox 1276 1387 1452 1472; x_wconf 85' lang='lat' dir='ltr'>junxisset,</span> <span class='ocrx_word' id='word_1_72' title='bbox 1521 1372 1525 1378; x_wconf 43' lang='grc'><strong><em>’</em></strong></span> 
     </span>
     <span class='ocr_line' id='line_1_10' title="bbox 383 1489 1451 1582; baseline 0.003 -27"><span class='ocrx_word' id='word_1_73' title='bbox 383 1508 480 1579; x_wconf 88' lang='lat' dir='ltr'>atque</span> <span class='ocrx_word' id='word_1_74' title='bbox 498 1489 627 1573; x_wconf 90' lang='lat' dir='ltr'>dentes,</span> <span class='ocrx_word' id='word_1_75' title='bbox 647 1512 730 1578; x_wconf 88' lang='lat' dir='ltr'>quos</span> <span class='ocrx_word' id='word_1_76' title='bbox 744 1490 813 1578; x_wconf 90' lang='lat' dir='ltr'>ipse</span> <span class='ocrx_word' id='word_1_77' title='bbox 827 1489 937 1572; x_wconf 89' lang='lat' dir='ltr'>daret,</span> <span class='ocrx_word' id='word_1_78' title='bbox 950 1491 1154 1574; x_wconf 80' lang='lat' dir='ltr'>seminasset,</span> <span class='ocrx_word' id='word_1_79' title='bbox 1170 1493 1386 1582; x_wconf 87' lang='lat' dir='ltr'>hominesque</span> <span class='ocrx_word' id='word_1_80' title='bbox 1398 1519 1451 1560; x_wconf 92' lang='lat' dir='ltr'>ar-</span> 
     </span>
     <span class='ocr_line' id='line_1_11' title="bbox 383 1593 1452 1683; baseline 0.005 -23"><span class='ocrx_word' id='word_1_81' title='bbox 383 1611 505 1678; x_wconf 87' lang='lat' dir='ltr'>matos,</span> <span class='ocrx_word' id='word_1_82' title='bbox 521 1595 579 1683; x_wconf 89' lang='lat' dir='ltr'>qui</span> <span class='ocrx_word' id='word_1_83' title='bbox 596 1593 674 1659; x_wconf 90' lang='lat' dir='ltr'>inde</span> <span class='ocrx_word' id='word_1_84' title='bbox 697 1595 909 1682; x_wconf 83' lang='lat' dir='ltr'>pullularent,</span> <span class='ocrx_word' id='word_1_85' title='bbox 927 1595 1065 1663; x_wconf 86' lang='lat' dir='ltr'>vicisset.</span> <span class='ocrx_word' id='word_1_86' title='bbox 1092 1598 1174 1679; x_wconf 84' lang='lat' dir='ltr'>Quoe</span> <span class='ocrx_word' id='word_1_87' title='bbox 1199 1599 1311 1663; x_wconf 88' lang='lat' dir='ltr'>omnia</span> <span class='ocrx_word' id='word_1_88' title='bbox 1332 1602 1452 1683; x_wconf 83' lang='lat' dir='ltr'>lason,</span> 
     </span>
     <span class='ocr_line' id='line_1_12' title="bbox 384 1700 1452 1794; baseline 0.005 -28"><span class='ocrx_word' id='word_1_89' title='bbox 384 1700 500 1766; x_wconf 81' lang='lat' dir='ltr'>Medea</span> <span class='ocrx_word' id='word_1_90' title='bbox 514 1700 713 1788; x_wconf 84' lang='lat' dir='ltr'>opitulante,</span> <span class='ocrx_word' id='word_1_91' title='bbox 731 1723 808 1764; x_wconf 93' lang='lat' dir='ltr'>cum</span> <span class='ocrx_word' id='word_1_92' title='bbox 819 1723 948 1766; x_wconf 91' lang='lat' dir='ltr'>summa</span> <span class='ocrx_word' id='word_1_93' title='bbox 958 1724 1017 1766; x_wconf 87' lang='lat' dir='ltr'>aua</span> <span class='ocrx_word' id='word_1_94' title='bbox 1031 1702 1127 1767; x_wconf 85' lang='lat' dir='ltr'>laude</span> <span class='ocrx_word' id='word_1_95' title='bbox 1143 1719 1175 1768; x_wconf 91' lang='lat' dir='ltr'>et</span> <span class='ocrx_word' id='word_1_96' title='bbox 1193 1705 1293 1794; x_wconf 88' lang='lat' dir='ltr'>gloria</span> <span class='ocrx_word' id='word_1_97' title='bbox 1307 1705 1452 1793; x_wconf 85' lang='lat' dir='ltr'>perfecit.</span> 
     </span>
     <span class='ocr_line' id='line_1_13' title="bbox 383 1807 1452 1901; baseline 0.004 -29"><span class='ocrx_word' id='word_1_98' title='bbox 383 1807 492 1872; x_wconf 84' lang='lat' dir='ltr'>AEetas</span> <span class='ocrx_word' id='word_1_99' title='bbox 515 1823 623 1870; x_wconf 86' lang='lat' dir='ltr'>tamen</span> <span class='ocrx_word' id='word_1_100' title='bbox 642 1807 744 1871; x_wconf 85' lang='lat' dir='ltr'>vellus</span> <span class='ocrx_word' id='word_1_101' title='bbox 763 1827 899 1871; x_wconf 88' lang='lat' dir='ltr'>aureum</span> <span class='ocrx_word' id='word_1_102' title='bbox 915 1809 1058 1898; x_wconf 86' lang='lat' dir='ltr'>negavit,</span> <span class='ocrx_word' id='word_1_103' title='bbox 1074 1831 1112 1872; x_wconf 91' lang='lat' dir='ltr'>ac</span> <span class='ocrx_word' id='word_1_104' title='bbox 1134 1807 1175 1873; x_wconf 92' lang='lat' dir='ltr'>de</span> <span class='ocrx_word' id='word_1_105' title='bbox 1191 1812 1452 1901; x_wconf 79' lang='lat' dir='ltr'>Argonautarum</span> 
     </span>
     <span class='ocr_line' id='line_1_14' title="bbox 384 1912 746 2000; baseline 0 -23"><span class='ocrx_word' id='word_1_106' title='bbox 384 1913 471 1979; x_wconf 80' lang='lat' dir='ltr'>caede</span> <span class='ocrx_word' id='word_1_107' title='bbox 487 1928 622 1977; x_wconf 87' lang='lat' dir='ltr'>tractare</span> <span class='ocrx_word' id='word_1_108' title='bbox 639 1912 746 2000; x_wconf 89' lang='lat' dir='ltr'>coepit.</span> 
     </span>
    </p>
   </div>
   <div class='ocr_carea' id='block_1_3' title="bbox 725 2096 1106 2185">
    <p class='ocr_par' dir='ltr' id='par_1_3' title="bbox 725 2096 1106 2185">
     <span class='ocr_line' id='line_1_15' title="bbox 725 2096 1106 2185; baseline 0.016 -28"><span class='ocrx_word' id='word_1_109' title='bbox 725 2096 773 2158; x_wconf 89' lang='lat' dir='ltr'>De</span> <span class='ocrx_word' id='word_1_110' title='bbox 791 2099 938 2185; x_wconf 82' lang='lat' dir='ltr'>serpentis</span> <span class='ocrx_word' id='word_1_111' title='bbox 952 2097 1106 2163; x_wconf 80' lang='lat' dir='ltr'>dentibus.</span> 
     </span>
    </p>
   </div>
   <div class='ocr_carea' id='block_1_4' title="bbox 382 2274 1455 3428">
    <p class='ocr_par' dir='ltr' id='par_1_4' title="bbox 382 2274 1455 3428">
     <span class='ocr_line' id='line_1_16' title="bbox 427 2274 1453 2363; baseline 0.002 -18"><span class='ocrx_word' id='word_1_112' title='bbox 427 2282 530 2346; x_wconf 85' lang='lat' dir='ltr'>Erant</span> <span class='ocrx_word' id='word_1_113' title='bbox 544 2290 652 2342; x_wconf 88' lang='lat' dir='ltr'>autern</span> <span class='ocrx_word' id='word_1_114' title='bbox 672 2274 804 2356; x_wconf 86' lang='lat' dir='ltr'>dentes,</span> <span class='ocrx_word' id='word_1_115' title='bbox 827 2298 909 2363; x_wconf 90' lang='lat' dir='ltr'>quos</span> <span class='ocrx_word' id='word_1_116' title='bbox 928 2279 1026 2341; x_wconf 82' lang='lat' dir='ltr'>lason</span> <span class='ocrx_word' id='word_1_117' title='bbox 1045 2275 1233 2363; x_wconf 88' lang='lat' dir='ltr'>seminavit,</span> <span class='ocrx_word' id='word_1_118' title='bbox 1257 2304 1326 2344; x_wconf 90' lang='lat' dir='ltr'>non</span> <span class='ocrx_word' id='word_1_119' title='bbox 1349 2304 1388 2346; x_wconf 88' lang='lat' dir='ltr'>ex</span> <span class='ocrx_word' id='word_1_120' title='bbox 1413 2305 1453 2346; x_wconf 92' lang='lat' dir='ltr'>eo</span> 
     </span>
     <span class='ocr_line' id='line_1_17' title="bbox 383 2378 1454 2474; baseline -0.001 -22"><span class='ocrx_word' id='word_1_121' title='bbox 383 2400 554 2474; x_wconf 86' lang='lat' dir='ltr'>serpente,</span> <span class='ocrx_word' id='word_1_122' title='bbox 573 2378 630 2470; x_wconf 91' lang='lat' dir='ltr'>qui</span> <span class='ocrx_word' id='word_1_123' title='bbox 646 2381 747 2446; x_wconf 86' lang='lat' dir='ltr'>vellus</span> <span class='ocrx_word' id='word_1_124' title='bbox 766 2381 801 2446; x_wconf 88' lang='lat' dir='ltr'>in</span> <span class='ocrx_word' id='word_1_125' title='bbox 818 2380 933 2446; x_wconf 88' lang='lat' dir='ltr'>arbore</span> <span class='ocrx_word' id='word_1_126' title='bbox 949 2404 1143 2471; x_wconf 92' lang='lat' dir='ltr'>suspensum</span> <span class='ocrx_word' id='word_1_127' title='bbox 1159 2384 1381 2469; x_wconf 85' lang='lat' dir='ltr'>custodiebat,</span> <span class='ocrx_word' id='word_1_128' title='bbox 1395 2387 1454 2451; x_wconf 88' lang='lat' dir='ltr'>sed</span> 
     </span>
     <span class='ocr_line' id='line_1_18' title="bbox 384 2484 1455 2576; baseline 0 -20"><span class='ocrx_word' id='word_1_129' title='bbox 384 2516 423 2556; x_wconf 88' lang='lat' dir='ltr'>ex</span> <span class='ocrx_word' id='word_1_130' title='bbox 440 2514 496 2572; x_wconf 89' lang='lat' dir='ltr'>eo,</span> <span class='ocrx_word' id='word_1_131' title='bbox 510 2511 608 2576; x_wconf 90' lang='lat' dir='ltr'>quem</span> <span class='ocrx_word' id='word_1_132' title='bbox 619 2484 761 2552; x_wconf 83' lang='lat' dir='ltr'>Cadmus</span> <span class='ocrx_word' id='word_1_133' title='bbox 773 2487 808 2551; x_wconf 87' lang='lat' dir='ltr'>in</span> <span class='ocrx_word' id='word_1_134' title='bbox 822 2487 944 2552; x_wconf 86' lang='lat' dir='ltr'>Boeotia</span> <span class='ocrx_word' id='word_1_135' title='bbox 958 2487 1174 2555; x_wconf 86' lang='lat' dir='ltr'>interemerat.</span> <span class='ocrx_word' id='word_1_136' title='bbox 1186 2489 1217 2554; x_wconf 91' lang='lat' dir='ltr'>N</span> <span class='ocrx_word' id='word_1_137' title='bbox 1219 2514 1271 2554; x_wconf 87' lang='lat' dir='ltr'>am</span> <span class='ocrx_word' id='word_1_138' title='bbox 1283 2508 1321 2556; x_wconf 92' lang='lat' dir='ltr'>ut</span> <span class='ocrx_word' id='word_1_139' title='bbox 1331 2493 1455 2556; x_wconf 85' lang='lat' dir='ltr'>Phere-</span> 
     </span>
     <span class='ocr_line' id='line_1_19' title="bbox 384 2591 1454 2687; baseline 0.001 -26"><span class='ocrx_word' id='word_1_140' title='bbox 384 2595 480 2687; x_wconf 61' lang='lat' dir='ltr'>cydes</span> <span class='ocrx_word' id='word_1_141' title='bbox 495 2595 530 2658; x_wconf 92' lang='lat' dir='ltr'>in</span> <span class='ocrx_word' id='word_1_142' title='bbox 546 2592 629 2673; x_wconf 88' lang='lat' dir='ltr'>VII,</span> <span class='ocrx_word' id='word_1_143' title='bbox 644 2607 678 2655; x_wconf 94' lang='lat' dir='ltr'>et</span> <span class='ocrx_word' id='word_1_144' title='bbox 690 2591 884 2680; x_wconf 83' lang='lat' dir='ltr'>Apollonius</span> <span class='ocrx_word' id='word_1_145' title='bbox 894 2591 929 2656; x_wconf 90' lang='lat' dir='ltr'>in</span> <span class='ocrx_word' id='word_1_146' title='bbox 940 2593 988 2656; x_wconf 88' lang='lat' dir='ltr'>lll</span> <span class='ocrx_word' id='word_1_147' title='bbox 1004 2595 1171 2672; x_wconf 78' lang='lat' dir='ltr'>scribunt,</span> <span class='ocrx_word' id='word_1_148' title='bbox 1182 2593 1328 2662; x_wconf 81' lang='lat' dir='ltr'>Minerva</span> <span class='ocrx_word' id='word_1_149' title='bbox 1340 2597 1454 2662; x_wconf 90' lang='lat' dir='ltr'>dentes</span> 
     </span>
     <span class='ocr_line' id='line_1_20' title="bbox 385 2695 1454 2790; baseline 0.002 -24"><span class='ocrx_word' id='word_1_150' title='bbox 385 2699 543 2790; x_wconf 88' lang='lat' dir='ltr'>serpentis</span> <span class='ocrx_word' id='word_1_151' title='bbox 555 2697 658 2780; x_wconf 89' lang='lat' dir='ltr'>illins,</span> <span class='ocrx_word' id='word_1_152' title='bbox 674 2718 772 2784; x_wconf 86' lang='lat' dir='ltr'>quem</span> <span class='ocrx_word' id='word_1_153' title='bbox 786 2695 926 2762; x_wconf 85' lang='lat' dir='ltr'>Cadmus</span> <span class='ocrx_word' id='word_1_154' title='bbox 942 2698 976 2762; x_wconf 91' lang='lat' dir='ltr'>in</span> <span class='ocrx_word' id='word_1_155' title='bbox 989 2699 1100 2764; x_wconf 88' lang='lat' dir='ltr'>Martis</span> <span class='ocrx_word' id='word_1_156' title='bbox 1115 2700 1206 2766; x_wconf 85' lang='lat' dir='ltr'>fonte</span> <span class='ocrx_word' id='word_1_157' title='bbox 1222 2701 1359 2786; x_wconf 89' lang='lat' dir='ltr'>oceidit,</span> <span class='ocrx_word' id='word_1_158' title='bbox 1371 2703 1454 2768; x_wconf 87' lang='lat' dir='ltr'>Cad-</span> 
     </span>
     <span class='ocr_line' id='line_1_21' title="bbox 385 2801 1451 2895; baseline 0.001 -23"><span class='ocrx_word' id='word_1_159' title='bbox 385 2831 441 2872; x_wconf 86' lang='lat' dir='ltr'>mo</span> <span class='ocrx_word' id='word_1_160' title='bbox 462 2823 494 2870; x_wconf 92' lang='lat' dir='ltr'>et</span> <span class='ocrx_word' id='word_1_161' title='bbox 506 2803 607 2869; x_wconf 79' lang='lat' dir='ltr'>AEetae</span> <span class='ocrx_word' id='word_1_162' title='bbox 623 2801 723 2890; x_wconf 84' lang='lat' dir='ltr'>aequis</span> <span class='ocrx_word' id='word_1_163' title='bbox 737 2802 944 2890; x_wconf 90' lang='lat' dir='ltr'>portionibus</span> <span class='ocrx_word' id='word_1_164' title='bbox 967 2802 1091 2886; x_wconf 74' lang='lat' dir='ltr'>divisit,</span> <span class='ocrx_word' id='word_1_165' title='bbox 1109 2822 1142 2869; x_wconf 94' lang='lat' dir='ltr'>et</span> <span class='ocrx_word' id='word_1_166' title='bbox 1160 2805 1303 2871; x_wconf 86' lang='lat' dir='ltr'>Cadmus</span> <span class='ocrx_word' id='word_1_167' title='bbox 1318 2808 1451 2895; x_wconf 90' lang='lat' dir='ltr'>quidem</span> 
     </span>
     <span class='ocr_line' id='line_1_22' title="bbox 385 2909 1452 2997; baseline 0.001 -18"><span class='ocrx_word' id='word_1_168' title='bbox 385 2913 562 2991; x_wconf 90' lang='lat' dir='ltr'>continuo,</span> <span class='ocrx_word' id='word_1_169' title='bbox 582 2931 666 2997; x_wconf 89' lang='lat' dir='ltr'>quos</span> <span class='ocrx_word' id='word_1_170' title='bbox 683 2909 753 2996; x_wconf 89' lang='lat' dir='ltr'>ipse</span> <span class='ocrx_word' id='word_1_171' title='bbox 769 2925 954 2996; x_wconf 88' lang='lat' dir='ltr'>acceperat,</span> <span class='ocrx_word' id='word_1_172' title='bbox 969 2910 1082 2976; x_wconf 89' lang='lat' dir='ltr'>Martis</span> <span class='ocrx_word' id='word_1_173' title='bbox 1097 2911 1191 2992; x_wconf 82' lang='lat' dir='ltr'>jussu</span> <span class='ocrx_word' id='word_1_174' title='bbox 1206 2913 1393 2996; x_wconf 89' lang='lat' dir='ltr'>seminavit,</span> <span class='ocrx_word' id='word_1_175' title='bbox 1412 2938 1452 2980; x_wconf 84' lang='lat' dir='ltr'>ex</span> 
     </span>
     <span class='ocr_line' id='line_1_23' title="bbox 384 3013 1452 3108; baseline 0.002 -25"><span class='ocrx_word' id='word_1_176' title='bbox 384 3019 504 3108; x_wconf 90' lang='lat' dir='ltr'>quibus</span> <span class='ocrx_word' id='word_1_177' title='bbox 522 3016 630 3104; x_wconf 89' lang='lat' dir='ltr'>plures</span> <span class='ocrx_word' id='word_1_178' title='bbox 648 3013 797 3078; x_wconf 89' lang='lat' dir='ltr'>homines</span> <span class='ocrx_word' id='word_1_179' title='bbox 808 3014 922 3092; x_wconf 87' lang='lat' dir='ltr'>armati</span> <span class='ocrx_word' id='word_1_180' title='bbox 939 3031 1018 3078; x_wconf 82' lang='lat' dir='ltr'>sunt</span> <span class='ocrx_word' id='word_1_181' title='bbox 1030 3017 1097 3080; x_wconf 88' lang='lat' dir='ltr'>nati</span> <span class='ocrx_word' id='word_1_182' title='bbox 1108 3065 1117 3098; x_wconf 95' lang='lat'>,</span> <span class='ocrx_word' id='word_1_183' title='bbox 1130 3018 1187 3105; x_wconf 92' lang='lat' dir='ltr'>qui</span> <span class='ocrx_word' id='word_1_184' title='bbox 1200 3041 1313 3084; x_wconf 89' lang='lat' dir='ltr'>omnes</span> <span class='ocrx_word' id='word_1_185' title='bbox 1329 3021 1452 3085; x_wconf 87' lang='lat' dir='ltr'>mutuis</span> 
     </span>
     <span class='ocr_line' id='line_1_24' title="bbox 382 3118 1451 3208; baseline 0 -18"><span class='ocrx_word' id='word_1_186' title='bbox 382 3123 572 3190; x_wconf 77' lang='lat' dir='ltr'>vulneribus</span> <span class='ocrx_word' id='word_1_187' title='bbox 582 3143 616 3185; x_wconf 91' lang='lat' dir='ltr'>se</span> <span class='ocrx_word' id='word_1_188' title='bbox 627 3118 861 3204; x_wconf 81' lang='lat' dir='ltr'>confoderunt,</span> <span class='ocrx_word' id='word_1_189' title='bbox 875 3121 1021 3208; x_wconf 88' lang='lat' dir='ltr'>quinque</span> <span class='ocrx_word' id='word_1_190' title='bbox 1030 3121 1187 3188; x_wconf 88' lang='lat' dir='ltr'>duntaxat</span> <span class='ocrx_word' id='word_1_191' title='bbox 1197 3124 1451 3206; x_wconf 85' lang='lat' dir='ltr'>relictis,Udaeo,</span> 
     </span>
     <span class='ocr_line' id='line_1_25' title="bbox 384 3227 1451 3320; baseline -0.002 -22"><span class='ocrx_word' id='word_1_192' title='bbox 384 3229 572 3309; x_wconf 87' lang='lat' dir='ltr'>Chthonio,</span> <span class='ocrx_word' id='word_1_193' title='bbox 590 3228 723 3307; x_wconf 89' lang='lat' dir='ltr'>Peloro,</span> <span class='ocrx_word' id='word_1_194' title='bbox 739 3227 964 3315; x_wconf 82' lang='lat' dir='ltr'>Hyperenore,</span> <span class='ocrx_word' id='word_1_195' title='bbox 982 3229 1145 3312; x_wconf 89' lang='lat' dir='ltr'>Echione,</span> <span class='ocrx_word' id='word_1_196' title='bbox 1158 3254 1241 3320; x_wconf 89' lang='lat' dir='ltr'>qnos</span> <span class='ocrx_word' id='word_1_197' title='bbox 1257 3230 1398 3296; x_wconf 89' lang='lat' dir='ltr'>Cadmus</span> <span class='ocrx_word' id='word_1_198' title='bbox 1409 3233 1451 3296; x_wconf 89' lang='lat' dir='ltr'>ad</span> 
     </span>
     <span class='ocr_line' id='line_1_26' title="bbox 383 3331 1450 3428; baseline -0.001 -25"><span class='ocrx_word' id='word_1_199' title='bbox 383 3334 588 3403; x_wconf 82' lang='lat' dir='ltr'>condendam</span> <span class='ocrx_word' id='word_1_200' title='bbox 611 3333 727 3396; x_wconf 91' lang='lat' dir='ltr'>urbem</span> <span class='ocrx_word' id='word_1_201' title='bbox 749 3331 855 3396; x_wconf 88' lang='lat' dir='ltr'>socios</span> <span class='ocrx_word' id='word_1_202' title='bbox 884 3331 945 3396; x_wconf 90' lang='lat' dir='ltr'>sibi</span> <span class='ocrx_word' id='word_1_203' title='bbox 970 3337 1155 3423; x_wconf 89' lang='lat' dir='ltr'>assumpsit.</span> <span class='ocrx_word' id='word_1_204' title='bbox 1177 3338 1224 3402; x_wconf 87' lang='lat' dir='ltr'>Ex</span> <span class='ocrx_word' id='word_1_205' title='bbox 1250 3337 1301 3401; x_wconf 90' lang='lat' dir='ltr'>bis</span> <span class='ocrx_word' id='word_1_206' title='bbox 1320 3354 1450 3428; x_wconf 84' lang='lat' dir='ltr'>gentem</span> 
     </span>
    </p>
   </div>
   <div class='ocr_carea' id='block_1_5' title="bbox 344 3438 1452 3637">
    <p class='ocr_par' dir='ltr' id='par_1_5' title="bbox 344 3438 1452 3637">
     <span class='ocr_line' id='line_1_27' title="bbox 383 3438 1450 3532; baseline 0.002 -24"><span class='ocrx_word' id='word_1_207' title='bbox 383 3443 557 3532; x_wconf 88' lang='lat' dir='ltr'>quamdam</span> <span class='ocrx_word' id='word_1_208' title='bbox 569 3455 714 3504; x_wconf 87' lang='lat' dir='ltr'>vocatam</span> <span class='ocrx_word' id='word_1_209' title='bbox 730 3438 880 3527; x_wconf 87' lang='lat' dir='ltr'>Spartos,</span> <span class='ocrx_word' id='word_1_210' title='bbox 900 3440 1012 3505; x_wconf 90' lang='lat' dir='ltr'>scribit</span> <span class='ocrx_word' id='word_1_211' title='bbox 1024 3441 1156 3532; x_wconf 89' lang='lat' dir='ltr'>Hippias</span> <span class='ocrx_word' id='word_1_212' title='bbox 1171 3445 1302 3526; x_wconf 89' lang='lat' dir='ltr'>Delius,</span> <span class='ocrx_word' id='word_1_213' title='bbox 1317 3462 1349 3510; x_wconf 91' lang='lat' dir='ltr'>et</span> <span class='ocrx_word' id='word_1_214' title='bbox 1361 3446 1450 3510; x_wconf 90' lang='lat' dir='ltr'>simi·</span> 
     </span>
     <span class='ocr_line' id='line_1_28' title="bbox 344 3541 1452 3637; baseline 0.002 -27"><span class='ocrx_word' id='word_1_215' title='bbox 344 3619 347 3637; x_wconf 38' lang='grc' dir='ltr'>Ι</span> <span class='ocrx_word' id='word_1_216' title='bbox 383 3547 455 3610; x_wconf 87' lang='lat' dir='ltr'>liter</span> <span class='ocrx_word' id='word_1_217' title='bbox 464 3548 663 3608; x_wconf 87' lang='lat' dir='ltr'>Atromctus.</span> <span class='ocrx_word' id='word_1_218' title='bbox 676 3542 799 3606; x_wconf 89' lang='lat' dir='ltr'>Eorum</span> <span class='ocrx_word' id='word_1_219' title='bbox 812 3541 909 3605; x_wconf 88' lang='lat' dir='ltr'>etiam</span> <span class='ocrx_word' id='word_1_220' title='bbox 922 3543 1123 3608; x_wconf 86' lang='lat' dir='ltr'>mentionem</span> <span class='ocrx_word' id='word_1_221' title='bbox 1137 3545 1225 3635; x_wconf 91' lang='lat' dir='ltr'>apud</span> <span class='ocrx_word' id='word_1_222' title='bbox 1235 3563 1363 3611; x_wconf 89' lang='lat' dir='ltr'>nostros</span> <span class='ocrx_word' id='word_1_223' title='bbox 1375 3547 1452 3612; x_wconf 84' lang='lat' dir='ltr'>facit</span> 
     </span>
    </p>
   </div>
   <div class='ocr_carea' id='block_1_6' title="bbox 382 3646 1451 3949">
    <p class='ocr_par' dir='ltr' id='par_1_6' title="bbox 382 3646 1451 3949">
     <span class='ocr_line' id='line_1_29' title="bbox 382 3646 1451 3741; baseline 0.002 -25"><span class='ocrx_word' id='word_1_224' title='bbox 382 3649 565 3716; x_wconf 86' lang='lat' dir='ltr'>Lactantius</span> <span class='ocrx_word' id='word_1_225' title='bbox 581 3647 774 3712; x_wconf 87' lang='lat' dir='ltr'>Firmianus.</span> <span class='ocrx_word' id='word_1_226' title='bbox 785 3646 894 3712; x_wconf 85' lang='lat' dir='ltr'>AEetas</span> <span class='ocrx_word' id='word_1_227' title='bbox 907 3664 1016 3714; x_wconf 90' lang='lat' dir='ltr'>autem</span> <span class='ocrx_word' id='word_1_228' title='bbox 1031 3673 1121 3715; x_wconf 88' lang='lat' dir='ltr'>suam</span> <span class='ocrx_word' id='word_1_229' title='bbox 1137 3668 1273 3739; x_wconf 84' lang='lat' dir='ltr'>portem,</span> <span class='ocrx_word' id='word_1_230' title='bbox 1290 3675 1394 3741; x_wconf 88' lang='lat' dir='ltr'>usque</span> <span class='ocrx_word' id='word_1_231' title='bbox 1409 3653 1451 3718; x_wconf 92' lang='lat' dir='ltr'>ad</span> 
     </span>
     <span class='ocr_line' id='line_1_30' title="bbox 382 3752 1449 3847; baseline 0.004 -28"><span class='ocrx_word' id='word_1_232' title='bbox 382 3774 510 3846; x_wconf 90' lang='lat' dir='ltr'>tempus</span> <span class='ocrx_word' id='word_1_233' title='bbox 524 3752 633 3836; x_wconf 81' lang='lat' dir='ltr'>illud,</span> <span class='ocrx_word' id='word_1_234' title='bbox 654 3777 723 3843; x_wconf 89' lang='lat' dir='ltr'>quo</span> <span class='ocrx_word' id='word_1_235' title='bbox 740 3756 837 3820; x_wconf 83' lang='lat' dir='ltr'>lason</span> <span class='ocrx_word' id='word_1_236' title='bbox 855 3757 957 3828; x_wconf 86' lang='lat' dir='ltr'>vellus</span> <span class='ocrx_word' id='word_1_237' title='bbox 975 3780 1110 3822; x_wconf 90' lang='lat' dir='ltr'>aureum</span> <span class='ocrx_word' id='word_1_238' title='bbox 1131 3760 1279 3847; x_wconf 88' lang='lat' dir='ltr'>petebat,</span> <span class='ocrx_word' id='word_1_239' title='bbox 1296 3762 1449 3842; x_wconf 81' lang='lat' dir='ltr'>servavit,</span> 
     </span>
     <span class='ocr_line' id='line_1_31' title="bbox 383 3859 1081 3949; baseline 0.001 -21"><span class='ocrx_word' id='word_1_240' title='bbox 383 3879 528 3949; x_wconf 83' lang='lat' dir='ltr'>tuncque</span> <span class='ocrx_word' id='word_1_241' title='bbox 544 3860 573 3924; x_wconf 94' lang='lat' dir='ltr'>ei</span> <span class='ocrx_word' id='word_1_242' title='bbox 588 3859 701 3925; x_wconf 88' lang='lat' dir='ltr'>dentes</span> <span class='ocrx_word' id='word_1_243' title='bbox 716 3859 848 3925; x_wconf 91' lang='lat' dir='ltr'>tradidit</span> <span class='ocrx_word' id='word_1_244' title='bbox 865 3862 1081 3929; x_wconf 86' lang='lat' dir='ltr'>seminandos.</span> 
     </span>
    </p>
   </div>
   <div class='ocr_carea' id='block_1_7' title="bbox 766 4074 1066 4165">
    <p class='ocr_par' dir='ltr' id='par_1_7' title="bbox 766 4074 1066 4165">
     <span class='ocr_line' id='line_1_32' title="bbox 766 4074 1066 4165; baseline 0.017 -29"><span class='ocrx_word' id='word_1_245' title='bbox 766 4074 814 4136; x_wconf 90' lang='lat' dir='ltr'>De</span> <span class='ocrx_word' id='word_1_246' title='bbox 829 4075 950 4139; x_wconf 80' lang='lat' dir='ltr'>vellere</span> <span class='ocrx_word' id='word_1_247' title='bbox 966 4091 1066 4165; x_wconf 84' lang='lat' dir='ltr'>rapto.</span> 
     </span>
    </p>
   </div>
   <div class='ocr_carea' id='block_1_8' title="bbox 426 4255 1448 4351">
    <p class='ocr_par' dir='ltr' id='par_1_8' title="bbox 426 4255 1448 4351">
     <span class='ocr_line' id='line_1_33' title="bbox 426 4255 1448 4351; baseline 0.002 -27"><span class='ocrx_word' id='word_1_248' title='bbox 426 4261 529 4324; x_wconf 90' lang='lat' dir='ltr'>Nocte</span> <span class='ocrx_word' id='word_1_249' title='bbox 538 4255 695 4344; x_wconf 85' lang='lat' dir='ltr'>proxima,</span> <span class='ocrx_word' id='word_1_250' title='bbox 706 4278 808 4343; x_wconf 90' lang='lat' dir='ltr'>quum</span> <span class='ocrx_word' id='word_1_251' title='bbox 816 4257 926 4324; x_wconf 85' lang='lat' dir='ltr'>AEetas</span> <span class='ocrx_word' id='word_1_252' title='bbox 935 4257 976 4324; x_wconf 91' lang='lat' dir='ltr'>de</span> <span class='ocrx_word' id='word_1_253' title='bbox 986 4259 1111 4324; x_wconf 76' lang='lat' dir='ltr'>Iasonis</span> <span class='ocrx_word' id='word_1_254' title='bbox 1121 4263 1350 4351; x_wconf 88' lang='lat' dir='ltr'>sociorumque</span> <span class='ocrx_word' id='word_1_255' title='bbox 1363 4263 1448 4326; x_wconf 80' lang='lat' dir='ltr'>crede</span> 
     </span>
    </p>
   </div>
   <div class='ocr_carea' id='block_1_9' title="bbox 0 0 1600 5128">
    <p class='ocr_par' dir='ltr' id='par_1_9' title="bbox 0 0 1600 5128">
     <span class='ocr_line' id='line_1_34' title="bbox 0 0 1600 5128; baseline 0 0"><span class='ocrx_word' id='word_1_256' title='bbox 0 0 1600 5128; x_wconf 95' lang='lat' dir='ltr'> </span> 
     </span>
    </p>
   </div>
  </div>
 </body>
</html>
