3198 5106
359 548 399 588 10
659 525 694 588 C.
718 525 914 589 VALERII
943 526 1118 590 FLAGCl

399 655 587 734 AEsonium‚
599 655 743 743 lethique
756 657 822 720 vias
836 679 873 720 ac
887 672 1034 744 tempora
1046 672 1160 720 versat

400 769 463 834 Sed
479 791 585 857 neque
599 769 680 834 bella
693 769 796 852 videt,
809 773 910 860 graias
925 794 1032 859 neque
1046 787 1191 836 monstra
1205 793 1264 860 per
1277 774 1375 838 urbes

348 903 353 910 ·
401 885 491 947 Ulla:
507 885 649 947 cleonaeo
660 885 727 963 jam
742 900 890 974 tempora
906 886 1013 948 clusus
1028 885 1118 950 hiatu

399 997 541 1078 Alcides,
554 998 632 1062 olim
646 1001 757 1064 Lernae
771 997 923 1062 defensus
937 999 979 1062 ab
992 1023 1099 1089 angue

401 1116 515 1194 Arcas3
530 1129 562 1177 et
577 1113 738 1178 ambobus
751 1113 816 1192 jam
831 1137 955 1178 cornua
968 1114 1069 1180 fracta
1079 1114 1236 1194 juvencis.

398 1231 450 1292 Ira
464 1230 560 1292 maris
574 1229 719 1316 vastique
734 1230 861 1317 placent
874 1229 1061 1296 discrimina
1075 1231 1186 1318 ponti:

402 1344 513 1424 Quum
523 1342 692 1424 juvenem,
705 1343 876 1430 tranquilla
887 1359 982 1406 tuens
998 1365 1058 1408 nec
1072 1343 1182 1408 fronte
1195 1343 1376 1426 timendus,

402 1460 563 1546 Occupat,
576 1474 608 1522 et
621 1456 702 1522 fietis
717 1457 772 1520 dat
784 1457 911 1530 vultum
925 1475 957 1521 et
970 1457 1117 1546 pondera
1130 1460 1254 1524 verbis:

400 1604 413 1628 «ι
425 1575 517 1638 Hanc
532 1573 612 1636 mihi
627 1573 789 1653 militiam,
801 1587 946 1636 veterum
962 1596 1034 1660 quae
1047 1574 1217 1662 pulchrior
1229 1577 1323 1656 actis,
1406 1602 1432 1642 r·

402 1691 536 1768 Annue,
549 1687 655 1775 daque
669 1687 835 1752 animum:
848 1689 950 1752 nostri
965 1687 1006 1752 de
1018 1690 1175 1778 sanguine
1190 1689 1338 1779 Phryxus
1385 1675 1389 1686 ⁵

389 1883 427 1930 38.
445 1887 511 1928 rum.
524 1883 599 1929 Vstie.
609 1893 632 1928 et
641 1885 730 1928 Bonon.
743 1883 812 1928 codd.
822 1885 911 1928 Boron¹
925 1884 936 1928 l
948 1892 971 1929 et
983 1885 1013 1928 ll.
1025 1887 1089 1930 Junt.
1102 1885 1154 1930 Ald.
1170 1895 1214 1931 etc.
1232 1889 1312 1931 llum.
1326 1886 1363 1931 Sic
1377 1885 1431 1932 Atd.

357 1972 412 2024 post
424 1962 497 2008 Pium.
511 1963 607 2008 mem.
619 1964 671 2008 Vnt.
684 1972 708 2009 et
722 1964 811 2007 Boron
829 1961 898 2008 codd.
914 1963 1003 2007 Bonon.
1019 1965 1029 2007 l
1045 1971 1069 2008 et
1083 1965 1112 2008 ll.
1127 1965 1190 2010 lunt.
1201 1967 1286 2011 Miser.
1296 1967 1434 2026 Βηρι-

356 2043 394 2104 39.
405 2044 485 2088 Dictis.
493 2041 598 2088 Vaticsn.
608 2052 631 2088 et
639 2044 729 2087 Boron
739 2041 808 2087 codd.
820 2042 909 2087 Bouom
919 2042 930 2085 l
941 2051 965 2085 et
976 2042 1006 2086 ll.
1016 2043 1028 2085 J
1031 2052 1079 2087 unt.
1092 2041 1144 2088 Ald.
1155 2045 1240 2089 Moser.
1253 2047 1353 2105 lingent.
1367 2045 1432 2090 Carr.

357 2122 434 2170 Heius.
452 2124 495 2168 En.

357 2272 432 2312 nem,
446 2252 491 2305 sed
502 2251 665 2304 voluntatem
675 2260 778 2303 tantum
789 2260 815 2301 et
827 2268 872 2300 co·
919 2252 981 2318 86),
992 2248 1020 2301 h.
1029 2269 1053 2302 e.
1062 2269 1145 2322 quum
1153 2250 1258 2306 duobus
1266 2265 1343 2305 antea
1350 2253 1434 2305 alveis

357 2346 451 2385 natum
457 2331 538 2384 velint
544 2330 777 2402 intelligi3brerius
784 2340 873 2382 tamen
919 2327 1080 2393 incessisset,
1095 2349 1150 2384 uno
1167 2329 1264 2384 deinde
1283 2331 1369 2402 coegit
1386 2331 1434 2384 de·

356 2413 428 2484 justo
434 2421 550 2462 mentem
559 2409 823 2480 expressitValerius
919 2405 1010 2461 fluere.
1024 2408 1095 2462 Alter
1103 2413 1232 2483 juvencus
1244 2411 1301 2464 aine
1312 2410 1396 2464 dubio
1411 2412 1435 2462 is

393 2493 436 2545 32.
452 2495 569 2559 Letlu'que
580 2495 636 2544 uias
649 2509 681 2542 ae
694 2505 804 2556 tempora
817 2507 871 2540 cer-
919 2499 976 2552 est,
995 2488 1113 2559 quicum.
1127 2487 1270 2561 Pasiphae,
1293 2501 1323 2542 nt
1343 2489 1435 2544 sabula

357 2589 407 2632 sat,
424 2571 521 2626 dubius
531 2610 538 2637 ,
549 2569 685 2643 quomodo
696 2580 722 2622 et
734 2567 843 2640 quando
856 2586 871 2620 e
915 2568 983 2630 lert,
997 2569 1157 2632 concubuit,
1170 2587 1303 2640 quemque
1313 2587 1342 2620 ex
1354 2569 1433 2623 Creta

357 2649 446 2704 medio
457 2649 542 2704 tollat.
916 2646 1003 2698 insula
1011 2645 1138 2718 Mycenas
1147 2648 1237 2702 vivum
1248 2646 1356 2700 abduxit
1368 2646 1436 2700 ller-

394 2731 436 2792 34.
450 2729 471 2782 E
485 2727 611 2782 monstris
621 2724 779 2798 precedenti
791 2723 871 2776 versi·
914 2724 994 2777 cules.
1007 2726 1122 2796 (llygin.
1137 2727 1200 2778 Feb.
1215 2727 1307 2790 XXX,
1321 2725 1430 2778 Diodor.

357 2807 420 2861 culo
428 2807 578 2860 memoratis
585 2826 658 2860 nnnc
664 2806 815 2860 afferuntur
823 2803 872 2854 sin-
914 2804 967 2857 Sic.
980 2805 1032 2868 IV,
1047 2805 1101 2874 13.)

357 2887 421 2958 gula
435 2886 551 2957 aliquot,
564 2904 696 2940 nemeaeus
710 2883 769 2945 leo,
783 2880 872 2954 hydra
954 2885 996 2952 37.
1012 2889 1057 2934 Ira
1069 2889 1157 2946 maris,
1175 2885 1287 2948 iratum,
1303 2886 1432 2954 impetuo-

356 2965 469 3028 tornea,
483 2963 538 3018 duo
549 2965 638 3018 fractis
648 2963 771 3016 cornibus
779 2963 872 3034 juven·
916 2980 974 3014 sum
986 2982 1058 3016 mare
1068 2963 1209 3030 (immania
1220 2963 1286 3018 freta
1295 2963 1366 3016 intra
1376 2961 1431 3014 rid.

357 3039 873 3115 ci,quorurnomniumvictorsuitller-
917 3045 981 3111 65),
1000 3047 1069 3094 vasti
1089 3046 1244 3098 driscrimtita
1260 3046 1347 3110 ponti,
1368 3042 1433 3114 qui,

358 3123 441 3177 cules.
461 3123 519 3176 lloc
534 3134 643 3176 exornat
652 3131 747 3192 poeta:
763 3125 872 3172 clesma
918 3139 972 3191 quo
985 3122 1107 3192 amplior,
1118 3142 1149 3176 eo
1160 3123 1331 3193 periculosior
1342 3133 1391 3174 est.

359 3204 410 3272 (ab
422 3201 523 3274 oppido
540 3201 671 3273 argolico,
689 3198 812 3261 Cleonis,
833 3197 873 3252 rel
955 3201 997 3252 38.
1018 3206 1163 3269 Tranquillo
1183 3217 1266 3262 tuens,
1290 3221 1335 3252 nec
1347 3203 1436 3268 fronte

359 3281 474 3344 Cleone,
486 3301 539 3334 non
553 3281 630 3351 longe
641 3281 676 3334 ab
689 3279 754 3332 silva
767 3295 874 3328 nemeaea
919 3281 1038 3330 timendus
1046 3296 1163 3349 occupat,
1175 3278 1279 3350 placida
1287 3297 1435 3349 serenaque

360 3362 440 3430 sito),
452 3364 510 3429 jam
526 3375 637 3427 tempora
650 3363 728 3410 clusus
745 3360 815 3408 hiatu
829 3359 875 3406 Al·
919 3357 1004 3412 fronte
1018 3360 1162 3430 alloquitur
1177 3359 1260 3430 prior,
1277 3363 1375 3430 erficcr's
1390 3362 1436 3410 dat

360 3443 438 3501 eides,
459 3440 505 3510 qui
526 3438 627 3492 exuviis
646 3437 716 3490 illius
733 3435 817 3490 leonis
840 3433 875 3487 ad
918 3443 1014 3490 votnm
1024 3453 1049 3490 et
1055 3443 1170 3506 pondera
1181 3443 1274 3499 verbis,
1288 3438 1362 3508 gravi
1370 3455 1436 3508 pon·

360 3536 456 3588 corpus
465 3517 606 3589 tegendum
615 3555 623 3580 ‚
631 3515 699 3568 rictu
707 3533 770 3568 usus
780 3527 819 3568 est
828 3531 876 3586 pro
919 3515 1066 3591 derosoque
1074 3519 1165 3580 vultu,
1176 3518 1233 3580 vel,
1244 3529 1273 3571 nt
1282 3535 1343 3570 cunr
1353 3517 1438 3582 Quin·

361 3595 451 3669 galeti,
466 3615 519 3668 qua
532 3597 569 3648 ita
582 3593 702 3648 involuta
714 3593 764 3648 tuit
777 3595 875 3657 facies,
920 3595 1012 3650 tiliano
1030 3597 1124 3668 loquar
1143 3599 1198 3661 Xl,
1222 3599 1252 3662 3,
1279 3597 1350 3660 183,
1376 3595 1436 3648 vul·

361 3687 391 3728 ut
404 3677 475 3729 oculi
489 3675 533 3730 vix
547 3675 773 3747 conspicerentur.
919 3687 997 3730 niusa
1020 3676 1254 3748 pronuntiatione,
1275 3673 1380 3728 blandis
1400 3672 1436 3726 ad

399 3756 442 3808 35.
456 3761 539 3804 Lemoe
552 3774 643 3822 angiae,
656 3750 877 3826 hydra,palu‹lis
922 3757 1035 3826 speciem
1062 3756 1241 3826 simulatisque
1266 3754 1353 3807 verbis
1380 3755 1436 3810 vim

362 3831 398 3886 ad
410 3835 523 3886 lernam
536 3833 638 3896 incola,
653 3845 736 3886 terras
750 3849 804 3886 non
822 3842 877 3882 tam
922 3833 1019 3888 addere
1033 3835 1088 3888 vult
1105 3833 1237 3906 fidemque
1249 3835 1345 3886 lacere.

362 3911 516 3976 arcadicus,
528 3912 566 3964 uti
576 3913 699 3966 Valerius
710 3911 782 3976 vult,
795 3931 876 3983 quam
959 3921 1001 3977 so.
1018 3920 1128 3966 Vetemm
1142 3917 1268 3982 pulchrior
1284 3917 1358 3974 acels,
1375 3931 1434 3984 quis

362 3992 493 4062 argolicas
506 3991 656 4044 infestante.
825 4025 829 4035 ι
923 3992 1018 4064 prioris
1037 3993 1119 4044 etatis
1140 4013 1182 4046 res
1203 3992 1327 4064 praeclare
1352 4004 1438 4063 gestas

400 4071 444 4123 36.
456 4075 579 4122 Ambobus
582 4075 639 4140 jam
650 4074 880 4140 ccmucsraotaju-
923 4073 1001 4142 louge
1016 4083 1121 4142 superet
1135 4071 1228 4142 gloria.

364 4150 675 4220 aeneis,quorumalteri,
686 4150 880 4217 acheloo,de0
959 4159 1001 4214 4¹·
1021 4155 1108 4217 Daque
1126 4154 1244 4202 animum.
1266 4150 1323 4202 Hoc
1343 4148 1438 4202 diffici-

363 4227 500 4291 fluviatili,
517 4227 644 4282 Hercules
662 4249 751 4286 secum
768 4230 880 4284 luctanti
923 4231 975 4282 lius
985 4228 1132 4299 explicatu,
1145 4247 1194 4282 nec
1206 4229 1268 4282 satis
1279 4229 1385 4300 placent
1399 4228 1437 4279 in-

364 4306 817 4380 cornudelregit(0rid.ll1et.lll,
829 4311 879 4374 85,
923 4319 1048 4379 terpretes
1055 4311 1197 4360 Heinsiuset
1202 4315 1364 4369 Burmannus,
1374 4325 1439 4378 quo·
