3116 5102
374 538 437 617 348
675 543 711 603 C.
735 538 930 620 VALERll
960 539 1128 605 FLACCI

415 671 513 759 Signa
525 671 617 754 mali3
631 669 723 735 reddi
733 669 827 752 jubet
840 673 963 737 exitiale
979 672 1129 738 sacerdos

417 786 545 868 Vellus,
564 801 597 849 et
607 785 783 851 Haemoniis
795 785 972 852 infaustum
986 788 1115 853 mittere
1128 789 1232 853 terris.

417 901 537 966 Contra
548 900 622 964 Sole
634 917 740 982 satus,
754 901 873 990 Phryxi
885 917 1043 990 praeeepta
1054 902 1202 966 volutans
1297 909 1301 914 '

417 1015 519 1104 AEgro
535 1014 649 1098 corde,
664 1031 774 1107 negat3
788 1036 849 1079 nec
857 1017 944 1104 vulgi
957 1039 1035 1080 cum
1050 1019 1208 1105 tyranno,
1284 1003 1287 1010 ¹
1404 1039 1439 1077 ‚ss

418 1132 506 1196 Dum
522 1153 581 1195 sua
596 1131 638 1195 sit
650 1130 750 1195 modo
766 1145 835 1195 tuta
850 1131 1045 1197 salus.Tunc
1059 1131 1174 1196 ordine
1190 1132 1258 1222 regi

418 1245 605 1327 Proximus,
620 1261 653 1309 et
667 1246 764 1310 frater
777 1262 925 1310 materno
941 1247 1097 1336 sanguine
1113 1245 1226 1310 Perses

417 1361 614 1450 increpitare
621 1362 726 1425 virum
736 1385 746 1443 ;
755 1362 901 1450 sequitur
915 1359 997 1426 duce
1013 1361 1109 1426 turba
1125 1377 1265 1456 reperto.

418 1476 476 1539 Ille
492 1475 603 1540 furens
621 1478 685 1559 ira,
705 1477 786 1542 solio
804 1499 838 1541 se
852 1476 991 1565 proripit
1007 1477 1089 1562 alto,

419 1591 663 1681 l’raecipitatque
678 1608 798 1682 patres,
810 1594 915 1682 ipsum
934 1615 1079 1681 quoque,
1095 1593 1214 1658 talibus
1230 1593 1316 1657 ausis
1404 1624 1439 1664 ηε

420 1705 515 1793 Spem
532 1707 594 1770 sibi
605 1707 670 1786 jam
684 1729 793 1771 rerum
809 1708 897 1795 vulgi
912 1706 1040 1772 levitate
1056 1723 1235 1784 serentem,

420 1819 507 1884 Ense
522 1820 613 1908 petit.
626 1821 723 1910 Rapit
737 1820 813 1886 inde
828 1823 938 1911 lugam
953 1820 1094 1886 crudelia
1109 1819 1222 1886 Perses

419 1933 518 2022 Signa
532 1955 661 2022 gerens,
675 1957 873 2024 omnemque
892 1935 996 2024 quatit
1014 1935 1200 2000 rumoribus
1213 1937 1343 2000 Arcton.

410 2139 463 2189 263.
481 2141 606 2204 tusasrwn.
617 2142 691 2190 Vttic.
713 2143 766 2190 cod.
783 2144 901 2205 nysam.
922 2145 989 2192 Gerr.
1013 2169 1043 2182 ·-
1064 2158 1117 2204 270.
1135 2146 1243 2208 Pmt'pit
1264 2145 1340 2206 adque
1355 2155 1437 2206 patres

378 2219 453 2266 vatic.
469 2220 522 2266 cod.
541 2230 564 2267 et
578 2223 668 2267 Bom
688 2222 706 2268 l.
726 2225 805 2284 Ipsum
823 2225 873 2284 qui.
882 2221 957 2270 Vatis.
975 2231 1000 2267 et
1015 2223 1106 2270 Bonon.
1123 2223 1193 2269 codd.
1211 2235 1235 2272 et
1251 2225 1305 2272 edd.
1314 2234 1369 2270 ante
1379 2225 1438 2271 Cart.

378 2299 457 2360 Ipsum
467 2315 564 2364 qnoque.
573 2301 625 2346 lam
633 2299 695 2347 Pius.
704 2326 735 2335 -
747 2315 800 2359 ²7¹·
815 2305 939 2348 Ferentem.
950 2301 1036 2349 Sahall.
1045 2310 1069 2347 et
1076 2303 1143 2348 Carr.
1155 2303 1199 2350 En.

418 2488 475 2539 262.
485 2491 564 2540 Reddi
566 2491 637 2558 jubet
646 2494 726 2543 veltru
738 2494 839 2544 exitiale
848 2511 889 2542 sa·
932 2491 1019 2557 deam,
1029 2490 1152 2546 reducem
1161 2491 1188 2546 in
1200 2491 1342 2558 Colchide,
1354 2491 1440 2546 Persea

378 2570 481 2629 cer-dos,
499 2582 523 2618 et
534 2572 666 2620 Haemoniis
679 2573 764 2633 terr-is,
776 2569 889 2623 Thessa·
931 2571 1027 2642 (quem
1042 2583 1119 2626 vocat
1139 2573 1265 2639 Persen),
1281 2573 1364 2643 patris
1380 2571 1441 2624 solio

377 2644 434 2712 liae,
447 2647 581 2715 infaustius
598 2652 697 2702 enuere.
711 2648 785 2715 Quid
796 2649 887 2702 discri-
930 2651 956 2702 ri
965 2650 1093 2721 potitum,
1103 2651 1263 2704 interfecisse
1273 2691 1280 2716 ,
1290 2662 1442 2721 patremque

380 2724 460 2777 minis
476 2728 577 2780 exuare
595 2728 665 2780 inter
685 2740 712 2781 et
733 2729 888 2796 infaustum?
931 2729 1021 2782 AEeten
1032 2730 1059 2782 in
1073 2747 1182 2801 regnum
1196 2729 1349 2782 restituisse.
1365 2729 1414 2780 En.

379 2805 500 2858 Fortasse
509 2807 640 2875 infaustum
651 2807 816 2879 jungendum
834 2813 889 2860 Hee-
970 2809 1030 2862 268.
1044 2811 1157 2877 Sequitur
1174 2813 1237 2860 duce
1253 2812 1325 2859 turba
1335 2823 1442 2876 reperto,

380 2887 466 2936 moniis
484 2889 569 2946 terris,
590 2885 642 2938 hoc
654 2903 746 2939 seusu:
764 2886 889 2939 Ubicum·
933 2888 1001 2941 cives
1013 2891 1068 2961 jam
1081 2887 1127 2940 diu
1142 2887 1261 2951 turbidi,
1276 2887 1385 2959 regique
1397 2905 1442 2939 suo

380 2981 432 3034 que
444 2963 496 3016 hoc
510 2963 593 3016 vellus
606 2975 659 3028 est,
673 2965 780 3018 exitium
792 2965 888 3028 alsert3
932 2966 1036 3033 infesti,
1050 2964 1147 3038 cupide
1168 2964 1264 3019 ducem
1282 2965 1329 3018 diu
1342 2965 1443 3018 deside·

379 3061 433 3114 quo
443 3043 700 3110 siliheremur,bene
710 3044 798 3098 nohis!
809 3063 889 3116 spon·
933 3059 1020 3100 ratum
1035 3047 1142 3116 sequuti
1151 3058 1221 3100 sunt.

381 3135 408 3175 te
417 3121 542 3174 cedamus
550 3123 690 3177 Thessalis.
971 3145 1028 3196 ²70·
1051 3127 1106 3179 llex
1127 3129 1285 3195 proecr'pn'tat,
1312 3123 1444 3196 dispellit,

419 3205 477 3266 264.
494 3207 584 3254 Contra
601 3209 656 3257 Sole
676 3219 758 3266 satus,
773 3221 817 3258 rex
830 3207 890 3257 AEe·
931 3221 1029 3278 patres,
1042 3217 1176 3270 senatum,
1190 3209 1267 3275 ipsum
1281 3224 1379 3273 quoque
1387 3206 1445 3257 Per·

381 3295 431 3350 tes,
443 3297 539 3352 regan,-
550 3302 596 3337 nec
606 3288 678 3354 uolgi
685 3323 692 3346 ,
705 3283 820 3348 civium,
834 3303 893 3336 cum
937 3305 998 3354 sea,
1012 3289 1099 3338 talibus
1117 3289 1183 3337 ausis
1202 3304 1269 3354 spem
1281 3287 1328 3336 sibi
1337 3285 1395 3353 jam
1412 3303 1447 3336 rs·

381 3369 565 3428 trrannostum
576 3385 621 3416 sna
631 3369 664 3415 sit
675 3369 747 3416 modo
756 3378 807 3415 tuta
816 3368 892 3416 satus.
938 3385 989 3417 mm
998 3405 1005 3426 ,
1015 3365 1130 3435 ,imperii
1147 3361 1316 3438 capessendi,
1328 3366 1401 3431 wlgi
1413 3368 1446 3415 le-

381 3443 467 3513 Digna
479 3456 592 3514 tyranno
603 3445 740 3496 sententia.
934 3447 1008 3498 vitate
1018 3459 1147 3496 serentem.
1162 3473 1199 3484 -
1215 3447 1284 3512 Spem
1298 3445 1346 3494 sibi
1357 3462 1444 3500 serere,

418 3525 477 3574 266.
490 3525 786 3592 ordineregipmximus,
799 3540 891 3576 meun-
935 3525 1078 3596 exquisita,
1093 3535 1119 3577 et
1131 3523 1252 3577 inusitata
1267 3522 1326 3574 aliis
1337 3522 1445 3574 transla-

382 3600 433 3652 dus
450 3621 465 3654 s
484 3621 563 3673 rege,
583 3617 607 3654 et
611 3603 698 3674 fram
708 3617 820 3655 materno
833 3621 892 3654 san·
933 3605 1019 3665 tione,
1040 3605 1067 3655 in
1090 3621 1143 3675 qua
1169 3613 1257 3655 temen
1277 3603 1335 3653 lere
1358 3617 1446 3652 omnes

381 3684 464 3748 graiae,
474 3682 605 3746 uterinus,
616 3683 793 3736 Persen-Sic
801 3681 891 3734 Valer.
936 3683 1104 3737 consentiunt
1122 3679 1240 3745 codicem
1261 3680 1340 3751 pauci
1361 3680 1448 3750 prele-

381 3759 536 3814 scholiastes
557 3761 691 3834 Apollonii
712 3773 819 3826 contra,
841 3761 890 3812 lib.
935 3775 998 3816 runt
1003 3765 1144 3831 serentem,
1157 3779 1211 3833 quo
1222 3771 1313 3812 umen
1324 3759 1391 3810 nihil
1400 3757 1447 3811 ad·

383 3838 435 3900 ΙΙΙ,
449 3859 475 3891 v.
485 3859 533 3893 200
542 3882 550 3909 ,
559 3839 641 3895 tradit
654 3853 792 3914 acceptum
804 3859 818 3892 a
831 3841 892 3892 Dio·
935 3839 1047 3895 modum
1058 3842 1175 3894 lucreris.
1185 3840 1297 3892 Inventa
1308 3837 1375 3889 mihi
1383 3839 1448 3890 bene

382 3935 440 3990 nys.
450 3917 534 3973 Miles.
546 3921 715 3992 Argonautis.
727 3921 830 3982 lib.Il,
846 3919 892 3972 So·
935 3919 1089 3993 metaphora
1110 3919 1233 3972 videtur:
1255 3917 1357 3972 semine
1376 3917 1448 3990 quasi

383 3996 436 4049 lem
447 3998 513 4051 duos
522 3999 646 4054 habuisse
657 3999 726 4054 filios
736 4037 744 4063 ,
762 3999 856 4052 Persea
866 4009 892 4051 et
933 4000 996 4065 iecit
1005 4037 1013 4064 ,
1023 3999 1191 4071 elonginquo
1199 3997 1270 4050 viam
1279 3997 1330 4050 sibl
1340 4013 1449 4068 praemu-

381 4079 492 4142 AEeten;
511 4079 602 4132 Persea
616 4080 643 4132 in
656 4079 784 4145 Taurica,
797 4081 889 4131 AEeten
936 4079 986 4131 niit
1001 4077 1036 4131 ad
1052 4078 1190 4149 imperium
1204 4095 1253 4130 suo
1265 4088 1388 4148 tempore
1401 4074 1449 4128 sihi

384 4157 411 4211 iu
423 4155 552 4210 Colchide
569 4160 730 4230 regnavisse.
749 4161 807 4210 Hbc
828 4158 892 4210 item
937 4157 1134 4212 vindicandum.

382 4239 463 4290 refert
473 4236 616 4301 Diodorus,
636 4237 683 4290 lib.
694 4239 744 4300 lV,
758 4255 816 4310 pag.
826 4237 887 4289 288.
974 4255 1032 4307 ²7²·
1052 4242 1119 4288 Ense
1128 4240 1199 4304 petit,
1214 4235 1401 4303 sortassefen't
1415 4232 1450 4284 oh

383 4317 507 4372 Preterca
533 4317 611 4373 docet
636 4315 810 4390 Apollodorus
835 4317 890 4369 Mc·
935 4317 1068 4389 sequentia
1086 4319 1195 4369 crudelia
1206 4316 1295 4383 signa,
1312 4315 1384 4368 conf.
1394 4312 1450 4374 Vl,
