3198 5106
381 471 775 541 ARGONAIJTICON
798 478 884 544 LlB.
910 478 934 540 I.
1175 477 1192 541 5

155 588 207 648 Ad
224 588 329 648 horum
348 591 480 666 querelas
501 590 539 648 ita
557 591 713 670 respondet
728 595 856 670 Jupiter,
874 605 905 649 nt
921 591 1109 650 coustitutum
1126 592 1193 650 inde

154 684 196 742 ab
211 685 296 742 initio
311 705 408 743 rerum
423 707 439 744 a
452 707 482 742 sc
498 699 611 764 tempus
626 687 702 746 dicat
714 688 825 756 adesse,
841 709 900 765 quo
911 689 1032 746 interior
1043 689 1193 746 hominum

156 782 340 840 consociatio
355 784 552 860 merciumque
566 784 690 860 amplior
704 785 891 843 commutatio
907 785 1002 842 locum
1019 782 1123 842 debeat
1138 785 1194 843 ha-

156 879 247 950 bere;
262 880 439 955 omninoque
453 881 641 959 praenuntiet,
658 881 737 938 orbis
754 893 896 939 terrarum
911 883 1065 960 imperium
1079 903 1133 961 per
1147 903 1194 940 va-

156 979 222 1034 rios
235 978 362 1054 populos
377 968 580 1053 migratorum,
598 976 740 1049 tsi-574.
757 973 872 1035 Interea
886 982 1004 1049 Boreas,
1020 978 1056 1037 ab
1070 979 1194 1038 Thracia

157 1092 237 1149 rupe
252 1071 319 1128 navi
333 1091 386 1150 per
399 1073 488 1129 altum
503 1071 654 1130 incedente
669 1086 838 1151 conspecta,
855 1071 1029 1130 furibundus
1045 1076 1142 1131 avolat
1158 1075 1193 1132 ad

159 1189 242 1229 mare
259 1171 459 1248 Tyrrhenum,
476 1171 526 1230 ubi
543 1187 697 1242 ventorum
715 1193 781 1250 rex,
800 1173 916 1243 AEolus,
936 1172 1033 1230 sedem
1051 1173 1194 1244 habebat,

159 1289 176 1326 a
195 1289 256 1346 quo
275 1269 363 1346 petit,
382 1282 414 1326 ut
430 1267 486 1326 sibi
502 1253 621 1347 aliisque
639 1255 731 1330 ventis
751 1265 808 1328 tani
829 1269 1008 1328 temerariam
1027 1275 1193 1330 Graecorum

160 1367 261 1424 navim
277 1385 405 1443 mergere
421 1367 578 1438 concedat,
595 1367 736 1442 575-609.
751 1367 863 1426 Annuit
880 1387 991 1424 senex:
1008 1383 1085 1427 saeta
1101 1369 1197 1426 oritur

161 1475 318 1541 tempestas
339 1476 369 1519 et
392 1470 567 1540 Argonautae
591 1465 718 1522 animum
741 1464 801 1520 fere
827 1462 1023 1541 despondent,
1048 1465 1192 1533 dio-640.

160 1565 332 1636 Neptunus,
347 1557 422 1616 datae
436 1561 544 1618 Junoni
559 1574 588 1617 et
605 1560 715 1619 Palladi
732 1560 798 1617 lidei
815 1580 939 1624 memor,
957 1561 1052 1638 placat
1070 1581 1149 1619 mare
1168 1573 1196 1617 et

160 1658 301 1714 serenitas
316 1655 390 1740 redit
405 1658 491 1728 cael0,
506 1661 595 1714 lason
610 1677 681 1714 vero
701 1656 736 1714 ad
758 1658 861 1734 gratias
880 1656 1004 1734 agendas
1021 1657 1092 1714 libat
1109 1659 1195 1730 vino,

161 1774 252 1831 seque
268 1774 393 1832 suosque
412 1753 467 1812 deo
487 1753 686 1826 commendat,
705 1756 848 1830 ear-692.
874 1755 925 1812 His
940 1755 1077 1832 periculis
1094 1769 1195 1832 erepto

161 1852 261 1910 lasoni
283 1852 355 1909 alius
379 1851 416 1919 de
441 1852 547 1909 relictis
573 1851 652 1908 domi
673 1850 841 1930 parentibus
862 1849 997 1908 oboritur
1016 1861 1125 1922 metus,
1143 1873 1195 1908 nec

161 1949 270 2018 inanis,
289 1949 433 2024 693-699.
450 1947 621 2006 Desiderato
638 1948 715 2005 enim
731 1948 790 2004 lilio
808 1947 901 2005 Pelias
918 1947 1003 2016 lurit,
1021 1946 1195 2004 vindictam-

162 2063 236 2122 que,
246 2063 333 2121 quam
347 2048 478 2103 aJasoue
490 2045 554 2122 ipso
564 2064 622 2100 non
637 2057 749 2121 posset,-
760 2064 776 2101 a
787 2041 956 2120 parentibus
967 2062 1080 2100 sumere
1092 2045 1196 2100 cunsti-

164 2142 231 2213 tnit,
249 2161 394 2218 700-729.
414 2141 563 2200 Alcimede
579 2163 631 2221 per
650 2140 679 2199 id
699 2155 812 2220 tempus
831 2154 861 2198 et
875 2145 964 2199 AEson
984 2161 1065 2200 sacra
1079 2140 1136 2198 diis
1154 2143 1195 2200 in-

164 2241 230 2298 leris
254 2241 397 2312 fecerant,
418 2260 573 2320 manesque
594 2253 786 2298 evocaverant
806 2240 965 2317 majorum,
986 2252 1034 2312 ut,
1053 2260 1117 2316 quae
1139 2241 1195 2298 lata

162 2311 341 2394 carissimum
354 2337 443 2406 lilium
459 2350 624 2408 manerent,
639 2339 838 2414 exquirerent,
848 2337 998 2408 ’βο-737.
1015 2341 1146 2413 Apparet
1160 2357 1195 2393 eu
1279 2389 1281 2393 .

161 2433 263 2491 inferis
284 2433 437 2505 Cretheus,
455 2434 568 2492 AEsonis
588 2447 687 2511 pater,
705 2447 734 2490 et
755 2434 818 2491 laeta
842 2432 958 2509 quidem
978 2434 1077 2491 Jasoni
1098 2434 1195 2490 omnia

166 2531 334 2610 felicemque
349 2532 377 2588 in
395 2532 519 2609 patriam
536 2531 678 2603 reditum,
693 2530 761 2608 ipsis
775 2550 847 2588 vero
864 2529 982 2588 crudele
999 2530 1083 2588 Peliae
1098 2531 1196 2588 cousi-

164 2629 233 2686 lium
245 2629 433 2707 praenuntiat,
441 2628 519 2706 quod
532 2629 695 2686 voluntaria
706 2627 808 2686 suadet
819 2641 913 2686 morte
924 2641 1113 2705 praevertere,
1126 2628 1196 2701 738-

166 2724 230 2796 751.
249 2724 359 2783 Audito
378 2723 574 2782 fremebundae
593 2724 674 2781 urbis
694 2725 819 2782 elamore
834 2728 922 2781 AEson
939 2737 1065 2800 coeptum
1080 2725 1110 2780 iu
1129 2725 1197 2781 luco

164 2823 333 2880 sacrificium
351 2821 552 2899 interrumpit,
569 2833 598 2878 et
618 2819 739 2878 dubium
761 2820 849 2877 animi
868 2820 930 2896 ipsa
947 2820 1053 2876 excitat
1072 2821 1194 2896 conjux,

165 2919 357 2996 comitemque
369 2939 429 2978 sese
443 2919 584 2976 morituro
596 2917 783 2975 libentissime
799 2917 861 2972 fore
875 2915 1037 2992 profitetur.
1053 2915 1099 2974 ad
1115 2936 1195 2974 sacra

90 3074 91 3077 ,
166 3015 252 3093 igitur
270 3015 446 3093 perlicienda
467 3027 608 3074 mactatur
629 3014 743 3072 adstans
765 3011 860 3071 adhuc
883 3025 995 3083 taurus,
1014 3012 1095 3089 cnjus
1113 3014 1196 3072 tactis

166 3111 300 3171 cornibus
311 3117 400 3170 AEson
413 3111 497 3183 deos,
510 3123 542 3168 ut
555 3109 697 3189 placidam
714 3108 769 3167 sibi
786 3108 863 3187 apud
879 3108 987 3165 inferos
1006 3108 1103 3165 sedem
1123 3129 1194 3166 con-

166 3207 268 3265 cedere
286 3208 389 3278 velint,
405 3220 555 3285 precatur,
569 3208 668 3264 Pelian
686 3220 786 3264 nonna
801 3205 927 3264 devovet
941 3203 1019 3262 diris.
1035 3209 1109 3263 Tum
1123 3225 1195 3262 vero

165 3304 268 3361 hausto
283 3305 358 3361 tauri
372 3305 511 3381 sanguine
522 3302 617 3362 calido
630 3303 787 3362 concidunt
798 3300 929 3380 nt'rique3
941 3302 1076 3380 missique
1090 3323 1106 3360 a
1117 3303 1195 3361 Pelia

163 3395 363 3478 percussores,
390 3421 479 3478 quum
506 3380 695 3458 moribundos
718 3398 873 3457 oflendunt
898 3411 1049 3477 parentes,
1073 3400 1196 3458 filiolum

166 3499 390 3579 (promachum)
408 3497 566 3570 trucidant,
584 3499 729 3570 752-826.
751 3495 932 3556 Describitur
951 3498 1045 3575 ampla
1064 3497 1199 3555 Plutonis

166 3592 263 3674 regia,
279 3595 344 3654 duae
356 3595 396 3654 ibi
407 3609 515 3674 portae,
528 3596 616 3653 latior
630 3595 733 3666 altera,
748 3595 838 3652 altera
852 3596 1016 3673 angustior,
1034 3594 1144 3660 ducens
1157 3595 1200 3654 ad

166 3708 285 3770 camptu
299 3692 417 3768 elysios,
430 3694 460 3749 in
471 3691 577 3768 quibus
589 3690 693 3768 gaudia
710 3703 740 3747 et
756 3710 858 3768 magna
870 3705 899 3748 et
912 3693 1002 3750 multa
1015 3691 1124 3769 ubique
1137 3692 1195 3749 do·-
1220 3679 1224 3692 ⁸

166 3789 320 3850 minantur.
343 3793 404 3848 Hos
423 3789 452 3846 in
474 3807 591 3866 campos
611 3789 748 3846 mirantes
769 3789 955 3865 laetantesque
972 3792 1078 3847 AEsona
1104 3788 1196 3853 lilium

164 3905 328 3964 nurumque
342 3885 510 3970 Alcimeden
528 3883 641 3942 inducit
657 3883 812 3956 Cretheus,
830 3885 974 3956 827-851.

302 4009 308 4036 l
389 4035 392 4044 .
