<?xml version="1.0" encoding="UTF-8"?>
<!DOCTYPE html PUBLIC "-//W3C//DTD XHTML 1.0 Transitional//EN"
    "http://www.w3.org/TR/xhtml1/DTD/xhtml1-transitional.dtd">
<html xmlns="http://www.w3.org/1999/xhtml" xml:lang="en" lang="en">
 <head>
  <title>
</title>
<meta http-equiv="Content-Type" content="text/html;charset=utf-8" />
  <meta name='ocr-system' content='tesseract 3.04.00' />
  <meta name='ocr-capabilities' content='ocr_page ocr_carea ocr_par ocr_line ocrx_word'/>
</head>
<body>
  <div class='ocr_page' id='page_1' title='image "./cvaleriiflaccis00apolgoog_0076.png"; bbox 0 0 3192 5128; ppageno 0'>
   <div class='ocr_carea' id='block_1_1' title="bbox 106 548 1197 982">
    <p class='ocr_par' dir='ltr' id='par_1_1' title="bbox 106 548 1197 982">
     <span class='ocr_line' id='line_1_1' title="bbox 320 548 1196 618; baseline -0.005 0"><span class='ocrx_word' id='word_1_1' title='bbox 320 549 572 618; x_wconf 86' lang='lat' dir='ltr'><strong>HISTORIA</strong></span> <span class='ocrx_word' id='word_1_2' title='bbox 597 550 628 616; x_wconf 83' lang='lat' dir='ltr'>A</span> <span class='ocrx_word' id='word_1_3' title='bbox 653 548 800 616; x_wconf 86' lang='lat' dir='ltr'>LAUR.</span> <span class='ocrx_word' id='word_1_4' title='bbox 820 548 995 618; x_wconf 84' lang='lat' dir='ltr'><strong>BALBO.</strong></span> <span class='ocrx_word' id='word_1_5' title='bbox 1128 569 1196 616; x_wconf 79' lang='lat' dir='ltr'>va</span> 
     </span>
     <span class='ocr_line' id='line_1_2' title="bbox 106 675 1197 768; baseline -0.005 -24"><span class='ocrx_word' id='word_1_6' title='bbox 106 677 277 744; x_wconf 82' lang='lat' dir='ltr'>tradunt:</span> <span class='ocrx_word' id='word_1_7' title='bbox 307 703 410 768; x_wconf 88' lang='lat' dir='ltr'>quem</span> <span class='ocrx_word' id='word_1_8' title='bbox 431 681 540 744; x_wconf 79' lang='lat' dir='ltr'>Boreoe</span> <span class='ocrx_word' id='word_1_9' title='bbox 562 675 618 744; x_wconf 83' lang='lat' dir='ltr'>titii</span> <span class='ocrx_word' id='word_1_10' title='bbox 638 679 732 743; x_wconf 84' lang='lat' dir='ltr'><strong>Zetes</strong></span> <span class='ocrx_word' id='word_1_11' title='bbox 747 695 781 743; x_wconf 90' lang='lat' dir='ltr'>et</span> <span class='ocrx_word' id='word_1_12' title='bbox 798 678 899 742; x_wconf 80' lang='lat' dir='ltr'><strong>Calais</strong></span> <span class='ocrx_word' id='word_1_13' title='bbox 918 678 959 742; x_wconf 91' lang='lat' dir='ltr'>ah</span> <span class='ocrx_word' id='word_1_14' title='bbox 977 678 1145 766; x_wconf 78' lang='lat' dir='ltr'>Harpyiis,</span> <span class='ocrx_word' id='word_1_15' title='bbox 1159 693 1197 740; x_wconf 91' lang='lat' dir='ltr'>ut</span> 
     </span>
     <span class='ocr_line' id='line_1_3' title="bbox 107 782 1197 873; baseline -0.005 -22"><span class='ocrx_word' id='word_1_16' title='bbox 107 785 284 867; x_wconf 75' lang='lat' dir='ltr'>vidimus,</span> <span class='ocrx_word' id='word_1_17' title='bbox 302 786 499 866; x_wconf 83' lang='lat' dir='ltr'>liberarunt,</span> <span class='ocrx_word' id='word_1_18' title='bbox 522 784 564 849; x_wconf 90' lang='lat' dir='ltr'>de</span> <span class='ocrx_word' id='word_1_19' title='bbox 580 805 662 872; x_wconf 88' lang='lat' dir='ltr'>quo,</span> <span class='ocrx_word' id='word_1_20' title='bbox 678 784 755 872; x_wconf 87' lang='lat' dir='ltr'>quia</span> <span class='ocrx_word' id='word_1_21' title='bbox 773 784 874 848; x_wconf 87' lang='lat' dir='ltr'>multa</span> <span class='ocrx_word' id='word_1_22' title='bbox 888 784 976 873; x_wconf 90' lang='lat' dir='ltr'>apud</span> <span class='ocrx_word' id='word_1_23' title='bbox 993 784 1124 850; x_wconf 80' lang='lat' dir='ltr'>latinos</span> <span class='ocrx_word' id='word_1_24' title='bbox 1147 782 1197 846; x_wconf 91' lang='lat' dir='ltr'>in·</span> 
     </span>
     <span class='ocr_line' id='line_1_4' title="bbox 111 891 704 982; baseline -0.002 -24"><span class='ocrx_word' id='word_1_25' title='bbox 111 894 252 976; x_wconf 84' lang='lat' dir='ltr'>venies,</span> <span class='ocrx_word' id='word_1_26' title='bbox 271 916 344 959; x_wconf 90' lang='lat' dir='ltr'>non</span> <span class='ocrx_word' id='word_1_27' title='bbox 358 895 451 982; x_wconf 87' lang='lat' dir='ltr'>plura</span> <span class='ocrx_word' id='word_1_28' title='bbox 465 891 562 957; x_wconf 81' lang='lat' dir='ltr'>rerba</span> <span class='ocrx_word' id='word_1_29' title='bbox 579 891 704 957; x_wconf 82' lang='lat' dir='ltr'>faciant.</span> 
     </span>
    </p>
   </div>
   <div class='ocr_carea' id='block_1_2' title="bbox 401 1071 924 1178">
    <p class='ocr_par' dir='ltr' id='par_1_2' title="bbox 401 1071 924 1178">
     <span class='ocr_line' id='line_1_5' title="bbox 401 1071 924 1178; baseline -0.004 -22"><span class='ocrx_word' id='word_1_30' title='bbox 401 1091 449 1156; x_wconf 83' lang='lat' dir='ltr'>De</span> <span class='ocrx_word' id='word_1_31' title='bbox 463 1104 562 1156; x_wconf 69' lang='lat' dir='ltr'>motae</span> <span class='ocrx_word' id='word_1_32' title='bbox 576 1071 718 1154; x_wconf 69' lang='lat' dir='ltr'>&#39;Idmonis</span> <span class='ocrx_word' id='word_1_33' title='bbox 735 1103 764 1154; x_wconf 80' lang='lat' dir='ltr'>et</span> <span class='ocrx_word' id='word_1_34' title='bbox 779 1089 924 1178; x_wconf 61' lang='lat' dir='ltr'>Yijpltyos.</span> 
     </span>
    </p>
   </div>
   <div class='ocr_carea' id='block_1_3' title="bbox 17 1271 1201 1783">
    <p class='ocr_par' dir='ltr' id='par_1_3' title="bbox 17 1271 1201 1783">
     <span class='ocr_line' id='line_1_6' title="bbox 169 1271 1199 1364; baseline -0.001 -27"><span class='ocrx_word' id='word_1_35' title='bbox 169 1272 276 1337; x_wconf 91' lang='lat' dir='ltr'>Abeo</span> <span class='ocrx_word' id='word_1_36' title='bbox 292 1271 428 1360; x_wconf 73' lang='lat' dir='ltr'>digressi</span> <span class='ocrx_word' id='word_1_37' title='bbox 439 1318 448 1353; x_wconf 92' lang='lat'>,</span> <span class='ocrx_word' id='word_1_38' title='bbox 458 1273 600 1361; x_wconf 88' lang='lat' dir='ltr'>Cyaneas</span> <span class='ocrx_word' id='word_1_39' title='bbox 616 1288 740 1361; x_wconf 89' lang='lat' dir='ltr'>petras,</span> <span class='ocrx_word' id='word_1_40' title='bbox 754 1295 835 1361; x_wconf 88' lang='lat' dir='ltr'>quas</span> <span class='ocrx_word' id='word_1_41' title='bbox 852 1288 886 1336; x_wconf 90' lang='lat' dir='ltr'>et</span> <span class='ocrx_word' id='word_1_42' title='bbox 898 1272 1125 1364; x_wconf 86' lang='lat' dir='ltr'>Symplegadas</span> <span class='ocrx_word' id='word_1_43' title='bbox 1141 1295 1199 1336; x_wconf 87' lang='lat' dir='ltr'>vo·</span> 
     </span>
     <span class='ocr_line' id='line_1_7' title="bbox 128 1378 1201 1467; baseline -0.004 -23"><span class='ocrx_word' id='word_1_44' title='bbox 128 1394 221 1460; x_wconf 76' lang='lat' dir='ltr'>(ant,</span> <span class='ocrx_word' id='word_1_45' title='bbox 233 1400 303 1441; x_wconf 92' lang='lat' dir='ltr'>non</span> <span class='ocrx_word' id='word_1_46' title='bbox 314 1378 384 1442; x_wconf 87' lang='lat' dir='ltr'>sine</span> <span class='ocrx_word' id='word_1_47' title='bbox 395 1378 539 1467; x_wconf 89' lang='lat' dir='ltr'>periculo</span> <span class='ocrx_word' id='word_1_48' title='bbox 555 1378 763 1460; x_wconf 88' lang='lat' dir='ltr'>transierunt,</span> <span class='ocrx_word' id='word_1_49' title='bbox 773 1379 924 1443; x_wconf 91' lang='lat' dir='ltr'>columba</span> <span class='ocrx_word' id='word_1_50' title='bbox 932 1378 1033 1462; x_wconf 87' lang='lat' dir='ltr'>duce,</span> <span class='ocrx_word' id='word_1_51' title='bbox 1044 1394 1081 1443; x_wconf 91' lang='lat' dir='ltr'>ut</span> <span class='ocrx_word' id='word_1_52' title='bbox 1090 1378 1201 1443; x_wconf 84' lang='lat' dir='ltr'>scribit</span> 
     </span>
     <span class='ocr_line' id='line_1_8' title="bbox 131 1483 1200 1574; baseline -0.002 -24"><span class='ocrx_word' id='word_1_53' title='bbox 131 1483 355 1574; x_wconf 86' lang='lat' dir='ltr'>Asclepiades,</span> <span class='ocrx_word' id='word_1_54' title='bbox 367 1500 400 1548; x_wconf 89' lang='lat' dir='ltr'>et</span> <span class='ocrx_word' id='word_1_55' title='bbox 414 1483 549 1548; x_wconf 85' lang='lat' dir='ltr'>Ovidius</span> <span class='ocrx_word' id='word_1_56' title='bbox 560 1485 595 1547; x_wconf 91' lang='lat' dir='ltr'>in</span> <span class='ocrx_word' id='word_1_57' title='bbox 606 1483 658 1547; x_wconf 91' lang='lat' dir='ltr'>Ibi</span> <span class='ocrx_word' id='word_1_58' title='bbox 673 1485 785 1574; x_wconf 90' lang='lat' dir='ltr'>tangit.</span> <span class='ocrx_word' id='word_1_59' title='bbox 796 1484 878 1548; x_wconf 87' lang='lat' dir='ltr'>Inde</span> <span class='ocrx_word' id='word_1_60' title='bbox 894 1484 934 1548; x_wconf 91' lang='lat' dir='ltr'>ad</span> <span class='ocrx_word' id='word_1_61' title='bbox 943 1484 1200 1574; x_wconf 85' lang='lat' dir='ltr'>Mariandyniam</span> 
     </span>
     <span class='ocr_line' id='line_1_9' title="bbox 17 1587 1201 1679; baseline 0 -27"><span class='ocrx_word' id='word_1_62' title='bbox 17 1609 18 1640; x_wconf 70' lang='lat' dir='ltr'>t</span> <span class='ocrx_word' id='word_1_63' title='bbox 132 1606 312 1670; x_wconf 77' lang='lat' dir='ltr'>venerunt,</span> <span class='ocrx_word' id='word_1_64' title='bbox 324 1589 381 1652; x_wconf 91' lang='lat' dir='ltr'>ubi</span> <span class='ocrx_word' id='word_1_65' title='bbox 390 1590 496 1678; x_wconf 89' lang='lat' dir='ltr'>Lycus</span> <span class='ocrx_word' id='word_1_66' title='bbox 507 1589 636 1676; x_wconf 86' lang='lat' dir='ltr'>Dascyli</span> <span class='ocrx_word' id='word_1_67' title='bbox 649 1587 734 1652; x_wconf 89' lang='lat' dir='ltr'>filius</span> <span class='ocrx_word' id='word_1_68' title='bbox 748 1589 919 1678; x_wconf 79' lang='lat' dir='ltr'>regnabat,</span> <span class='ocrx_word' id='word_1_69' title='bbox 935 1591 991 1678; x_wconf 91' lang='lat' dir='ltr'>qui</span> <span class='ocrx_word' id='word_1_70' title='bbox 1001 1593 1201 1679; x_wconf 82' lang='lat' dir='ltr'>Argonautas</span> 
     </span>
     <span class='ocr_line' id='line_1_10' title="bbox 17 1693 1201 1783; baseline -0.002 -23"><span class='ocrx_word' id='word_1_71' title='bbox 17 1717 18 1768; x_wconf 67' lang='lat' dir='ltr'><strong>f</strong></span> <span class='ocrx_word' id='word_1_72' title='bbox 131 1695 347 1760; x_wconf 86' lang='lat' dir='ltr'>libentissime</span> <span class='ocrx_word' id='word_1_73' title='bbox 370 1695 512 1783; x_wconf 84' lang='lat' dir='ltr'>suscepit</span> <span class='ocrx_word' id='word_1_74' title='bbox 531 1694 690 1781; x_wconf 89' lang='lat' dir='ltr'>hospitio,</span> <span class='ocrx_word' id='word_1_75' title='bbox 721 1711 754 1756; x_wconf 90' lang='lat' dir='ltr'>et</span> <span class='ocrx_word' id='word_1_76' title='bbox 779 1693 909 1781; x_wconf 87' lang='lat' dir='ltr'>quoda</span> <span class='ocrx_word' id='word_1_77' title='bbox 936 1696 1055 1760; x_wconf 83' lang='lat' dir='ltr'>Graecis</span> <span class='ocrx_word' id='word_1_78' title='bbox 1076 1709 1201 1783; x_wconf 87' lang='lat' dir='ltr'>patrem</span> 
     </span>
    </p>
   </div>
   <div class='ocr_carea' id='block_1_4' title="bbox 17 1799 1202 1888">
    <p class='ocr_par' dir='ltr' id='par_1_4' title="bbox 17 1799 1202 1888">
     <span class='ocr_line' id='line_1_11' title="bbox 17 1799 1202 1888; baseline 0.003 -28"><span class='ocrx_word' id='word_1_79' title='bbox 17 1855 18 1860; x_wconf 73' lang='grc'>,</span> <span class='ocrx_word' id='word_1_80' title='bbox 134 1823 232 1864; x_wconf 86' lang='lat' dir='ltr'>suum</span> <span class='ocrx_word' id='word_1_81' title='bbox 250 1800 404 1888; x_wconf 85' lang='lat' dir='ltr'>Pelopem</span> <span class='ocrx_word' id='word_1_82' title='bbox 415 1799 612 1864; x_wconf 89' lang='lat' dir='ltr'>honoratum</span> <span class='ocrx_word' id='word_1_83' title='bbox 626 1801 762 1881; x_wconf 89' lang='lat' dir='ltr'>sciebat,</span> <span class='ocrx_word' id='word_1_84' title='bbox 777 1815 809 1862; x_wconf 89' lang='lat' dir='ltr'>et</span> <span class='ocrx_word' id='word_1_85' title='bbox 821 1799 910 1886; x_wconf 92' lang='lat' dir='ltr'>quod</span> <span class='ocrx_word' id='word_1_86' title='bbox 920 1800 1035 1864; x_wconf 83' lang='lat' dir='ltr'>Pollux</span> <span class='ocrx_word' id='word_1_87' title='bbox 1044 1803 1202 1888; x_wconf 86' lang='lat' dir='ltr'>Amycum</span> 
     </span>
    </p>
   </div>
   <div class='ocr_carea' id='block_1_5' title="bbox 135 1904 1216 3572">
    <p class='ocr_par' dir='ltr' id='par_1_5' title="bbox 135 1904 1216 3572">
     <span class='ocr_line' id='line_1_12' title="bbox 135 1904 1203 1971; baseline -0.002 -1"><span class='ocrx_word' id='word_1_88' title='bbox 135 1907 250 1970; x_wconf 79' lang='lat' dir='ltr'>Priolae</span> <span class='ocrx_word' id='word_1_89' title='bbox 260 1905 368 1970; x_wconf 82' lang='lat' dir='ltr'>fratris</span> <span class='ocrx_word' id='word_1_90' title='bbox 381 1905 559 1970; x_wconf 86' lang='lat' dir='ltr'>occisorem</span> <span class='ocrx_word' id='word_1_91' title='bbox 570 1904 785 1970; x_wconf 83' lang='lat' dir='ltr'>interfecerat.</span> <span class='ocrx_word' id='word_1_92' title='bbox 795 1905 858 1969; x_wconf 89' lang='lat' dir='ltr'>Hic</span> <span class='ocrx_word' id='word_1_93' title='bbox 868 1904 984 1969; x_wconf 80' lang='lat' dir='ltr'>Idmon</span> <span class='ocrx_word' id='word_1_94' title='bbox 993 1921 1079 1971; x_wconf 84' lang='lat' dir='ltr'>vates</span> <span class='ocrx_word' id='word_1_95' title='bbox 1089 1906 1203 1971; x_wconf 84' lang='lat' dir='ltr'>Phoebi</span> 
     </span>
     <span class='ocr_line' id='line_1_13' title="bbox 135 2009 1205 2100; baseline -0.001 -24"><span class='ocrx_word' id='word_1_96' title='bbox 135 2011 231 2093; x_wconf 81' lang='lat' dir='ltr'>fitius,</span> <span class='ocrx_word' id='word_1_97' title='bbox 239 2028 297 2075; x_wconf 92' lang='lat' dir='ltr'>aut</span> <span class='ocrx_word' id='word_1_98' title='bbox 309 2011 417 2076; x_wconf 86' lang='lat' dir='ltr'>verius</span> <span class='ocrx_word' id='word_1_99' title='bbox 433 2012 587 2094; x_wconf 65' lang='lat' dir='ltr'>Abarim,</span> <span class='ocrx_word' id='word_1_100' title='bbox 604 2010 689 2075; x_wconf 88' lang='lat' dir='ltr'>dietn</span> <span class='ocrx_word' id='word_1_101' title='bbox 708 2009 791 2076; x_wconf 92' lang='lat' dir='ltr'>obiit</span> <span class='ocrx_word' id='word_1_102' title='bbox 806 2011 847 2074; x_wconf 93' lang='lat' dir='ltr'>ab</span> <span class='ocrx_word' id='word_1_103' title='bbox 861 2033 940 2100; x_wconf 87' lang='lat' dir='ltr'>apro</span> <span class='ocrx_word' id='word_1_104' title='bbox 952 2013 1154 2092; x_wconf 83' lang='lat' dir='ltr'>vulneratus,</span> <span class='ocrx_word' id='word_1_105' title='bbox 1167 2027 1205 2075; x_wconf 90' lang='lat' dir='ltr'>ut</span> 
     </span>
     <span class='ocr_line' id='line_1_14' title="bbox 135 2116 1205 2206; baseline -0.001 -24"><span class='ocrx_word' id='word_1_106' title='bbox 135 2117 300 2206; x_wconf 78' lang='lat' dir='ltr'>Nymphis</span> <span class='ocrx_word' id='word_1_107' title='bbox 318 2117 353 2180; x_wconf 92' lang='lat' dir='ltr'>in</span> <span class='ocrx_word' id='word_1_108' title='bbox 367 2117 537 2200; x_wconf 83' lang='lat' dir='ltr'>Heraclea,</span> <span class='ocrx_word' id='word_1_109' title='bbox 556 2133 588 2182; x_wconf 92' lang='lat' dir='ltr'>et</span> <span class='ocrx_word' id='word_1_110' title='bbox 605 2116 821 2198; x_wconf 88' lang='lat' dir='ltr'>Promadites‚</span> <span class='ocrx_word' id='word_1_111' title='bbox 837 2133 934 2206; x_wconf 85' lang='lat' dir='ltr'>atque</span> <span class='ocrx_word' id='word_1_112' title='bbox 950 2117 1139 2182; x_wconf 89' lang='lat' dir='ltr'>Herodorus</span> <span class='ocrx_word' id='word_1_113' title='bbox 1155 2133 1205 2181; x_wconf 91' lang='lat' dir='ltr'>te·</span> 
     </span>
     <span class='ocr_line' id='line_1_15' title="bbox 136 2224 1206 2314; baseline -0.001 -25"><span class='ocrx_word' id='word_1_114' title='bbox 136 2241 275 2306; x_wconf 86' lang='lat' dir='ltr'>stantur,</span> <span class='ocrx_word' id='word_1_115' title='bbox 292 2225 349 2312; x_wconf 86' lang='lat' dir='ltr'>qui</span> <span class='ocrx_word' id='word_1_116' title='bbox 372 2247 448 2288; x_wconf 91' lang='lat' dir='ltr'>eum</span> <span class='ocrx_word' id='word_1_117' title='bbox 470 2225 505 2288; x_wconf 92' lang='lat' dir='ltr'>in</span> <span class='ocrx_word' id='word_1_118' title='bbox 535 2225 696 2290; x_wconf 80' lang='lat' dir='ltr'>Heracleae</span> <span class='ocrx_word' id='word_1_119' title='bbox 718 2225 791 2289; x_wconf 84' lang='lat' dir='ltr'>foro</span> <span class='ocrx_word' id='word_1_120' title='bbox 815 2225 977 2314; x_wconf 83' lang='lat' dir='ltr'>sepultum</span> <span class='ocrx_word' id='word_1_121' title='bbox 1002 2224 1122 2289; x_wconf 88' lang='lat' dir='ltr'>scribit.</span> <span class='ocrx_word' id='word_1_122' title='bbox 1144 2225 1206 2288; x_wconf 89' lang='lat' dir='ltr'>Hic</span> 
     </span>
     <span class='ocr_line' id='line_1_16' title="bbox 136 2329 1207 2420; baseline -0.002 -24"><span class='ocrx_word' id='word_1_123' title='bbox 136 2333 234 2396; x_wconf 85' lang='lat' dir='ltr'>etiarn</span> <span class='ocrx_word' id='word_1_124' title='bbox 251 2329 336 2394; x_wconf 91' lang='lat' dir='ltr'>obiit</span> <span class='ocrx_word' id='word_1_125' title='bbox 347 2331 487 2419; x_wconf 84' lang='lat' dir='ltr'>Tiphys,</span> <span class='ocrx_word' id='word_1_126' title='bbox 503 2332 593 2395; x_wconf 86' lang='lat' dir='ltr'>navis</span> <span class='ocrx_word' id='word_1_127' title='bbox 611 2331 819 2420; x_wconf 88' lang='lat' dir='ltr'>gubernator,</span> <span class='ocrx_word' id='word_1_128' title='bbox 834 2346 871 2394; x_wconf 91' lang='lat' dir='ltr'>ut</span> <span class='ocrx_word' id='word_1_129' title='bbox 880 2331 1089 2419; x_wconf 88' lang='lat' dir='ltr'>Apollonius,</span> <span class='ocrx_word' id='word_1_130' title='bbox 1104 2329 1207 2420; x_wconf 85' lang='lat' dir='ltr'>Nym·</span> 
     </span>
     <span class='ocr_line' id='line_1_17' title="bbox 136 2431 1207 2522; baseline -0.001 -26"><span class='ocrx_word' id='word_1_131' title='bbox 136 2433 229 2522; x_wconf 88' lang='lat' dir='ltr'>pbis,</span> <span class='ocrx_word' id='word_1_132' title='bbox 247 2448 282 2497; x_wconf 86' lang='lat' dir='ltr'>et</span> <span class='ocrx_word' id='word_1_133' title='bbox 295 2432 461 2522; x_wconf 89' lang='lat' dir='ltr'>Orpheus,</span> <span class='ocrx_word' id='word_1_134' title='bbox 479 2450 578 2521; x_wconf 90' lang='lat' dir='ltr'>atque</span> <span class='ocrx_word' id='word_1_135' title='bbox 593 2431 737 2496; x_wconf 86' lang='lat' dir='ltr'>Valerius</span> <span class='ocrx_word' id='word_1_136' title='bbox 752 2431 909 2496; x_wconf 88' lang='lat' dir='ltr'>scribunt.</span> <span class='ocrx_word' id='word_1_137' title='bbox 925 2431 1113 2497; x_wconf 89' lang='lat' dir='ltr'>Herodorus</span> <span class='ocrx_word' id='word_1_138' title='bbox 1130 2455 1207 2496; x_wconf 89' lang='lat' dir='ltr'>vero</span> 
     </span>
     <span class='ocr_line' id='line_1_18' title="bbox 139 2533 1205 2624; baseline 0.001 -27"><span class='ocrx_word' id='word_1_139' title='bbox 139 2557 205 2598; x_wconf 91' lang='lat' dir='ltr'>non</span> <span class='ocrx_word' id='word_1_140' title='bbox 225 2534 399 2618; x_wconf 87' lang='lat' dir='ltr'>euntibus,</span> <span class='ocrx_word' id='word_1_141' title='bbox 415 2534 472 2598; x_wconf 91' lang='lat' dir='ltr'>scd</span> <span class='ocrx_word' id='word_1_142' title='bbox 494 2533 708 2598; x_wconf 87' lang='lat' dir='ltr'>redeuntibus</span> <span class='ocrx_word' id='word_1_143' title='bbox 732 2535 946 2624; x_wconf 84' lang='lat' dir='ltr'>Argonautis,</span> <span class='ocrx_word' id='word_1_144' title='bbox 960 2550 1129 2598; x_wconf 87' lang='lat' dir='ltr'>mortuum</span> <span class='ocrx_word' id='word_1_145' title='bbox 1152 2536 1205 2598; x_wconf 89' lang='lat' dir='ltr'>ait.</span> 
     </span>
     <span class='ocr_line' id='line_1_19' title="bbox 142 2639 1209 2730; baseline 0 -26"><span class='ocrx_word' id='word_1_146' title='bbox 142 2641 201 2704; x_wconf 85' lang='lat' dir='ltr'>ttic</span> <span class='ocrx_word' id='word_1_147' title='bbox 220 2640 311 2704; x_wconf 81' lang='lat' dir='ltr'>navis</span> <span class='ocrx_word' id='word_1_148' title='bbox 332 2639 549 2730; x_wconf 86' lang='lat' dir='ltr'>gubernandae</span> <span class='ocrx_word' id='word_1_149' title='bbox 571 2663 692 2706; x_wconf 89' lang='lat' dir='ltr'>munus</span> <span class='ocrx_word' id='word_1_150' title='bbox 710 2639 901 2705; x_wconf 89' lang='lat' dir='ltr'>mandatum</span> <span class='ocrx_word' id='word_1_151' title='bbox 918 2656 968 2704; x_wconf 89' lang='lat' dir='ltr'>est</span> <span class='ocrx_word' id='word_1_152' title='bbox 984 2640 1119 2722; x_wconf 81' lang='lat' dir='ltr'>Ancaeo,</span> <span class='ocrx_word' id='word_1_153' title='bbox 1141 2639 1209 2704; x_wconf 84' lang='lat' dir='ltr'>Ne·</span> 
     </span>
     <span class='ocr_line' id='line_1_20' title="bbox 140 2741 1209 2831; baseline -0.001 -25"><span class='ocrx_word' id='word_1_154' title='bbox 140 2741 235 2831; x_wconf 88' lang='lat' dir='ltr'>ptuni</span> <span class='ocrx_word' id='word_1_155' title='bbox 247 2757 281 2806; x_wconf 86' lang='lat' dir='ltr'>et</span> <span class='ocrx_word' id='word_1_156' title='bbox 293 2743 478 2831; x_wconf 78' lang='lat' dir='ltr'>Astypalaeae</span> <span class='ocrx_word' id='word_1_157' title='bbox 491 2741 558 2806; x_wconf 87' lang='lat' dir='ltr'>filio</span> <span class='ocrx_word' id='word_1_158' title='bbox 569 2790 578 2824; x_wconf 91' lang='lat'>,</span> <span class='ocrx_word' id='word_1_159' title='bbox 594 2758 632 2828; x_wconf 86' lang='lat' dir='ltr'>ut</span> <span class='ocrx_word' id='word_1_160' title='bbox 647 2742 755 2830; x_wconf 89' lang='lat' dir='ltr'>inquit</span> <span class='ocrx_word' id='word_1_161' title='bbox 770 2741 971 2823; x_wconf 89' lang='lat' dir='ltr'>Simonides,</span> <span class='ocrx_word' id='word_1_162' title='bbox 984 2741 1209 2806; x_wconf 88' lang='lat' dir='ltr'>attestantibus</span> 
     </span>
     <span class='ocr_line' id='line_1_21' title="bbox 142 2845 1211 2938; baseline -0.005 -25"><span class='ocrx_word' id='word_1_163' title='bbox 142 2846 329 2938; x_wconf 89' lang='lat' dir='ltr'>Apollonio,</span> <span class='ocrx_word' id='word_1_164' title='bbox 350 2864 448 2936; x_wconf 91' lang='lat' dir='ltr'>atque</span> <span class='ocrx_word' id='word_1_165' title='bbox 463 2847 595 2936; x_wconf 89' lang='lat' dir='ltr'>Orpheo</span> <span class='ocrx_word' id='word_1_166' title='bbox 609 2847 822 2912; x_wconf 88' lang='lat' dir='ltr'>:Theotimus</span> <span class='ocrx_word' id='word_1_167' title='bbox 839 2845 1048 2935; x_wconf 87' lang='lat' dir='ltr'>Euphemum</span> <span class='ocrx_word' id='word_1_168' title='bbox 1062 2846 1211 2934; x_wconf 90' lang='lat' dir='ltr'>Neptuni</span> 
     </span>
     <span class='ocr_line' id='line_1_22' title="bbox 141 2950 1212 3040; baseline -0.005 -21"><span class='ocrx_word' id='word_1_169' title='bbox 141 2972 174 3019; x_wconf 84' lang='lat' dir='ltr'>et</span> <span class='ocrx_word' id='word_1_170' title='bbox 197 2953 393 3019; x_wconf 84' lang='lat' dir='ltr'>Mecionices</span> <span class='ocrx_word' id='word_1_171' title='bbox 418 2952 538 3035; x_wconf 80' lang='lat' dir='ltr'>filium3</span> <span class='ocrx_word' id='word_1_172' title='bbox 564 2951 755 3018; x_wconf 88' lang='lat' dir='ltr'>Herodorus</span> <span class='ocrx_word' id='word_1_173' title='bbox 773 2973 852 3016; x_wconf 85' lang='lat' dir='ltr'>vero</span> <span class='ocrx_word' id='word_1_174' title='bbox 872 2950 1031 3040; x_wconf 82' lang='lat' dir='ltr'>Erginum</span> <span class='ocrx_word' id='word_1_175' title='bbox 1055 2967 1130 3040; x_wconf 91' lang='lat' dir='ltr'>post</span> <span class='ocrx_word' id='word_1_176' title='bbox 1156 2951 1212 3014; x_wconf 90' lang='lat' dir='ltr'>Ti·</span> 
     </span>
     <span class='ocr_line' id='line_1_23' title="bbox 140 3057 1212 3151; baseline -0.004 -28"><span class='ocrx_word' id='word_1_177' title='bbox 140 3061 247 3151; x_wconf 89' lang='lat' dir='ltr'>phyos</span> <span class='ocrx_word' id='word_1_178' title='bbox 270 3060 397 3126; x_wconf 88' lang='lat' dir='ltr'>obitum</span> <span class='ocrx_word' id='word_1_179' title='bbox 420 3083 535 3124; x_wconf 88' lang='lat' dir='ltr'>navem</span> <span class='ocrx_word' id='word_1_180' title='bbox 559 3059 755 3150; x_wconf 88' lang='lat' dir='ltr'>gubernasse</span> <span class='ocrx_word' id='word_1_181' title='bbox 783 3057 910 3138; x_wconf 88' lang='lat' dir='ltr'>scribit,</span> <span class='ocrx_word' id='word_1_182' title='bbox 933 3078 1032 3144; x_wconf 88' lang='lat' dir='ltr'>quern</span> <span class='ocrx_word' id='word_1_183' title='bbox 1054 3072 1212 3145; x_wconf 86' lang='lat' dir='ltr'>sequutus</span> 
     </span>
     <span class='ocr_line' id='line_1_24' title="bbox 142 3162 1214 3254; baseline -0.003 -24"><span class='ocrx_word' id='word_1_184' title='bbox 142 3167 274 3232; x_wconf 79' lang='lat' dir='ltr'>ridetur</span> <span class='ocrx_word' id='word_1_185' title='bbox 291 3167 457 3231; x_wconf 85' lang='lat' dir='ltr'>Valerius:</span> <span class='ocrx_word' id='word_1_186' title='bbox 474 3165 565 3254; x_wconf 88' lang='lat' dir='ltr'>quod</span> <span class='ocrx_word' id='word_1_187' title='bbox 587 3165 649 3229; x_wconf 84' lang='lat' dir='ltr'>fuit</span> <span class='ocrx_word' id='word_1_188' title='bbox 666 3166 699 3227; x_wconf 92' lang='lat' dir='ltr'>in</span> <span class='ocrx_word' id='word_1_189' title='bbox 721 3187 833 3246; x_wconf 88' lang='lat' dir='ltr'>causa,</span> <span class='ocrx_word' id='word_1_190' title='bbox 849 3180 888 3228; x_wconf 91' lang='lat' dir='ltr'>ut</span> <span class='ocrx_word' id='word_1_191' title='bbox 900 3178 932 3227; x_wconf 88' lang='lat' dir='ltr'>et</span> <span class='ocrx_word' id='word_1_192' title='bbox 948 3162 1159 3251; x_wconf 88' lang='lat' dir='ltr'>Apollonius,</span> <span class='ocrx_word' id='word_1_193' title='bbox 1180 3180 1214 3227; x_wconf 88' lang='lat' dir='ltr'>et</span> 
     </span>
     <span class='ocr_line' id='line_1_25' title="bbox 142 3271 1216 3365; baseline -0.002 -27"><span class='ocrx_word' id='word_1_194' title='bbox 142 3277 309 3358; x_wconf 84' lang='lat' dir='ltr'>Valerius,</span> <span class='ocrx_word' id='word_1_195' title='bbox 333 3277 366 3339; x_wconf 93' lang='lat' dir='ltr'>in</span> <span class='ocrx_word' id='word_1_196' title='bbox 392 3275 638 3365; x_wconf 89' lang='lat' dir='ltr'>gubernationis</span> <span class='ocrx_word' id='word_1_197' title='bbox 660 3275 817 3363; x_wconf 91' lang='lat' dir='ltr'>petitione</span> <span class='ocrx_word' id='word_1_198' title='bbox 839 3274 958 3337; x_wconf 90' lang='lat' dir='ltr'>horum</span> <span class='ocrx_word' id='word_1_199' title='bbox 978 3271 1126 3336; x_wconf 87' lang='lat' dir='ltr'>omnium</span> <span class='ocrx_word' id='word_1_200' title='bbox 1149 3295 1216 3336; x_wconf 86' lang='lat' dir='ltr'>rne-</span> 
     </span>
     <span class='ocr_line' id='line_1_26' title="bbox 142 3376 1215 3467; baseline -0.005 -21"><span class='ocrx_word' id='word_1_201' title='bbox 142 3383 308 3446; x_wconf 85' lang='lat' dir='ltr'>minerint.</span> <span class='ocrx_word' id='word_1_202' title='bbox 316 3381 485 3445; x_wconf 78' lang='lat' dir='ltr'>Defunctis</span> <span class='ocrx_word' id='word_1_203' title='bbox 493 3379 647 3444; x_wconf 90' lang='lat' dir='ltr'>heroibus</span> <span class='ocrx_word' id='word_1_204' title='bbox 660 3379 774 3444; x_wconf 90' lang='lat' dir='ltr'>solutis</span> <span class='ocrx_word' id='word_1_205' title='bbox 785 3377 956 3467; x_wconf 82' lang='lat' dir='ltr'>exsequiis,</span> <span class='ocrx_word' id='word_1_206' title='bbox 966 3376 1110 3442; x_wconf 90' lang='lat' dir='ltr'>secundo</span> <span class='ocrx_word' id='word_1_207' title='bbox 1117 3395 1215 3441; x_wconf 88' lang='lat' dir='ltr'>vento</span> 
     </span>
     <span class='ocr_line' id='line_1_27' title="bbox 143 3465 1215 3572; baseline -0.007 -25"><span class='ocrx_word' id='word_1_208' title='bbox 143 3483 301 3572; x_wconf 79' lang='lat' dir='ltr'>perraria</span> <span class='ocrx_word' id='word_1_209' title='bbox 317 3483 387 3546; x_wconf 83' lang='lat' dir='ltr'>lo&#39;ca</span> <span class='ocrx_word' id='word_1_210' title='bbox 400 3480 442 3545; x_wconf 91' lang='lat' dir='ltr'>ad</span> <span class='ocrx_word' id='word_1_211' title='bbox 459 3465 600 3555; x_wconf 82' lang='lat' dir='ltr'>Colchos</span> <span class='ocrx_word' id='word_1_212' title='bbox 614 3479 829 3569; x_wconf 82' lang='lat' dir='ltr'>appulerunt3</span> <span class='ocrx_word' id='word_1_213' title='bbox 848 3495 881 3542; x_wconf 89' lang='lat' dir='ltr'>et</span> <span class='ocrx_word' id='word_1_214' title='bbox 899 3477 973 3565; x_wconf 87' lang='lat' dir='ltr'>quia</span> <span class='ocrx_word' id='word_1_215' title='bbox 989 3479 1090 3540; x_wconf 91' lang='lat' dir='ltr'>multa</span> <span class='ocrx_word' id='word_1_216' title='bbox 1107 3476 1161 3540; x_wconf 95' lang='lat' dir='ltr'>hic</span> <span class='ocrx_word' id='word_1_217' title='bbox 1175 3476 1215 3540; x_wconf 92' lang='lat' dir='ltr'>dc</span> 
     </span>
    </p>
   </div>
   <div class='ocr_carea' id='block_1_6' title="bbox 143 3583 1217 4099">
    <p class='ocr_par' dir='ltr' id='par_1_6' title="bbox 143 3583 1217 4099">
     <span class='ocr_line' id='line_1_28' title="bbox 143 3583 1217 3676; baseline -0.007 -22"><span class='ocrx_word' id='word_1_218' title='bbox 143 3589 258 3670; x_wconf 82' lang='lat' dir='ltr'>AEeta,</span> <span class='ocrx_word' id='word_1_219' title='bbox 272 3605 370 3676; x_wconf 87' lang='lat' dir='ltr'>atque</span> <span class='ocrx_word' id='word_1_220' title='bbox 384 3589 453 3667; x_wconf 88' lang='lat' dir='ltr'>ejus</span> <span class='ocrx_word' id='word_1_221' title='bbox 467 3585 539 3652; x_wconf 89' lang='lat' dir='ltr'>filiis</span> <span class='ocrx_word' id='word_1_222' title='bbox 557 3587 722 3667; x_wconf 83' lang='lat' dir='ltr'>dicuntur,</span> <span class='ocrx_word' id='word_1_223' title='bbox 739 3608 807 3649; x_wconf 92' lang='lat' dir='ltr'>non</span> <span class='ocrx_word' id='word_1_224' title='bbox 821 3585 882 3648; x_wconf 87' lang='lat' dir='ltr'>erit</span> <span class='ocrx_word' id='word_1_225' title='bbox 897 3585 953 3648; x_wconf 88' lang='lat' dir='ltr'>abs</span> <span class='ocrx_word' id='word_1_226' title='bbox 968 3607 1023 3666; x_wconf 90' lang='lat' dir='ltr'>re,</span> <span class='ocrx_word' id='word_1_227' title='bbox 1036 3583 1217 3648; x_wconf 88' lang='lat' dir='ltr'>dummodo</span> 
     </span>
     <span class='ocr_line' id='line_1_29' title="bbox 144 3680 1217 3776; baseline -0.006 -18"><span class='ocrx_word' id='word_1_228' title='bbox 144 3718 214 3758; x_wconf 93' lang='lat' dir='ltr'>non</span> <span class='ocrx_word' id='word_1_229' title='bbox 237 3695 280 3759; x_wconf 90' lang='lat' dir='ltr'>sit</span> <span class='ocrx_word' id='word_1_230' title='bbox 296 3694 471 3759; x_wconf 88' lang='lat' dir='ltr'>lectoribus</span> <span class='ocrx_word' id='word_1_231' title='bbox 494 3692 644 3772; x_wconf 79' lang='lat' dir='ltr'>fastidio,</span> <span class='ocrx_word' id='word_1_232' title='bbox 666 3691 822 3757; x_wconf 87' lang='lat' dir='ltr'>nonnulla</span> <span class='ocrx_word' id='word_1_233' title='bbox 839 3689 880 3754; x_wconf 89' lang='lat' dir='ltr'>de</span> <span class='ocrx_word' id='word_1_234' title='bbox 899 3690 956 3771; x_wconf 92' lang='lat' dir='ltr'>iis,</span> <span class='ocrx_word' id='word_1_235' title='bbox 973 3713 1045 3776; x_wconf 81' lang='lat' dir='ltr'>quae</span> <span class='ocrx_word' id='word_1_236' title='bbox 1067 3680 1153 3753; x_wconf 88' lang='lat' dir='ltr'>varie</span> <span class='ocrx_word' id='word_1_237' title='bbox 1176 3688 1217 3752; x_wconf 90' lang='lat' dir='ltr'>ab</span> 
     </span>
     <span class='ocr_line' id='line_1_30' title="bbox 143 3794 1217 3884; baseline -0.007 -20"><span class='ocrx_word' id='word_1_238' title='bbox 143 3799 333 3864; x_wconf 87' lang='lat' dir='ltr'>auctoribus</span> <span class='ocrx_word' id='word_1_239' title='bbox 356 3799 540 3881; x_wconf 88' lang='lat' dir='ltr'>traduntur,</span> <span class='ocrx_word' id='word_1_240' title='bbox 566 3799 702 3864; x_wconf 85' lang='lat' dir='ltr'>strictim</span> <span class='ocrx_word' id='word_1_241' title='bbox 734 3797 938 3884; x_wconf 88' lang='lat' dir='ltr'>breviterque</span> <span class='ocrx_word' id='word_1_242' title='bbox 971 3817 1112 3859; x_wconf 88' lang='lat' dir='ltr'>narrare.</span> <span class='ocrx_word' id='word_1_243' title='bbox 1141 3794 1217 3858; x_wconf 90' lang='lat' dir='ltr'>Non</span> 
     </span>
     <span class='ocr_line' id='line_1_31' title="bbox 144 3899 1216 3994; baseline -0.008 -23"><span class='ocrx_word' id='word_1_244' title='bbox 144 3909 233 3972; x_wconf 87' lang='lat' dir='ltr'>enirn</span> <span class='ocrx_word' id='word_1_245' title='bbox 247 3905 288 3971; x_wconf 89' lang='lat' dir='ltr'>ad</span> <span class='ocrx_word' id='word_1_246' title='bbox 305 3905 404 3985; x_wconf 89' lang='lat' dir='ltr'>hujus</span> <span class='ocrx_word' id='word_1_247' title='bbox 415 3921 518 3994; x_wconf 87' lang='lat' dir='ltr'>poetae</span> <span class='ocrx_word' id='word_1_248' title='bbox 534 3904 634 3968; x_wconf 91' lang='lat' dir='ltr'>modo</span> <span class='ocrx_word' id='word_1_249' title='bbox 650 3905 791 3968; x_wconf 89' lang='lat' dir='ltr'>carmina</span> <span class='ocrx_word' id='word_1_250' title='bbox 804 3901 1030 3992; x_wconf 86' lang='lat' dir='ltr'>intelligenda,</span> <span class='ocrx_word' id='word_1_251' title='bbox 1046 3925 1161 3982; x_wconf 81' lang='lat' dir='ltr'>verunt</span> <span class='ocrx_word' id='word_1_252' title='bbox 1174 3899 1216 3964; x_wconf 86' lang='lat' dir='ltr'>ad</span> 
     </span>
     <span class='ocr_line' id='line_1_32' title="bbox 144 4008 964 4099; baseline -0.005 -21"><span class='ocrx_word' id='word_1_253' title='bbox 144 4013 224 4078; x_wconf 86' lang='lat' dir='ltr'>alios</span> <span class='ocrx_word' id='word_1_254' title='bbox 242 4015 340 4078; x_wconf 86' lang='lat' dir='ltr'>etiarn</span> <span class='ocrx_word' id='word_1_255' title='bbox 360 4011 538 4076; x_wconf 83' lang='lat' dir='ltr'>maximum</span> <span class='ocrx_word' id='word_1_256' title='bbox 555 4009 679 4099; x_wconf 92' lang='lat' dir='ltr'>parient</span> <span class='ocrx_word' id='word_1_257' title='bbox 695 4008 964 4074; x_wconf 88' lang='lat' dir='ltr'>emolumentum.</span> 
     </span>
    </p>
   </div>
   <div class='ocr_carea' id='block_1_7' title="bbox 0 0 1628 5128">
    <p class='ocr_par' dir='ltr' id='par_1_7' title="bbox 0 0 1628 5128">
     <span class='ocr_line' id='line_1_33' title="bbox 0 0 1628 5128; baseline 0 0"><span class='ocrx_word' id='word_1_258' title='bbox 0 0 1628 5128; x_wconf 95' lang='lat' dir='ltr'> </span> 
     </span>
    </p>
   </div>
  </div>
 </body>
</html>
