3226 5114
440 496 834 563 ARGONAUTICON
857 500 942 564 LIB.
969 500 1029 563 tv.
1204 501 1265 566 263

246 635 334 696 Dum
349 629 446 695 datur
455 660 479 694 n.
494 629 672 718 Obstupuit
684 630 757 694 visu
772 631 930 698 Nonacria
947 631 1069 718 proles,
1164 700 1172 710 ,

248 746 338 829 Quid
351 747 452 825 ferat,
467 743 639 808 admirans.
654 745 830 832 Postquam
842 767 984 809 remeare
997 763 1186 812 monentem

247 861 364 939 Ocius,
381 874 414 921 et
430 857 522 922 dictis
537 873 732 946 perstantem
749 859 852 922 cernit
867 860 900 922 in
918 858 1040 943 isdem3

247 973 439 1062 Abripit,et
453 973 565 1053 sociis,
583 996 655 1061 qute
673 973 739 1036 sint
757 995 811 1054 ea,
829 995 979 1060 promere
995 975 1091 1064 cogit.

248 1091 307 1154 llle
323 1112 455 1152 manum
472 1087 625 1152 tendens:
639 1089 735 1152 «Non
751 1088 837 1169 haec,
854 1089 914 1170 ait,
931 1089 1059 1176 hospita
1074 1091 1167 1154 vohis
1227 1111 1263 1156 ns

248 1206 362 1286 Terra,
380 1205 457 1284 viri;
471 1225 538 1268 non
552 1202 605 1268 hic
621 1205 704 1268 ullos
718 1205 896 1268 reverentia
910 1203 990 1268 ritus

248 1321 401 1384 Pectora:
416 1339 504 1382 mors
520 1317 663 1399 habitat,
682 1341 835 1405 saevaeque
850 1318 915 1382 hoc
931 1319 1026 1382 litore
1042 1342 1170 1409 pugnas.

249 1437 317 1500 Jam
331 1433 439 1498 veniet
457 1432 544 1496 diros
560 1435 698 1521 Amycus
717 1434 774 1521 qui
789 1422 902 1498 tollere
921 1450 1035 1499 caestus

249 1550 406 1634 Imperet,
421 1563 454 1610 et
468 1563 558 1610 vasto
577 1546 633 1634 qui
650 1547 768 1610 vertice
783 1546 893 1610 nubila
909 1548 1025 1635 pulset.

249 1663 332 1727 Talis
347 1662 379 1724 in
398 1661 548 1726 adrectos
566 1661 711 1748 Neptuni
729 1660 849 1724 'credita
862 1663 969 1749 proles

250 1777 421 1842 AEternum
439 1775 534 1856 furit,
552 1791 651 1862 atque
666 1797 763 1862 aequae
779 1776 907 1838 virtutis
923 1789 1070 1863 egentes,

251 1891 321 1955 Ceu
335 1907 491 1977 superum
507 1912 620 1978 segnes
636 1889 677 1954 ad
696 1889 807 1978 iniqua
823 1891 932 1955 altaria
949 1908 1076 1972 tauros,

251 2005 447 2086 Constituit,
462 2003 592 2068 tandem
609 2021 647 2068 ut
662 2006 778 2070 misem
792 2007 877 2070 lavet
891 2029 978 2071 arma
993 2012 1137 2076 cerebro.

248 2118 431 2198 Consulite,
453 2132 549 2204 atque
567 2118 651 2206 fugae
667 2117 812 2181 medium
828 2143 870 2181 ne
886 2123 1020 2186 temnite
1039 2140 1180 2213 tempus.

250 2233 398 2319 Namque
414 2231 466 2294 isti
484 2231 602 2293 frustra
619 2231 767 2317 quisnam
785 2255 978 2298 concurrere
994 2254 1142 2302 monstro
1234 2260 1269 2297 »ss

250 2345 392 2425 Audeat,
407 2361 440 2408 et
452 2367 600 2432 quaenam
617 2344 713 2407 talem
729 2345 846 2409 vidisse
860 2348 1007 2436 voluptas
1017 2350 1053 2414 Ρ»

294 2463 421 2524 Ductor
437 2457 477 2522 ad
492 2459 561 2521 haec
573 2480 580 2520 :
592 2489 605 2514 ιι
615 2458 783 2547 Bebryxne
796 2461 904 2541 venis,
922 2459 1111 2550 diversaque
1127 2467 1195 2554 regi

240 2685 290 2741 ret.
303 2685 387 2730 Duras.
396 2685 486 2730 Boron.
496 2683 550 2728 end.
561 2707 591 2716 -
604 2681 655 2729 156.
672 2683 772 2728 Tandem
784 2683 876 2728 viduae.
889 2686 978 2730 Bonan.
991 2686 1043 2732 cod.
1058 2686 1144 2733 Talem.
1163 2691 1207 2734 Pro
1220 2704 1268 2736 rur.

205 2765 260 2812 lect.
272 2765 342 2811 idem.
358 2765 401 2810 En.

205 2973 295 3028 morti.
319 2973 447 3024 Nonacria
466 2973 562 3038 proles,
589 2965 713 3032 Echion,
757 2969 1271 3046 plaeettimmoveroadcaptivosilmy·

206 3057 303 3116 Arcas,
318 3053 415 3120 abripit,
428 3051 532 3101 etsoaiis
549 3067 604 3116 qna
614 3050 665 3099 sint
674 3064 713 3109 ea,
759 3047 783 3100 ci
794 3049 945 3114 retulerim,
964 3051 1010 3123 qui
1027 3053 1131 3124 ignavi,
1144 3051 1212 3106 nihil
1226 3071 1267 3106 re·

201 3149 314 3202 promere
326 3135 402 3200 cogit,
417 3129 585 3182 huncsecnm
595 3126 715 3189 abducit,
760 3129 878 3182 sistentes
887 3129 921 3183 nd
934 3149 992 3184 aras
1002 3132 1070 3184 trahi
1084 3150 1111 3182 se
1124 3131 1267 3202 patiantur.

208 3221 236 3264 ut
249 3210 339 3263 Jusoni
352 3207 494 3262 dilucidius
509 3219 638 3280 exponat,
655 3225 716 3278 quae
798 3211 857 3262 151.
871 3213 963 3278 Iniqua
973 3213 1077 3272 altaria,
1092 3208 1191 3281 adquae
1201 3211 1270 3262 tauri

207 3289 265 3342 dira
276 3289 377 3340 nuntiet
387 3287 510 3359 pericula.
760 3287 884 3351 innocui,
901 3289 968 3343 nihil
987 3291 1039 3342 tale
1056 3301 1199 3352 merentes,
1220 3307 1270 3342 cto·

246 3371 304 3431 rso.
319 3373 374 3419 Non
385 3371 424 3418 hic
434 3367 496 3418 ullos
510 3367 642 3418 maerentia
658 3369 716 3417 rina
760 3366 878 3420 duntur.
895 3409 900 3421 .
915 3409 921 3420 .
934 3383 960 3420 ut
972 3373 1058 3421 misem
1074 3373 1137 3420 lavet
1149 3387 1220 3419 arma
1231 3387 1270 3420 ce·

202 3463 318 3518 pectora,
327 3447 459 3510 homines,
468 3447 504 3497 nil
513 3456 645 3510 curantes,
659 3461 716 3515 quae
760 3449 843 3507 reba-o,
859 3437 888 3499 ut
901 3449 1037 3501 cerebrum
1051 3459 1139 3500 manet
1153 3465 1167 3499 e
1186 3447 1269 3500 corti·

208 3526 360 3579 cultioribus
382 3525 502 3596 gentihus
520 3526 547 3576 in
571 3543 620 3576 usu
638 3535 717 3594 atque
760 3525 819 3578 bus.

208 3617 299 3659 sancta
307 3623 362 3657 esse
372 3605 463 3656 solent.
477 3610 532 3654 lam
544 3607 627 3655 veniet
635 3608 713 3668 Amy·
796 3604 853 3666 154.
864 3609 937 3674 Ftcgoe
946 3609 1049 3656 rneditnn
1059 3625 1091 3656 ne
1104 3608 1200 3656 temnite
1211 3615 1270 3656 tenu

208 3701 263 3746 ent,
282 3699 357 3736 vasto
371 3687 414 3752 qai
426 3685 517 3735 vertice
531 3685 613 3734 nubila
621 3685 712 3750 pulset.
752 3703 817 3752 pus,
832 3683 911 3736 breve
922 3685 1047 3754 temporis
1055 3685 1185 3754 spatium,
1196 3681 1269 3753 quod

207 3763 358 3836 Hyperbole
371 3762 454 3834 lyrico
463 3771 539 3831 poeta
554 3759 670 3831 dignior.
757 3760 829 3813 hunc
845 3774 964 3814 nostrum
982 3780 1127 3814 sermonem
1148 3761 1270 3833 regisque

246 3845 302 3896 151.
317 3847 405 3911 AEqnoe
417 3844 512 3893 viratus
526 3853 644 3908 egentes,
660 3855 713 3890 non
758 3839 899 3893 adventum
914 3839 1061 3894 intercedit.

208 3921 316 3983 eodem,
330 3939 383 3993 quo
394 3921 466 3992 ipse,
482 3919 601 3990 corporis
618 3919 715 3970 robore
796 3917 855 3989 157.
870 3919 949 3972 Jason
964 3919 1066 3972 homini
1079 3915 1153 3972 haud
1167 3919 1229 3972 satis
1239 3917 1269 3970 fi·

208 4001 364 4067 instructos,
385 4021 427 4052 cen
446 4017 555 4069 superum
576 4017 664 4067 segnes
680 3999 717 4048 aa
759 3995 824 4050 dens
834 3997 942 4051 ulterius
951 3997 1061 4070 inquirit
1072 4001 1217 4065 :Bebryciae
1227 4017 1270 4048 aa·

208 4083 294 4146 iniqua
306 4083 396 4132 altaria
411 4095 502 4131 tauros.
513 4079 545 4130 In
560 4077 610 4131 hac
619 4077 714 4129 verbo·
759 4079 807 4136 nis,
818 4095 856 4139 ea,
868 4081 1011 4146 diversaque
1020 4079 1076 4146 regi
1086 4081 1162 4128 corda
1169 4095 1269 4145 gerens,

208 4175 268 4210 rum
276 4157 558 4228 collocutione,segnes
566 4155 650 4210 videri
658 4173 716 4228 pot·
759 4155 855 4210 mitiori
866 4156 971 4220 animo,
986 4175 1065 4228 quam
1075 4175 1119 4210 rex
1132 4155 1211 4207 tuus?
1223 4175 1270 4204 rne-

209 4237 262 4289 sint
269 4237 399 4290 referendi
415 4238 558 4300 adtactus,
574 4236 646 4310 quod
660 4255 715 4291 nou
760 4238 888 4304 Horonlgi
900 4255 958 4288 nam
976 4255 1040 4305 sape
1056 4240 1186 4296 voluntas,
1202 4251 1269 4304 sape
