3198 5106
245 465 522 537 THEOPHIL.
551 463 748 534 CHRIST.
777 461 989 533 HARLES.
1027 483 1190 532 ccxxxvii

119 612 278 687 tegcmat.
292 596 349 660 lib.
365 597 394 676 l,
407 617 476 682 cap.
491 595 531 674 V,
545 615 616 683 pag.
632 593 684 674 66,
702 615 768 679 seq.
784 591 952 681 (Lugduni
968 594 1074 658 Batav.
1097 617 1191 682 1779,

120 701 237 789 itt-8),
251 703 295 766 ita
312 700 505 791 legendum:

675 829 720 871 seu
733 817 846 870 volvitur
857 817 913 869 axis

269 905 306 958 Vi
317 922 460 977 superum,
471 921 516 956 sen
525 903 612 958 sidere
622 922 706 976 opus,
721 905 830 976 tollique
840 905 953 959 vicissim

270 993 370 1046 Pontus
382 991 485 1046 habet..
498 1030 520 1044 ..

19 1109 20 1120 ἵ
126 1122 307 1210 additque:
336 1153 349 1177 ι
366 1121 424 1186 ubi
451 1125 649 1188 constructio
675 1146 741 1187 non
768 1140 816 1189 est
840 1123 934 1188 tabet
956 1125 1054 1188 satiem
1080 1126 1092 1213 (
1104 1125 1193 1213 quod

129 1228 302 1294 emendari
310 1250 370 1315 pro
384 1239 490 1291 staret.
502 1229 632 1316 Opponi
646 1230 780 1293 verbum
798 1229 894 1294 debet
905 1247 941 1312 τῷ
952 1229 1051 1316 tollt),
1061 1241 1092 1295 et
1104 1234 1198 1294 vicis·

130 1338 190 1398 sim
199 1333 281 1399 tolli.
293 1332 359 1398 Sed
373 1333 467 1396 babet
479 1355 556 1422 opus
567 1333 665 1396 sidere
676 1333 797 1415 ottollt',
813 1335 879 1399 sive
896 1351 934 1398 ut
952 1334 1036 1398 sidat
1053 1351 1086 1399 et
1103 1335 1196 1399 tolla·

131 1457 197 1504 tur.
210 1439 289 1504 Scio
301 1487 311 1520 ,
325 1437 470 1502 dunnsri
481 1460 499 1501 a
510 1437 586 1502 viris
598 1438 701 1503 doctis
713 1439 927 1517 locutionem,
940 1439 1038 1503 habeo
1050 1463 1126 1529 opus
1138 1441 1197 1505 itta

132 1570 183 1626 re,·
196 1544 256 1610 sed
267 1543 349 1608 nihil
364 1543 491 1624 obstat,
505 1565 572 1630 quo
587 1544 694 1608 miuus
710 1543 869 1609 infinitivo
883 1545 1034 1625 junctum
1050 1540 1200 1611 adhibea-

134 1669 189 1715 tur
198 1648 483 1731 ».-Gebhardus,
498 1648 540 1713 ad
554 1650 698 1726 Livium,
711 1649 772 1732 VI,
788 1670 856 1740 cap.
869 1650 933 1736 39,
947 1652 1058 1735 initio,
1072 1675 1111 1716 ex
1123 1653 1210 1744 cod.¹

134 1775 197 1822 ret.
223 1755 330 1820 firmat
352 1755 525 1820 lectionem
544 1756 614 1820 vat.
636 1756 738 1822 Flacc.
752 1756 794 1838 V,
808 1755 890 1838 456,
905 1779 1030 1844 operum
1046 1757 1200 1823 defixerat

134 1885 230 1943 error,
244 1878 277 1927 et
288 1883 385 1925 usum
393 1861 482 1925 verbi
492 1857 624 1950 defigere
633 1861 766 1927 uberius
778 1862 929 1926 illustrat:
942 1862 1025 1928 adde
1037 1863 1198 1929 Drakenb.

136 1967 177 2032 ad
197 1966 356 2033 eumdum
374 1967 454 2033 Livii
473 1968 600 2051 locum,
623 1985 655 2033 et
670 1967 710 2032 ad
722 1969 790 2052 III,
812 1969 942 2056 476.—
957 1969 1142 2034 Gronovius
1158 1970 1200 2034 ad
1265 1959 1268 1966 ¹
1321 1985 1324 1996 '

138 2072 264 2138 Livium
276 2121 284 2149 ‚
297 2073 460 2155 XXVIII,
486 2095 554 2161 cap.
574 2071 635 2154 45,
659 2096 692 2160 p.
706 2072 790 2155 285,
816 2089 838 2138 t.
862 2071 918 2156 IV,
933 2072 1018 2149 edit.
1038 2074 1199 2141 Drakenb.

139 2201 178 2242 ex
193 2177 268 2242 cod.
287 2177 394 2242 Oxou.
412 2177 528 2265 probat
546 2201 693 2266 quoque,
708 2199 745 2242 ac
762 2179 865 2244 fusitts
883 2179 1018 2268 explicat
1032 2181 1202 2246 conducere

142 2283 276 2348 mhoera
288 2303 361 2345 cera
377 2281 465 2369 apud
478 2281 583 2346 Valcr.
600 2284 626 2346 F
626 2282 702 2346 laec.
717 2284 750 2364 l,
765 2283 840 2360 480.

184 2393 293 2476 Atque
304 2386 348 2450 ita
358 2388 403 2467 ,si
418 2409 468 2452 res
482 2387 563 2450 mihi
575 2387 690 2452 fuisset
696 2388 837 2476 integra,
850 2389 943 2477 plura
956 2412 1130 2480 congerere
1145 2415 1204 2480 po-

142 2511 241 2558 teram
257 2515 265 2556 :
283 2491 450 2557 enimvero
468 2493 569 2557 moles
592 2494 798 2580 pretiumque
817 2493 893 2557 libri
914 2496 1072 2560 crevisset.
1094 2491 1204 2580 Quare

143 2601 207 2664 hoc
223 2601 347 2664 Catone
366 2598 392 2662 si
410 2599 565 2677 lectores,
581 2598 668 2686 iique
690 2598 802 2662 arbitri
821 2599 900 2678 justi
925 2601 1093 2688 aequique,
1108 2620 1205 2667 erunt

145 2709 306 2790 contenti,
319 2725 373 2770 me
389 2705 508 2770 laboris
519 2703 757 2791 temporisque,
770 2703 923 2791 poliendo
939 2705 1205 2795 explanandoque

146 2831 245 2902 poetae
260 2811 392 2892 sacrati,
407 2832 474 2874 non
489 2807 665 2896 poenitebit.

188 2922 278 2984 Inter
292 2941 330 2982 ea
343 2915 515 3004 temporis,
528 2936 595 3002 quo
608 2915 799 3002 exemplaria
811 2915 966 3002 opinione
980 2916 1102 2980 tardius
1116 2917 1207 2980 suda·

147 3028 225 3091 bant
238 3023 301 3088 sub
315 3022 432 3110 praelo,
446 3036 559 3083 nactus
573 3041 647 3083 sum
664 3020 808 3108 egregios
823 3018 890 3083 duo
904 3015 1091 3102 Schraderi‚
1104 3022 1207 3086 critici

149 3129 310 3196 interdum
334 3127 462 3192 audacis
486 3125 637 3213 quidem,
653 3141 686 3190 at
709 3125 900 3215 sagacissimi
917 3143 1016 3214 atque
1033 3127 1207 3192 acutissimi

135 3227 180 3302 ‘et
198 3237 231 3300 in
244 3237 306 3299 hac
320 3249 386 3296 arte
404 3232 545 3295 veterani
559 3232 650 3295 omni
664 3230 759 3295 laude
778 3232 950 3319 laureaque
968 3231 1209 3297 condecorandi

148 3343 264 3406 libros:
280 3340 313 3401 in
332 3337 450 3426 quibus
468 3336 542 3425 quia
557 3336 675 3401 Valerii
689 3337 759 3400 loca
777 3337 923 3424 quaedam
941 3336 1036 3401 docte
1052 3337 1211 3402 illustran-

150 3461 287 3526 uantur,
299 3458 355 3507 aut
366 3439 592 3520 emendantur,
604 3456 662 3504 aut
680 3439 886 3506 vindicantur
907 3465 924 3504 a
943 3442 1034 3506 vanis
1058 3442 1210 3530 falsisque

150 3552 286 3616 aliorum
307 3548 517 3628 conjecturis,
533 3545 620 3610 haud
637 3547 799 3634 ingratum
817 3547 1055 3635 molestumque
1070 3549 1140 3613 fore
1158 3573 1210 3614 ar-

150 3657 253 3721 bitror
276 3653 468 3732 tenoribus,
485 3649 616 3739 quando
635 3673 689 3732 ea,
704 3672 775 3737 quoe
800 3651 865 3715 huc
887 3653 1021 3734 faciant,
1038 3653 1126 3718 tibris
1150 3655 1211 3720 illis

153 3786 218 3826 non
232 3759 366 3826 cuilibet
378 3760 482 3840 notis,
493 3749 548 3822 hic
561 3759 693 3845 repetita
713 3758 859 3846 legerint.
874 3758 984 3824 Edidit
996 3781 1074 3823 vero
1087 3761 1136 3824 vir
1153 3760 1212 3825 do·

153 3866 314 3932 ctissimus
331 3863 451 3927 librum
468 3861 734 3926 Emadattonum
743 3908 755 3941 ,
774 3863 981 3944 Leowardiae,
1004 3865 1103 3952 1776,
1117 3865 1211 3946 iud,

153 3989 185 4036 ct
200 3972 321 4037 librum
338 3969 606 4048 Observuttcnum,
622 3967 809 4032 Franecltcr.
826 3969 1021 4055 ¹77¹2i¹¹⁸⁴ir
1036 3986 1213 4058 utrumque

154 4078 311 4166 exquisita
325 4095 459 4162 raraque
476 4073 657 4138 eruditione
670 4072 835 4137 refertum.
854 4073 892 4136 In
911 4075 1098 4141 Praeiatione
1114 4077 1214 4165 igitur

153 4183 194 4248 ad
212 4184 354 4272 priorem
371 4181 505 4262 librum,
520 4201 590 4267 pag.
610 4178 783 4259 XXXVII,
795 4180 864 4243 haec
883 4195 994 4245 notat:

1052 4285 1077 4350 l.
