3198 5106
377 567 480 614 cxcvi
550 543 832 614 WAGNERUS
861 545 926 612 DE
953 544 1059 613 VAL.
1085 545 1112 610 F
1118 544 1273 615 LACCI

379 699 450 739 mus
468 674 594 738 homini
607 673 649 738 de
671 675 853 763 argumenti
871 673 1015 757 delectu,
1033 677 1134 738 immo
1150 698 1227 740 vero
1246 699 1314 740 non
1329 678 1438 742 solurn

378 782 493 870 gratias
511 781 696 861 habebunt,
719 783 794 868 qui,
813 803 913 870 graece
933 781 1053 872 quippe
1078 782 1278 864 nescientes,
1303 783 1438 872 Orphea

375 889 426 951 vel
445 887 654 975 Apollonium
679 885 784 974 legere
802 909 869 951 non
894 901 1049 974 possunt,
1066 885 1123 950 sed
1142 889 1314 975 utriusque
1338 890 1437 953 etiam

375 993 492 1083 linguae
511 993 601 1083 gnari
617 1015 720 1057 unum
738 1015 756 1057 e
782 993 903 1056 Latinis
926 994 1133 1081 superstitem
1155 1015 1224 1058 esse
1245 993 1436 1085 gaudebunt

339 1185 342 1192 Ι
375 1115 592 1164 enarratorem
611 1099 822 1188 expeditionis
838 1099 996 1163 Colchicae
1012 1114 1078 1162 tarn
1103 1121 1234 1163 suavem
1261 1117 1360 1188 atque
1380 1103 1437 1181 juv

374 1205 528 1270 cundum.

417 1315 458 1375 At
466 1333 564 1391 vero,
578 1308 664 1374 dicat
672 1309 807 1397 aliquis,
824 1310 995 1373 imitatoris
1008 1326 1115 1373 tamen
1127 1311 1249 1397 ubique
1261 1333 1434 1400 personam

371 1417 437 1507 agit
458 1417 603 1481 Valerius
622 1431 715 1491 tuus,
734 1431 767 1480 et
791 1437 858 1479 non
881 1416 1093 1503 Apollonium
1119 1431 1245 1481 tanturn
1261 1417 1304 1481 ob
1320 1419 1433 1481 oculos

374 1524 508 1605 habuit,
528 1522 585 1586 sed
613 1523 729 1586 multas
758 1523 853 1586 etiam
879 1522 948 1586 aliis
971 1522 1160 1616 Graecorum
1186 1540 1218 1587 et
1244 1519 1433 1588 Litinorum

373 1629 476 1717 poetis
502 1627 665 1715 subripuit
681 1643 714 1691 et
729 1627 904 1692 sententias
926 1643 959 1691 et
973 1628 1131 1717 loquendi
1150 1629 1314 1694 formulas.
1332 1628 1433 1711 Quod

372 1735 422 1798 uti
439 1736 474 1798 in
499 1734 687 1798 universum
705 1756 823 1823 negare
840 1733 928 1798 haud
950 1735 1116 1816 sustineo,
1135 1736 1308 1800 severiores
1323 1749 1432 1798 tamen

371 1839 451 1905 adeo
466 1839 663 1921 Aristarchi,
682 1840 709 1904 si
725 1841 904 1905 accuratius
917 1839 951 1902 in
967 1861 1036 1903 rem
1051 1841 1237 1929 inquirant,
1254 1842 1303 1904 vel
1325 1841 1433 1929 plures

372 1946 517 2028 ejusdem
542 1948 645 2035 culpae
670 1948 776 2013 socios
795 1945 1076 2028 condemnandos,
1095 1949 1146 2011 vel
1161 1949 1319 2012 Nostrum
1338 1948 1433 2012 etiam

309 2067 313 2080 '
371 2054 484 2118 leviori
497 2067 576 2116 nota
592 2051 823 2117 dimittendum
841 2073 910 2115 esse
926 2052 1115 2115 censebunt.
1133 2055 1264 2116 Latinos
1283 2055 1369 2116 enirn
1393 2052 1432 2117 ad

373 2181 476 2222 unum
504 2179 633 2238 omnes,
661 2179 702 2220 ne
728 2157 975 2245 praeclarissimis
995 2156 1126 2244 quidem
1146 2158 1358 2244 scriptoribus
1376 2180 1434 2223 ex·

370 2263 491 2351 ceptis,
509 2262 742 2350 philosophos,
758 2276 922 2341 oratores,
949 2277 1060 2348 poetas
1086 2261 1228 2350 pendere
1245 2284 1264 2324 a
1288 2261 1432 2345 Graecis,

371 2391 469 2458 quem
485 2367 592 2457 fugit?
604 2365 666 2431 Sed
687 2371 754 2429 non
768 2387 881 2430 omnes
898 2365 1014 2431 eodem
1031 2367 1102 2431 loco
1116 2365 1257 2430 habendi
1273 2369 1432 2434 suntimi·

370 2489 509 2553 ratores,
528 2495 670 2561 quorum
687 2472 712 2535 si
737 2471 794 2560 qui
813 2470 854 2535 ad
871 2493 1000 2535 servum
1024 2493 1122 2560 pecus
1148 2471 1310 2537 referendi
1333 2489 1432 2555 sunt,

366 2579 422 2643 alii
445 2596 553 2644 tamen
572 2576 717 2641 callidius
738 2591 859 2665 agunt,
880 2578 1047 2641 materiam
1062 2577 1149 2666 apud
1170 2577 1249 2642 alios
1267 2579 1431 2642 inventam

368 2685 428 2750 alia
443 2684 579 2748 induere
604 2684 726 2763 forma,
752 2682 992 2770 exquisitiorem
1020 2700 1192 2764 ornatum,
1211 2684 1432 2771 majoremque

369 2789 575 2879 splendorem
592 2787 730 2868 addere,
747 2803 780 2852 et
796 2809 950 2851 coronam
965 2787 1110 2876 undique
1121 2787 1305 2876 decerptam
1319 2787 1433 2854 floscu-

369 2897 407 2961 lis
435 2895 634 2984 distinguere
656 2893 691 2955 in
718 2914 779 2955 suo
809 2893 956 2980 ipsorum
979 2892 1078 2957 horto
1098 2893 1179 2958 natis
1202 2894 1429 2960 allaborarunt.

369 3003 428 3069 His
446 3002 586 3066 melioris
604 3015 689 3064 noue
708 2999 925 3063 imitatoribus
941 2999 1045 3087 sequi,
1063 3000 1120 3086 qui
1135 3001 1269 3088 propius
1285 3018 1431 3080 norunt,

370 3108 534 3173 Valetium
549 3106 673 3187 judices
689 3105 961 3169 annumerabunt.

398 3212 623 3301 ,Apollonium
635 3209 744 3298 igitur,
757 3209 869 3290 fateor,
882 3210 915 3272 in
927 3209 1039 3296 primis
1053 3226 1210 3296 sequutus
1226 3227 1275 3274 est
1286 3213 1431 3276 Valerius

368 3321 402 3383 in
415 3339 542 3384 summa
556 3315 723 3394 carminis,
736 3330 869 3400 totaque
884 3309 1100 3403 descriptione
1113 3331 1147 3378 et
1161 3318 1358 3398 oeconomia,
1371 3339 1431 3381 nec

369 3427 402 3489 in
422 3447 459 3489 ea
480 3441 606 3488 mutare
623 3419 744 3508 aliquid
769 3420 820 3483 vcl
834 3420 960 3508 potuit,
977 3421 1029 3486 vel
1045 3421 1176 3503 debuit,
1199 3423 1430 3510 vituperandus

367 3530 469 3611 adeo,
484 3530 511 3592 si
525 3549 616 3592 secus
633 3526 769 3590 fecisset.
788 3527 964 3591 Historiam
980 3525 1193 3616 expeditionis
1204 3529 1430 3618 Argonauticae

368 3639 470 3725 ipsam
494 3655 562 3698 non
579 3649 666 3715 erat,
684 3632 775 3720 quod
797 3656 837 3698 ex
852 3634 1025 3721 Apollonio
1043 3633 1245 3716 desumeret,
1268 3655 1365 3722 quam
1390 3657 1430 3699 ex

367 3761 578 3832 quocumque
596 3739 680 3820 alio,
701 3737 857 3826 pedestris
871 3739 967 3804 etiam
987 3739 1142 3804 orationis
1156 3756 1306 3818 auctore,
1320 3754 1430 3827 petere

366 3863 484 3937 posset.
505 3847 573 3912 Nec
590 3846 624 3908 in
641 3845 766 3909 itineris
783 3845 877 3909 sociis
897 3845 940 3910 ita
956 3868 1068 3934 presso
1090 3845 1172 3934 pede
1194 3859 1348 3932 sequutus
1364 3861 1430 3926 est3

367 3977 441 4018 narn
469 3974 537 4015 non
555 3950 672 4015 eodem
695 3974 807 4015 omnes
835 3949 950 4016 ordine
974 3967 1161 4031 enumerat,
1186 3948 1241 4013 sed
1268 3950 1429 4037 primunr,

366 4083 463 4150 quem
481 4057 670 4147 Apollonius
687 4058 821 4145 Orpbeo
839 4057 994 4123 tribuerat
1014 4058 1141 4135 locum,
1161 4055 1279 4118 Noster
1299 4055 1430 4119 Herculi

365 4168 521 4255 assignat;
541 4163 718 4227 nonnullos
737 4163 832 4226 etiarn
851 4163 964 4243 habet,
982 4183 1064 4250 quos
1081 4161 1133 4224 ille
1152 4161 1298 4249 ignorat,
1317 4162 1430 4249 Iphin,

363 4274 574 4337 Philoctetem
588 4285 621 4332 et
634 4268 882 4352 Deucalionem,
899 4270 933 4333 in
948 4268 1067 4357 quibus
1080 4268 1245 4356 Hyginum
1264 4285 1430 4332 auctorem
