<?xml version="1.0" encoding="UTF-8"?>
<!DOCTYPE html PUBLIC "-//W3C//DTD XHTML 1.0 Transitional//EN"
    "http://www.w3.org/TR/xhtml1/DTD/xhtml1-transitional.dtd">
<html xmlns="http://www.w3.org/1999/xhtml" xml:lang="en" lang="en">
 <head>
  <title>
</title>
<meta http-equiv="Content-Type" content="text/html;charset=utf-8" />
  <meta name='ocr-system' content='tesseract 3.04.00' />
  <meta name='ocr-capabilities' content='ocr_page ocr_carea ocr_par ocr_line ocrx_word'/>
</head>
<body>
  <div class='ocr_page' id='page_1' title='image "./cvaleriiflaccis00apolgoog_0542.png"; bbox 0 0 3226 5114; ppageno 0'>
   <div class='ocr_carea' id='block_1_1' title="bbox 378 533 1211 630">
    <p class='ocr_par' dir='ltr' id='par_1_1' title="bbox 378 533 1211 630">
     <span class='ocr_line' id='line_1_1' title="bbox 378 533 1211 630; baseline 0.01 -30"><span class='ocrx_word' id='word_1_1' title='bbox 378 535 508 600; x_wconf 86' lang='lat' dir='ltr'><strong>NOVI</strong></span> <span class='ocrx_word' id='word_1_2' title='bbox 538 533 786 598; x_wconf 85' lang='lat' dir='ltr'>EDITORIS</span> <span class='ocrx_word' id='word_1_3' title='bbox 815 535 969 604; x_wconf 84' lang='lat' dir='ltr'><strong>NOTAE.</strong></span> <span class='ocrx_word' id='word_1_4' title='bbox 1147 541 1211 630; x_wconf 84' lang='lat'><strong>319</strong></span> 
     </span>
    </p>
   </div>
   <div class='ocr_carea' id='block_1_2' title="bbox 140 645 1212 796">
    <p class='ocr_par' dir='ltr' id='par_1_2' title="bbox 140 645 1212 796">
     <span class='ocr_line' id='line_1_2' title="bbox 140 645 1212 722; baseline 0.003 -18"><span class='ocrx_word' id='word_1_5' title='bbox 140 647 226 704; x_wconf 81' lang='lat' dir='ltr'><strong>codes</strong></span> <span class='ocrx_word' id='word_1_6' title='bbox 249 658 402 718; x_wconf 73' lang='lat' dir='ltr'><strong>vuererqne</strong></span> <span class='ocrx_word' id='word_1_7' title='bbox 419 647 518 702; x_wconf 83' lang='lat' dir='ltr'><strong>habent</strong></span> <span class='ocrx_word' id='word_1_8' title='bbox 533 645 680 712; x_wconf 73' lang='lat' dir='ltr'>editiones,</span> <span class='ocrx_word' id='word_1_9' title='bbox 696 657 868 719; x_wconf 72' lang='lat' dir='ltr'><strong>preterquam</strong></span> <span class='ocrx_word' id='word_1_10' title='bbox 887 649 961 722; x_wconf 90' lang='lat' dir='ltr'><strong>quod</strong></span> <span class='ocrx_word' id='word_1_11' title='bbox 981 649 1107 707; x_wconf 83' lang='lat' dir='ltr'><strong>idoneum</strong></span> <span class='ocrx_word' id='word_1_12' title='bbox 1128 654 1212 709; x_wconf 76' lang='lat' dir='ltr'><strong>elficit</strong></span> 
     </span>
     <span class='ocr_line' id='line_1_3' title="bbox 141 729 964 796; baseline -0.005 -10"><span class='ocrx_word' id='word_1_13' title='bbox 141 751 249 788; x_wconf 87' lang='lat' dir='ltr'><strong>sensum</strong></span> <span class='ocrx_word' id='word_1_14' title='bbox 261 771 269 796; x_wconf 91' lang='lat'><strong>,</strong></span> <span class='ocrx_word' id='word_1_15' title='bbox 281 749 297 784; x_wconf 92' lang='lat' dir='ltr'><strong>a</strong></span> <span class='ocrx_word' id='word_1_16' title='bbox 307 731 436 786; x_wconf 77' lang='lat' dir='ltr'><strong>Vaticana</strong></span> <span class='ocrx_word' id='word_1_17' title='bbox 450 729 576 794; x_wconf 86' lang='lat' dir='ltr'><strong>lectione,</strong></span> <span class='ocrx_word' id='word_1_18' title='bbox 591 733 736 791; x_wconf 79' lang='lat' dir='ltr'><strong>incendens,</strong></span> <span class='ocrx_word' id='word_1_19' title='bbox 753 731 841 788; x_wconf 79' lang='lat' dir='ltr'><strong>minus</strong></span> <span class='ocrx_word' id='word_1_20' title='bbox 853 733 964 788; x_wconf 72' lang='lat' dir='ltr'><strong>abludit.</strong></span> 
     </span>
    </p>
   </div>
   <div class='ocr_carea' id='block_1_3' title="bbox 178 877 857 1028">
    <p class='ocr_par' dir='ltr' id='par_1_3' title="bbox 178 877 857 1028">
     <span class='ocr_line' id='line_1_4' title="bbox 178 877 857 944; baseline -0.001 -17"><span class='ocrx_word' id='word_1_21' title='bbox 178 882 212 928; x_wconf 82' lang='lat' dir='ltr'><strong>V.</strong></span> <span class='ocrx_word' id='word_1_22' title='bbox 225 877 302 930; x_wconf 79' lang='lat'>682..</span> <span class='ocrx_word' id='word_1_23' title='bbox 313 912 320 926; x_wconf 92' lang='lat'><strong>.</strong></span> <span class='ocrx_word' id='word_1_24' title='bbox 331 877 388 928; x_wconf 79' lang='lat' dir='ltr'><strong>JIic</strong></span> <span class='ocrx_word' id='word_1_25' title='bbox 397 881 462 927; x_wconf 80' lang='lat' dir='ltr'><strong>lunc</strong></span> <span class='ocrx_word' id='word_1_26' title='bbox 467 895 626 944; x_wconf 76' lang='lat' dir='ltr'><strong>praecepsque</strong></span> <span class='ocrx_word' id='word_1_27' title='bbox 634 894 668 926; x_wconf 74' lang='lat' dir='ltr'><strong>ec</strong></span> <span class='ocrx_word' id='word_1_28' title='bbox 679 879 766 926; x_wconf 83' lang='lat' dir='ltr'><strong>cctlere</strong></span> <span class='ocrx_word' id='word_1_29' title='bbox 774 880 857 928; x_wconf 86' lang='lat' dir='ltr'><strong>Pallas</strong></span> 
     </span>
     <span class='ocr_line' id='line_1_5' title="bbox 303 961 639 1028; baseline 0.006 -18"><span class='ocrx_word' id='word_1_30' title='bbox 303 961 418 1012; x_wconf 83' lang='lat' dir='ltr'><strong>Insiliunt</strong></span> <span class='ocrx_word' id='word_1_31' title='bbox 424 963 518 1028; x_wconf 76' lang='lat' dir='ltr'><strong>pariter</strong></span> <span class='ocrx_word' id='word_1_32' title='bbox 526 961 639 1028; x_wconf 83' lang='lat' dir='ltr'><strong>scopulis.</strong></span> 
     </span>
    </p>
   </div>
   <div class='ocr_carea' id='block_1_4' title="bbox 140 1073 1213 1237">
    <p class='ocr_par' dir='ltr' id='par_1_4' title="bbox 140 1073 1213 1237">
     <span class='ocr_line' id='line_1_6' title="bbox 141 1073 1213 1148; baseline 0.007 -20"><span class='ocrx_word' id='word_1_33' title='bbox 141 1075 221 1147; x_wconf 80' lang='lat' dir='ltr'><strong>Apud</strong></span> <span class='ocrx_word' id='word_1_34' title='bbox 235 1076 407 1148; x_wconf 82' lang='lat' dir='ltr'><strong>Apollonium</strong></span> <span class='ocrx_word' id='word_1_35' title='bbox 416 1113 424 1140; x_wconf 94' lang='lat'><strong>,</strong></span> <span class='ocrx_word' id='word_1_36' title='bbox 434 1075 520 1129; x_wconf 86' lang='lat' dir='ltr'><strong>Pallas</strong></span> <span class='ocrx_word' id='word_1_37' title='bbox 536 1075 612 1128; x_wconf 84' lang='lat' dir='ltr'><strong>alteri</strong></span> <span class='ocrx_word' id='word_1_38' title='bbox 631 1075 741 1148; x_wconf 88' lang='lat' dir='ltr'><strong>scopulo</strong></span> <span class='ocrx_word' id='word_1_39' title='bbox 755 1073 868 1147; x_wconf 88' lang='lat' dir='ltr'><strong>pedibus</strong></span> <span class='ocrx_word' id='word_1_40' title='bbox 882 1078 961 1139; x_wconf 80' lang='lat' dir='ltr'><strong>nixa,</strong></span> <span class='ocrx_word' id='word_1_41' title='bbox 979 1093 1081 1134; x_wconf 79' lang='lat' dir='ltr'><strong>coercet</strong></span> <span class='ocrx_word' id='word_1_42' title='bbox 1100 1081 1213 1137; x_wconf 84' lang='lat' dir='ltr'><strong>alterum</strong></span> 
     </span>
     <span class='ocr_line' id='line_1_7' title="bbox 140 1157 1213 1237; baseline 0.011 -26"><span class='ocrx_word' id='word_1_43' title='bbox 140 1159 261 1221; x_wconf 87' lang='lat' dir='ltr'><strong>sinistra,</strong></span> <span class='ocrx_word' id='word_1_44' title='bbox 273 1159 365 1212; x_wconf 78' lang='lat' dir='ltr'><strong>dextra</strong></span> <span class='ocrx_word' id='word_1_45' title='bbox 378 1176 475 1212; x_wconf 84' lang='lat' dir='ltr'><strong>narem</strong></span> <span class='ocrx_word' id='word_1_46' title='bbox 488 1157 641 1230; x_wconf 87' lang='lat' dir='ltr'><strong>impellens:</strong></span> <span class='ocrx_word' id='word_1_47' title='bbox 660 1157 713 1211; x_wconf 87' lang='lat' dir='ltr'><strong>hcc</strong></span> <span class='ocrx_word' id='word_1_48' title='bbox 728 1158 875 1230; x_wconf 71' lang='lat' dir='ltr'><strong>simplicius</strong></span> <span class='ocrx_word' id='word_1_49' title='bbox 885 1172 911 1214; x_wconf 87' lang='lat' dir='ltr'><strong>et</strong></span> <span class='ocrx_word' id='word_1_50' title='bbox 923 1161 1027 1216; x_wconf 74' lang='lat' dir='ltr'><strong>felicius</strong></span> <span class='ocrx_word' id='word_1_51' title='bbox 1038 1167 1213 1237; x_wconf 67' lang='lat' dir='ltr'><strong>excogitatum</strong></span> 
     </span>
    </p>
   </div>
   <div class='ocr_carea' id='block_1_5' title="bbox 139 1241 1239 1547">
    <p class='ocr_par' dir='ltr' id='par_1_5' title="bbox 139 1241 1239 1547">
     <span class='ocr_line' id='line_1_8' title="bbox 141 1241 1213 1314; baseline 0.011 -20"><span class='ocrx_word' id='word_1_52' title='bbox 141 1241 208 1294; x_wconf 86' lang='lat' dir='ltr'><strong>milri</strong></span> <span class='ocrx_word' id='word_1_53' title='bbox 225 1241 349 1307; x_wconf 83' lang='lat' dir='ltr'><strong>ridetur,</strong></span> <span class='ocrx_word' id='word_1_54' title='bbox 363 1259 444 1314; x_wconf 84' lang='lat' dir='ltr'><strong>quam</strong></span> <span class='ocrx_word' id='word_1_55' title='bbox 454 1242 554 1296; x_wconf 76' lang='lat' dir='ltr'><strong>Valerii</strong></span> <span class='ocrx_word' id='word_1_56' title='bbox 565 1253 744 1296; x_wconf 85' lang='lat' dir='ltr'><strong>commentum</strong></span> <span class='ocrx_word' id='word_1_57' title='bbox 755 1259 764 1305; x_wconf 75' lang='lat'>3</span> <span class='ocrx_word' id='word_1_58' title='bbox 777 1241 891 1314; x_wconf 86' lang='lat' dir='ltr'><strong>positum</strong></span> <span class='ocrx_word' id='word_1_59' title='bbox 906 1244 963 1297; x_wconf 77' lang='lat' dir='ltr'><strong>deas</strong></span> <span class='ocrx_word' id='word_1_60' title='bbox 978 1246 1057 1300; x_wconf 78' lang='lat' dir='ltr'><strong>facile</strong></span> <span class='ocrx_word' id='word_1_61' title='bbox 1071 1249 1107 1300; x_wconf 91' lang='lat' dir='ltr'><strong>ob</strong></span> <span class='ocrx_word' id='word_1_62' title='bbox 1122 1251 1213 1305; x_wconf 87' lang='lat' dir='ltr'><strong>oculos</strong></span> 
     </span>
     <span class='ocr_line' id='line_1_9' title="bbox 140 1324 1213 1401; baseline -0.002 -22"><span class='ocrx_word' id='word_1_63' title='bbox 140 1326 191 1379; x_wconf 78' lang='lat' dir='ltr'><strong>sibi</strong></span> <span class='ocrx_word' id='word_1_64' title='bbox 203 1327 319 1397; x_wconf 85' lang='lat' dir='ltr'><strong>quisque</strong></span> <span class='ocrx_word' id='word_1_65' title='bbox 328 1326 466 1398; x_wconf 78' lang='lat' dir='ltr'><strong>proponit:</strong></span> <span class='ocrx_word' id='word_1_66' title='bbox 481 1324 553 1397; x_wconf 84' lang='lat' dir='ltr'><strong>apud</strong></span> <span class='ocrx_word' id='word_1_67' title='bbox 562 1325 698 1380; x_wconf 79' lang='lat' dir='ltr'><strong>Valerium</strong></span> <span class='ocrx_word' id='word_1_68' title='bbox 710 1343 789 1387; x_wconf 80' lang='lat' dir='ltr'><strong>vero,</strong></span> <span class='ocrx_word' id='word_1_69' title='bbox 801 1338 916 1398; x_wconf 82' lang='lat' dir='ltr'><strong>utruque</strong></span> <span class='ocrx_word' id='word_1_70' title='bbox 928 1327 980 1380; x_wconf 84' lang='lat' dir='ltr'><strong>dea</strong></span> <span class='ocrx_word' id='word_1_71' title='bbox 990 1329 1100 1401; x_wconf 76' lang='lat' dir='ltr'><strong>singolis</strong></span> <span class='ocrx_word' id='word_1_72' title='bbox 1111 1332 1139 1386; x_wconf 90' lang='lat' dir='ltr'><strong>in</strong></span> <span class='ocrx_word' id='word_1_73' title='bbox 1153 1351 1213 1387; x_wconf 86' lang='lat' dir='ltr'><strong>sco.</strong></span> 
     </span>
     <span class='ocr_line' id='line_1_10' title="bbox 139 1408 1239 1492; baseline 0.01 -32"><span class='ocrx_word' id='word_1_74' title='bbox 139 1408 209 1480; x_wconf 84' lang='lat' dir='ltr'><strong>pulis</strong></span> <span class='ocrx_word' id='word_1_75' title='bbox 227 1411 379 1481; x_wconf 74' lang='lat' dir='ltr'><strong>equitante,</strong></span> <span class='ocrx_word' id='word_1_76' title='bbox 394 1428 449 1462; x_wconf 92' lang='lat' dir='ltr'><strong>non</strong></span> <span class='ocrx_word' id='word_1_77' title='bbox 466 1411 638 1482; x_wconf 87' lang='lat' dir='ltr'><strong>perspicuum</strong></span> <span class='ocrx_word' id='word_1_78' title='bbox 656 1420 696 1462; x_wconf 87' lang='lat' dir='ltr'><strong>est</strong></span> <span class='ocrx_word' id='word_1_79' title='bbox 713 1426 767 1481; x_wconf 82' lang='lat' dir='ltr'><strong>qua</strong></span> <span class='ocrx_word' id='word_1_80' title='bbox 785 1410 888 1464; x_wconf 86' lang='lat' dir='ltr'><strong>rationo</strong></span> <span class='ocrx_word' id='word_1_81' title='bbox 906 1429 984 1464; x_wconf 86' lang='lat' dir='ltr'><strong>suum</strong></span> <span class='ocrx_word' id='word_1_82' title='bbox 1001 1431 1112 1486; x_wconf 72' lang='lat' dir='ltr'><strong>quoquc</strong></span> <span class='ocrx_word' id='word_1_83' title='bbox 1130 1417 1215 1487; x_wconf 86' lang='lat' dir='ltr'><strong>possit</strong></span> <span class='ocrx_word' id='word_1_84' title='bbox 1236 1485 1239 1492; x_wconf 33' lang='grc' dir='ltr'>Ι</span> 
     </span>
     <span class='ocr_line' id='line_1_11' title="bbox 140 1510 273 1547; baseline 0.023 -3"><span class='ocrx_word' id='word_1_85' title='bbox 140 1510 273 1547; x_wconf 84' lang='lat' dir='ltr'><strong>coercere.</strong></span> 
     </span>
    </p>
   </div>
   <div class='ocr_carea' id='block_1_6' title="bbox 140 1637 1216 1957">
    <p class='ocr_par' dir='ltr' id='par_1_6' title="bbox 140 1637 1216 1957">
     <span class='ocr_line' id='line_1_12' title="bbox 179 1637 1216 1707; baseline 0.007 -20"><span class='ocrx_word' id='word_1_86' title='bbox 179 1642 214 1690; x_wconf 82' lang='lat' dir='ltr'><strong>V.</strong></span> <span class='ocrx_word' id='word_1_87' title='bbox 224 1640 288 1707; x_wconf 86' lang='lat'><strong>691.</strong></span> <span class='ocrx_word' id='word_1_88' title='bbox 306 1641 377 1688; x_wconf 73' lang='lat' dir='ltr'><strong>Saxa</strong></span> <span class='ocrx_word' id='word_1_89' title='bbox 396 1641 442 1690; x_wconf 86' lang='lat' dir='ltr'><strong>sed</strong></span> <span class='ocrx_word' id='word_1_90' title='bbox 459 1638 573 1687; x_wconf 77' lang='lat' dir='ltr'><strong>extremis</strong></span> <span class='ocrx_word' id='word_1_91' title='bbox 592 1649 673 1688; x_wconf 80' lang='lat' dir='ltr'><strong>tamen</strong></span> <span class='ocrx_word' id='word_1_92' title='bbox 693 1637 833 1704; x_wconf 76' lang='lat' dir='ltr'><strong>increpuere</strong></span> <span class='ocrx_word' id='word_1_93' title='bbox 852 1640 979 1703; x_wconf 75' lang='lat' dir='ltr'><strong>corymbis.</strong></span> <span class='ocrx_word' id='word_1_94' title='bbox 997 1668 1033 1678; x_wconf 96' lang='lat'><em>—</em></span> <span class='ocrx_word' id='word_1_95' title='bbox 1048 1639 1216 1694; x_wconf 74' lang='lat' dir='ltr'><strong>Burmannus</strong></span> 
     </span>
     <span class='ocr_line' id='line_1_13' title="bbox 140 1717 1215 1792; baseline 0.007 -20"><span class='ocrx_word' id='word_1_96' title='bbox 140 1718 235 1773; x_wconf 85' lang='lat' dir='ltr'><strong>mallet</strong></span> <span class='ocrx_word' id='word_1_97' title='bbox 244 1735 368 1770; x_wconf 77' lang='lat' dir='ltr'><strong>extremos</strong></span> <span class='ocrx_word' id='word_1_98' title='bbox 379 1721 515 1784; x_wconf 71' lang='lat' dir='ltr'><strong>corymbos.</strong></span> <span class='ocrx_word' id='word_1_99' title='bbox 525 1718 632 1772; x_wconf 80' lang='lat' dir='ltr'><strong>Inutilis</strong></span> <span class='ocrx_word' id='word_1_100' title='bbox 641 1718 706 1772; x_wconf 86' lang='lat' dir='ltr'><strong>mihi</strong></span> <span class='ocrx_word' id='word_1_101' title='bbox 716 1717 822 1772; x_wconf 83' lang='lat' dir='ltr'><strong>videtur</strong></span> <span class='ocrx_word' id='word_1_102' title='bbox 835 1719 881 1773; x_wconf 91' lang='lat' dir='ltr'><strong>illa</strong></span> <span class='ocrx_word' id='word_1_103' title='bbox 889 1722 1014 1776; x_wconf 86' lang='lat' dir='ltr'><strong>mutatio:</strong></span> <span class='ocrx_word' id='word_1_104' title='bbox 1024 1726 1152 1792; x_wconf 70' lang='lat' dir='ltr'><strong>increpare</strong></span> <span class='ocrx_word' id='word_1_105' title='bbox 1159 1743 1215 1779; x_wconf 86' lang='lat' dir='ltr'><strong>non</strong></span> 
     </span>
     <span class='ocr_line' id='line_1_14' title="bbox 140 1800 1214 1881; baseline 0.007 -25"><span class='ocrx_word' id='word_1_106' title='bbox 140 1801 303 1875; x_wconf 73' lang='lat' dir='ltr'><strong>mpiendnm</strong></span> <span class='ocrx_word' id='word_1_107' title='bbox 314 1801 358 1855; x_wconf 91' lang='lat' dir='ltr'><strong>hic</strong></span> <span class='ocrx_word' id='word_1_108' title='bbox 371 1800 405 1854; x_wconf 87' lang='lat' dir='ltr'><strong>de</strong></span> <span class='ocrx_word' id='word_1_109' title='bbox 413 1803 469 1855; x_wconf 86' lang='lat' dir='ltr'><strong>ictu</strong></span> <span class='ocrx_word' id='word_1_110' title='bbox 482 1813 508 1855; x_wconf 83' lang='lat' dir='ltr'><strong>et</strong></span> <span class='ocrx_word' id='word_1_111' title='bbox 517 1802 613 1874; x_wconf 86' lang='lat' dir='ltr'><strong>pulsu,</strong></span> <span class='ocrx_word' id='word_1_112' title='bbox 624 1801 670 1854; x_wconf 85' lang='lat' dir='ltr'><strong>sed</strong></span> <span class='ocrx_word' id='word_1_113' title='bbox 679 1801 713 1854; x_wconf 85' lang='lat' dir='ltr'><strong>dc</strong></span> <span class='ocrx_word' id='word_1_114' title='bbox 725 1803 828 1870; x_wconf 87' lang='lat' dir='ltr'><strong>sonitu,</strong></span> <span class='ocrx_word' id='word_1_115' title='bbox 839 1805 908 1860; x_wconf 84' lang='lat' dir='ltr'><strong>sicut</strong></span> <span class='ocrx_word' id='word_1_116' title='bbox 916 1806 943 1860; x_wconf 89' lang='lat' dir='ltr'><strong>in</strong></span> <span class='ocrx_word' id='word_1_117' title='bbox 952 1807 1005 1861; x_wconf 88' lang='lat' dir='ltr'><strong>hoc</strong></span> <span class='ocrx_word' id='word_1_118' title='bbox 1014 1808 1115 1881; x_wconf 69' lang='lat' dir='ltr'><strong>Virgilii</strong></span> <span class='ocrx_word' id='word_1_119' title='bbox 1126 1828 1214 1876; x_wconf 63' lang='lat' dir='ltr'><strong>ausu,</strong></span> 
     </span>
     <span class='ocr_line' id='line_1_15' title="bbox 140 1885 850 1957; baseline 0 -17"><span class='ocrx_word' id='word_1_120' title='bbox 140 1889 200 1940; x_wconf 82' lang='lat' dir='ltr'><strong>AEu.</strong></span> <span class='ocrx_word' id='word_1_121' title='bbox 210 1887 283 1950; x_wconf 84' lang='lat' dir='ltr'><strong>XII,</strong></span> <span class='ocrx_word' id='word_1_122' title='bbox 296 1885 362 1956; x_wconf 68' lang='lat'><strong>754:</strong></span> <span class='ocrx_word' id='word_1_123' title='bbox 375 1888 508 1954; x_wconf 87' lang='lat' dir='ltr'><strong>similisque</strong></span> <span class='ocrx_word' id='word_1_124' title='bbox 517 1887 609 1938; x_wconf 76' lang='lat' dir='ltr'><strong>tenensi</strong></span> <span class='ocrx_word' id='word_1_125' title='bbox 617 1887 756 1957; x_wconf 83' lang='lat' dir='ltr'><strong>Increpuit</strong></span> <span class='ocrx_word' id='word_1_126' title='bbox 766 1891 850 1940; x_wconf 83' lang='lat' dir='ltr'><strong>malis.</strong></span> 
     </span>
    </p>
   </div>
   <div class='ocr_carea' id='block_1_7' title="bbox 175 2039 1001 2173">
    <p class='ocr_par' dir='ltr' id='par_1_7' title="bbox 175 2039 1001 2173">
     <span class='ocr_line' id='line_1_16' title="bbox 175 2039 1001 2108; baseline 0.007 -19"><span class='ocrx_word' id='word_1_127' title='bbox 175 2044 210 2090; x_wconf 82' lang='lat' dir='ltr'><strong>V.</strong></span> <span class='ocrx_word' id='word_1_128' title='bbox 221 2041 285 2108; x_wconf 77' lang='lat'>692.</span> <span class='ocrx_word' id='word_1_129' title='bbox 296 2043 405 2106; x_wconf 83' lang='lat' dir='ltr'><strong>Parsque</strong></span> <span class='ocrx_word' id='word_1_130' title='bbox 420 2039 518 2106; x_wconf 74' lang='lat' dir='ltr'><strong>(nestas)</strong></span> <span class='ocrx_word' id='word_1_131' title='bbox 538 2042 658 2107; x_wconf 83' lang='lat' dir='ltr'><strong>deprensa</strong></span> <span class='ocrx_word' id='word_1_132' title='bbox 666 2041 751 2108; x_wconf 71' lang='lat' dir='ltr'><strong>jugis:</strong></span> <span class='ocrx_word' id='word_1_133' title='bbox 766 2060 824 2091; x_wconf 83' lang='lat' dir='ltr'><strong>nam</strong></span> <span class='ocrx_word' id='word_1_134' title='bbox 837 2056 926 2094; x_wconf 79' lang='lat' dir='ltr'><strong>catera</strong></span> <span class='ocrx_word' id='word_1_135' title='bbox 939 2045 1001 2095; x_wconf 83' lang='lat' dir='ltr'><strong>ccelc</strong></span> 
     </span>
     <span class='ocr_line' id='line_1_17' title="bbox 296 2123 391 2173; baseline -0.011 -1"><span class='ocrx_word' id='word_1_136' title='bbox 296 2123 391 2173; x_wconf 81' lang='lat' dir='ltr'><strong>Debita.</strong></span> 
     </span>
    </p>
   </div>
   <div class='ocr_carea' id='block_1_8' title="bbox 141 2205 1215 2478">
    <p class='ocr_par' dir='ltr' id='par_1_8' title="bbox 141 2205 1215 2478">
     <span class='ocr_line' id='line_1_18' title="bbox 142 2205 1215 2310; baseline 0.008 -26"><span class='ocrx_word' id='word_1_137' title='bbox 142 2231 332 2305; x_wconf 81' lang='lat' dir='ltr'><strong>imprudenter</strong></span> <span class='ocrx_word' id='word_1_138' title='bbox 350 2235 470 2307; x_wconf 83' lang='lat' dir='ltr'><strong>prolecto</strong></span> <span class='ocrx_word' id='word_1_139' title='bbox 481 2235 638 2305; x_wconf 77' lang='lat' dir='ltr'><strong>Wagnerus</strong></span> <span class='ocrx_word' id='word_1_140' title='bbox 652 2239 723 2304; x_wconf 68' lang='lat' dir='ltr'><strong>jugis</strong></span> <span class='ocrx_word' id='word_1_141' title='bbox 741 2205 891 2307; x_wconf 85' lang='lat' dir='ltr'><strong>explicans,</strong></span> <span class='ocrx_word' id='word_1_142' title='bbox 910 2237 1012 2310; x_wconf 86' lang='lat' dir='ltr'><strong>scripsit</strong></span> <span class='ocrx_word' id='word_1_143' title='bbox 1025 2243 1153 2293; x_wconf 74' lang='lat' dir='ltr'><strong>transtris:</strong></span> <span class='ocrx_word' id='word_1_144' title='bbox 1172 2241 1215 2295; x_wconf 85' lang='lat' dir='ltr'><strong>his</strong></span> 
     </span>
     <span class='ocr_line' id='line_1_19' title="bbox 141 2317 1215 2398; baseline 0.008 -28"><span class='ocrx_word' id='word_1_145' title='bbox 141 2317 213 2371; x_wconf 89' lang='lat' dir='ltr'><strong>enim</strong></span> <span class='ocrx_word' id='word_1_146' title='bbox 222 2319 295 2386; x_wconf 76' lang='lat' dir='ltr'><strong>jugis</strong></span> <span class='ocrx_word' id='word_1_147' title='bbox 312 2321 418 2383; x_wconf 58' lang='lat' dir='ltr'><strong>&amp;anea</strong></span> <span class='ocrx_word' id='word_1_148' title='bbox 434 2337 505 2386; x_wconf 71' lang='lat' dir='ltr'><strong>nepes</strong></span> <span class='ocrx_word' id='word_1_149' title='bbox 521 2335 576 2371; x_wconf 90' lang='lat' dir='ltr'><strong>non</strong></span> <span class='ocrx_word' id='word_1_150' title='bbox 595 2333 704 2370; x_wconf 76' lang='lat' dir='ltr'><strong>transtra</strong></span> <span class='ocrx_word' id='word_1_151' title='bbox 722 2318 915 2390; x_wconf 80' lang='lat' dir='ltr'><strong>significantur.</strong></span> <span class='ocrx_word' id='word_1_152' title='bbox 926 2351 961 2362; x_wconf 94' lang='lat'>-</span> <span class='ocrx_word' id='word_1_153' title='bbox 974 2321 1056 2376; x_wconf 83' lang='lat' dir='ltr'><strong>Navis</strong></span> <span class='ocrx_word' id='word_1_154' title='bbox 1073 2325 1145 2396; x_wconf 71' lang='lat' dir='ltr'><strong>Argo</strong></span> <span class='ocrx_word' id='word_1_155' title='bbox 1166 2343 1215 2398; x_wconf 87' lang='lat' dir='ltr'><strong>per</strong></span> 
     </span>
     <span class='ocr_line' id='line_1_20' title="bbox 141 2400 1101 2478; baseline 0.006 -25"><span class='ocrx_word' id='word_1_156' title='bbox 141 2401 353 2473; x_wconf 81' lang='lat' dir='ltr'><strong>Cyaneasrupcs</strong></span> <span class='ocrx_word' id='word_1_157' title='bbox 363 2405 501 2474; x_wconf 79' lang='lat' dir='ltr'><strong>trajectum</strong></span> <span class='ocrx_word' id='word_1_158' title='bbox 512 2401 549 2454; x_wconf 90' lang='lat' dir='ltr'><strong>sic</strong></span> <span class='ocrx_word' id='word_1_159' title='bbox 558 2400 683 2454; x_wconf 83' lang='lat' dir='ltr'><strong>describit</strong></span> <span class='ocrx_word' id='word_1_160' title='bbox 691 2401 815 2455; x_wconf 84' lang='lat' dir='ltr'><strong>Lucanus</strong></span> <span class='ocrx_word' id='word_1_161' title='bbox 825 2440 833 2468; x_wconf 89' lang='lat'><strong>,</strong></span> <span class='ocrx_word' id='word_1_162' title='bbox 845 2403 964 2458; x_wconf 83' lang='lat' dir='ltr'><strong>Pharsal.</strong></span> <span class='ocrx_word' id='word_1_163' title='bbox 976 2405 1019 2470; x_wconf 90' lang='lat'><strong>11,</strong></span> <span class='ocrx_word' id='word_1_164' title='bbox 1033 2409 1101 2478; x_wconf 80' lang='lat'>715:</span> 
     </span>
    </p>
   </div>
   <div class='ocr_carea' id='block_1_9' title="bbox 283 2518 954 2862">
    <p class='ocr_par' dir='ltr' id='par_1_9' title="bbox 284 2518 954 2652">
     <span class='ocr_line' id='line_1_21' title="bbox 284 2518 954 2591; baseline 0.004 -25"><span class='ocrx_word' id='word_1_165' title='bbox 284 2520 318 2566; x_wconf 87' lang='lat' dir='ltr'><strong>Ut</strong></span> <span class='ocrx_word' id='word_1_166' title='bbox 330 2521 436 2580; x_wconf 69' lang='lat' dir='ltr'><strong>Pagasas</strong></span> <span class='ocrx_word' id='word_1_167' title='bbox 445 2518 501 2566; x_wconf 84' lang='lat' dir='ltr'><strong>rutis</strong></span> <span class='ocrx_word' id='word_1_168' title='bbox 512 2529 603 2580; x_wconf 85' lang='lat' dir='ltr'><strong>peteret</strong></span> <span class='ocrx_word' id='word_1_169' title='bbox 612 2533 685 2580; x_wconf 86' lang='lat' dir='ltr'><strong>quum</strong></span> <span class='ocrx_word' id='word_1_170' title='bbox 694 2519 805 2566; x_wconf 73' lang='lat' dir='ltr'><strong>Phasidos</strong></span> <span class='ocrx_word' id='word_1_171' title='bbox 817 2519 904 2576; x_wconf 81' lang='lat' dir='ltr'><strong>undas,</strong></span> <span class='ocrx_word' id='word_1_172' title='bbox 949 2579 954 2591; x_wconf 93' lang='lat'>.</span> 
     </span>
     <span class='ocr_line' id='line_1_22' title="bbox 284 2591 806 2652; baseline -0.002 -13"><span class='ocrx_word' id='word_1_173' title='bbox 284 2593 388 2651; x_wconf 78' lang='lat' dir='ltr'><strong>Cyaneas</strong></span> <span class='ocrx_word' id='word_1_174' title='bbox 402 2592 472 2638; x_wconf 84' lang='lat' dir='ltr'><strong>tellus</strong></span> <span class='ocrx_word' id='word_1_175' title='bbox 484 2591 560 2638; x_wconf 88' lang='lat' dir='ltr'><strong>amisit</strong></span> <span class='ocrx_word' id='word_1_176' title='bbox 572 2593 597 2638; x_wconf 92' lang='lat' dir='ltr'><strong>in</strong></span> <span class='ocrx_word' id='word_1_177' title='bbox 611 2607 704 2652; x_wconf 72' lang='lat' dir='ltr'><strong>aequora</strong></span> <span class='ocrx_word' id='word_1_178' title='bbox 716 2601 806 2647; x_wconf 73' lang='lat' dir='ltr'><strong>cautes,</strong></span> 
     </span>
    </p>

    <p class='ocr_par' dir='ltr' id='par_1_10' title="bbox 284 2663 928 2803">
     <span class='ocr_line' id='line_1_23' title="bbox 285 2663 928 2728; baseline 0 -16"><span class='ocrx_word' id='word_1_179' title='bbox 285 2667 361 2728; x_wconf 81' lang='lat' dir='ltr'><strong>Rapta</strong></span> <span class='ocrx_word' id='word_1_180' title='bbox 371 2681 452 2728; x_wconf 89' lang='lat' dir='ltr'><strong>puppe</strong></span> <span class='ocrx_word' id='word_1_181' title='bbox 464 2666 541 2712; x_wconf 88' lang='lat' dir='ltr'><strong>mlnor</strong></span> <span class='ocrx_word' id='word_1_182' title='bbox 552 2667 668 2712; x_wconf 78' lang='lat' dir='ltr'><strong>subducta</strong></span> <span class='ocrx_word' id='word_1_183' title='bbox 679 2674 714 2710; x_wconf 87' lang='lat' dir='ltr'><strong>est</strong></span> <span class='ocrx_word' id='word_1_184' title='bbox 725 2667 843 2712; x_wconf 83' lang='lat' dir='ltr'><strong>montibus</strong></span> <span class='ocrx_word' id='word_1_185' title='bbox 852 2663 928 2728; x_wconf 71' lang='lat' dir='ltr'><strong>Argo,</strong></span> 
     </span>
     <span class='ocr_line' id='line_1_24' title="bbox 284 2739 895 2803; baseline -0.003 -15"><span class='ocrx_word' id='word_1_186' title='bbox 284 2744 397 2803; x_wconf 82' lang='lat' dir='ltr'><strong>Vastaque</strong></span> <span class='ocrx_word' id='word_1_187' title='bbox 406 2739 521 2803; x_wconf 79' lang='lat' dir='ltr'><strong>percussit</strong></span> <span class='ocrx_word' id='word_1_188' title='bbox 530 2751 632 2801; x_wconf 86' lang='lat' dir='ltr'><strong>pontum</strong></span> <span class='ocrx_word' id='word_1_189' title='bbox 641 2739 778 2802; x_wconf 72' lang='lat' dir='ltr'><strong>Symplegas</strong></span> <span class='ocrx_word' id='word_1_190' title='bbox 789 2740 895 2796; x_wconf 85' lang='lat' dir='ltr'><strong>inanem,</strong></span> 
     </span>
    </p>

    <p class='ocr_par' dir='ltr' id='par_1_11' title="bbox 283 2814 493 2862">
     <span class='ocr_line' id='line_1_25' title="bbox 283 2814 493 2862; baseline -0.014 0"><span class='ocrx_word' id='word_1_191' title='bbox 283 2817 313 2862; x_wconf 78' lang='lat' dir='ltr'><strong>Et</strong></span> <span class='ocrx_word' id='word_1_192' title='bbox 324 2825 412 2862; x_wconf 87' lang='lat' dir='ltr'><strong>statura</strong></span> <span class='ocrx_word' id='word_1_193' title='bbox 423 2814 493 2862; x_wconf 88' lang='lat' dir='ltr'><strong>redit.</strong></span> 
     </span>
    </p>
   </div>
   <div class='ocr_carea' id='block_1_10' title="bbox 144 2931 1215 3008">
    <p class='ocr_par' dir='ltr' id='par_1_12' title="bbox 144 2931 1215 3008">
     <span class='ocr_line' id='line_1_26' title="bbox 144 2931 1215 3008; baseline 0 -18"><span class='ocrx_word' id='word_1_194' title='bbox 144 2935 320 3001; x_wconf 74' lang='lat' dir='ltr'><strong>Claudianus,</strong></span> <span class='ocrx_word' id='word_1_195' title='bbox 328 2935 403 2990; x_wconf 89' lang='lat' dir='ltr'><strong>initio</strong></span> <span class='ocrx_word' id='word_1_196' title='bbox 414 2935 542 3008; x_wconf 85' lang='lat' dir='ltr'><strong>poematis</strong></span> <span class='ocrx_word' id='word_1_197' title='bbox 551 2931 585 2986; x_wconf 90' lang='lat' dir='ltr'><strong>de</strong></span> <span class='ocrx_word' id='word_1_198' title='bbox 595 2931 667 2986; x_wconf 86' lang='lat' dir='ltr'><strong>Bello</strong></span> <span class='ocrx_word' id='word_1_199' title='bbox 676 2931 784 2996; x_wconf 85' lang='lat' dir='ltr'><strong>Getico,</strong></span> <span class='ocrx_word' id='word_1_200' title='bbox 795 2931 829 2986; x_wconf 86' lang='lat' dir='ltr'><strong>dc</strong></span> <span class='ocrx_word' id='word_1_201' title='bbox 839 2933 932 2988; x_wconf 73' lang='lat' dir='ltr'><strong>mdern</strong></span> <span class='ocrx_word' id='word_1_202' title='bbox 939 2937 1050 3008; x_wconf 80' lang='lat' dir='ltr'><strong>trajectu</strong></span> <span class='ocrx_word' id='word_1_203' title='bbox 1060 2935 1115 2990; x_wconf 74' lang='lat' dir='ltr'><strong>hcc</strong></span> <span class='ocrx_word' id='word_1_204' title='bbox 1122 2937 1215 2992; x_wconf 88' lang='lat' dir='ltr'><strong>habet:</strong></span> 
     </span>
    </p>
   </div>
   <div class='ocr_carea' id='block_1_11' title="bbox 282 3059 873 3200">
    <p class='ocr_par' dir='ltr' id='par_1_13' title="bbox 282 3059 873 3200">
     <span class='ocr_line' id='line_1_27' title="bbox 286 3059 873 3124; baseline -0.005 -14"><span class='ocrx_word' id='word_1_205' title='bbox 286 3064 371 3110; x_wconf 81' lang='lat' dir='ltr'><strong>intacti</strong></span> <span class='ocrx_word' id='word_1_206' title='bbox 381 3077 454 3124; x_wconf 90' lang='lat' dir='ltr'><strong>qnmn</strong></span> <span class='ocrx_word' id='word_1_207' title='bbox 466 3061 566 3108; x_wconf 82' lang='lat' dir='ltr'><strong>claustra</strong></span> <span class='ocrx_word' id='word_1_208' title='bbox 578 3059 633 3108; x_wconf 79' lang='lat' dir='ltr'><strong>freti</strong></span> <span class='ocrx_word' id='word_1_209' title='bbox 644 3059 783 3107; x_wconf 88' lang='lat' dir='ltr'><strong>coeuntibus</strong></span> <span class='ocrx_word' id='word_1_210' title='bbox 793 3076 873 3123; x_wconf 73' lang='lat' dir='ltr'><strong>equor</strong></span> 
     </span>
     <span class='ocr_line' id='line_1_28' title="bbox 282 3137 844 3200; baseline -0.005 -15"><span class='ocrx_word' id='word_1_211' title='bbox 282 3141 403 3185; x_wconf 73' lang='lat' dir='ltr'><strong>Armatam</strong></span> <span class='ocrx_word' id='word_1_212' title='bbox 412 3138 515 3200; x_wconf 82' lang='lat' dir='ltr'><strong>scopulis</strong></span> <span class='ocrx_word' id='word_1_213' title='bbox 525 3137 602 3183; x_wconf 80' lang='lat' dir='ltr'><strong>audax</strong></span> <span class='ocrx_word' id='word_1_214' title='bbox 614 3137 755 3200; x_wconf 76' lang='lat' dir='ltr'><strong>irrumperet</strong></span> <span class='ocrx_word' id='word_1_215' title='bbox 766 3138 844 3199; x_wconf 78' lang='lat' dir='ltr'><strong>Argo,</strong></span> 
     </span>
    </p>
   </div>
   <div class='ocr_carea' id='block_1_12' title="bbox 286 3211 879 3500">
    <p class='ocr_par' dir='ltr' id='par_1_14' title="bbox 286 3211 879 3500">
     <span class='ocr_line' id='line_1_29' title="bbox 286 3211 861 3274; baseline -0.005 -13"><span class='ocrx_word' id='word_1_216' title='bbox 286 3215 373 3261; x_wconf 78' lang='lat' dir='ltr'><strong>ABetan</strong></span> <span class='ocrx_word' id='word_1_217' title='bbox 384 3214 530 3274; x_wconf 74' lang='lat' dir='ltr'><strong>Colchosque</strong></span> <span class='ocrx_word' id='word_1_218' title='bbox 545 3221 629 3274; x_wconf 85' lang='lat' dir='ltr'><strong>petens</strong></span> <span class='ocrx_word' id='word_1_219' title='bbox 641 3211 754 3274; x_wconf 86' lang='lat' dir='ltr'><strong>propiore</strong></span> <span class='ocrx_word' id='word_1_220' title='bbox 763 3213 861 3274; x_wconf 83' lang='lat' dir='ltr'><strong>periclo,</strong></span> 
     </span>
     <span class='ocr_line' id='line_1_30' title="bbox 286 3286 879 3349; baseline -0.01 -10"><span class='ocrx_word' id='word_1_221' title='bbox 286 3290 400 3338; x_wconf 76' lang='lat' dir='ltr'><strong>Omnibus</strong></span> <span class='ocrx_word' id='word_1_222' title='bbox 411 3288 529 3342; x_wconf 82' lang='lat' dir='ltr'><strong>attonitis,</strong></span> <span class='ocrx_word' id='word_1_223' title='bbox 545 3288 609 3334; x_wconf 82' lang='lat' dir='ltr'><strong>solus</strong></span> <span class='ocrx_word' id='word_1_224' title='bbox 620 3297 676 3349; x_wconf 83' lang='lat' dir='ltr'><strong>post</strong></span> <span class='ocrx_word' id='word_1_225' title='bbox 685 3286 783 3334; x_wconf 84' lang='lat' dir='ltr'><strong>numina</strong></span> <span class='ocrx_word' id='word_1_226' title='bbox 791 3287 879 3349; x_wconf 72' lang='lat' dir='ltr'><strong>Tiphys</strong></span> 
     </span>
     <span class='ocr_line' id='line_1_31' title="bbox 286 3363 835 3410; baseline 0 0"><span class='ocrx_word' id='word_1_227' title='bbox 286 3365 431 3410; x_wconf 82' lang='lat' dir='ltr'><strong>incolumem</strong></span> <span class='ocrx_word' id='word_1_228' title='bbox 442 3363 512 3410; x_wconf 82' lang='lat' dir='ltr'><strong>&#39;tenni</strong></span> <span class='ocrx_word' id='word_1_229' title='bbox 524 3363 610 3410; x_wconf 69' lang='lat' dir='ltr'><strong>mnino</strong></span> <span class='ocrx_word' id='word_1_230' title='bbox 620 3377 723 3410; x_wconf 65' lang='lat' dir='ltr'><strong>sursus</strong></span> <span class='ocrx_word' id='word_1_231' title='bbox 731 3363 835 3410; x_wconf 75' lang='lat' dir='ltr'><strong>carim</strong></span> 
     </span>
     <span class='ocr_line' id='line_1_32' title="bbox 286 3437 843 3500; baseline 0.004 -17"><span class='ocrx_word' id='word_1_232' title='bbox 286 3440 376 3494; x_wconf 84' lang='lat' dir='ltr'><strong>Fertur,</strong></span> <span class='ocrx_word' id='word_1_233' title='bbox 386 3449 410 3486; x_wconf 84' lang='lat' dir='ltr'><strong>st</strong></span> <span class='ocrx_word' id='word_1_234' title='bbox 420 3437 545 3500; x_wconf 74' lang='lat' dir='ltr'><strong>ancipitem</strong></span> <span class='ocrx_word' id='word_1_235' title='bbox 556 3437 642 3485; x_wconf 84' lang='lat' dir='ltr'><strong>montis</strong></span> <span class='ocrx_word' id='word_1_236' title='bbox 649 3437 734 3486; x_wconf 76' lang='lat' dir='ltr'><strong>sitam</strong></span> <span class='ocrx_word' id='word_1_237' title='bbox 744 3439 843 3486; x_wconf 77' lang='lat' dir='ltr'><strong>ruinam</strong></span> 
     </span>
    </p>
   </div>
   <div class='ocr_carea' id='block_1_13' title="bbox 183 3571 900 3872">
    <p class='ocr_par' dir='ltr' id='par_1_15' title="bbox 183 3571 900 3872">
     <span class='ocr_line' id='line_1_33' title="bbox 183 3571 854 3638; baseline 0.003 -20"><span class='ocrx_word' id='word_1_238' title='bbox 183 3571 217 3620; x_wconf 82' lang='lat' dir='ltr'><strong>V.</strong></span> <span class='ocrx_word' id='word_1_239' title='bbox 233 3571 284 3638; x_wconf 86' lang='lat'><strong>699</strong></span> <span class='ocrx_word' id='word_1_240' title='bbox 288 3605 612 3620; x_wconf 87' lang='grc'><strong>...................</strong></span> <span class='ocrx_word' id='word_1_241' title='bbox 619 3584 676 3620; x_wconf 82' lang='lat' dir='ltr'><strong>tunc</strong></span> <span class='ocrx_word' id='word_1_242' title='bbox 686 3571 758 3620; x_wconf 84' lang='lat' dir='ltr'><strong>arida</strong></span> <span class='ocrx_word' id='word_1_243' title='bbox 768 3573 854 3622; x_wconf 81' lang='lat' dir='ltr'><strong>anlseli</strong></span> 
     </span>
     <span class='ocr_line' id='line_1_34' title="bbox 297 3651 880 3721; baseline 0.002 -18"><span class='ocrx_word' id='word_1_244' title='bbox 297 3657 413 3703; x_wconf 85' lang='lat' dir='ltr'><strong>Pectora:</strong></span> <span class='ocrx_word' id='word_1_245' title='bbox 424 3651 534 3702; x_wconf 83' lang='lat' dir='ltr'><strong>discussa</strong></span> <span class='ocrx_word' id='word_1_246' title='bbox 545 3656 632 3720; x_wconf 82' lang='lat' dir='ltr'><strong>quales</strong></span> <span class='ocrx_word' id='word_1_247' title='bbox 640 3653 779 3721; x_wconf 83' lang='lat' dir='ltr'><strong>formidine</strong></span> <span class='ocrx_word' id='word_1_248' title='bbox 787 3657 880 3705; x_wconf 77' lang='lat' dir='ltr'><strong>Averni</strong></span> 
     </span>
     <span class='ocr_line' id='line_1_35' title="bbox 298 3739 900 3808; baseline -0.002 -20"><span class='ocrx_word' id='word_1_249' title='bbox 298 3739 398 3790; x_wconf 79' lang='lat' dir='ltr'><strong>Alcides</strong></span> <span class='ocrx_word' id='word_1_250' title='bbox 410 3740 562 3804; x_wconf 75' lang='lat' dir='ltr'><strong>llescusqac</strong></span> <span class='ocrx_word' id='word_1_251' title='bbox 571 3756 651 3790; x_wconf 88' lang='lat' dir='ltr'><strong>comes</strong></span> <span class='ocrx_word' id='word_1_252' title='bbox 658 3740 780 3806; x_wconf 83' lang='lat' dir='ltr'><strong>pallentia</strong></span> <span class='ocrx_word' id='word_1_253' title='bbox 787 3739 900 3808; x_wconf 70' lang='lat' dir='ltr'><strong>J&#39;ursgunt</strong></span> 
     </span>
     <span class='ocr_line' id='line_1_36' title="bbox 299 3825 399 3872; baseline -0.01 -1"><span class='ocrx_word' id='word_1_254' title='bbox 299 3825 399 3872; x_wconf 85' lang='lat' dir='ltr'><strong>Oscula.</strong></span> 
     </span>
    </p>
   </div>
   <div class='ocr_carea' id='block_1_14' title="bbox 68 3928 1220 4182">
    <p class='ocr_par' dir='ltr' id='par_1_16' title="bbox 68 3928 1220 4182">
     <span class='ocr_line' id='line_1_37' title="bbox 150 3928 1218 4004; baseline 0.004 -20"><span class='ocrx_word' id='word_1_255' title='bbox 150 3932 209 3986; x_wconf 87' lang='lat' dir='ltr'><strong>Hoc</strong></span> <span class='ocrx_word' id='word_1_256' title='bbox 224 3932 283 3986; x_wconf 89' lang='lat' dir='ltr'><strong>loco</strong></span> <span class='ocrx_word' id='word_1_257' title='bbox 299 3943 427 4003; x_wconf 87' lang='lat' dir='ltr'><strong>punctum</strong></span> <span class='ocrx_word' id='word_1_258' title='bbox 442 3943 502 4004; x_wconf 89' lang='lat' dir='ltr'><strong>post</strong></span> <span class='ocrx_word' id='word_1_259' title='bbox 511 3945 614 3999; x_wconf 80' lang='lat' dir='ltr'><strong>pectora</strong></span> <span class='ocrx_word' id='word_1_260' title='bbox 629 3930 693 3983; x_wconf 92' lang='lat' dir='ltr'><strong>tollo</strong></span> <span class='ocrx_word' id='word_1_261' title='bbox 703 3970 711 3996; x_wconf 90' lang='lat'><strong>,</strong></span> <span class='ocrx_word' id='word_1_262' title='bbox 722 3933 835 3999; x_wconf 68' lang='lat' dir='ltr'><strong>jungunt</strong></span> <span class='ocrx_word' id='word_1_263' title='bbox 847 3928 995 3994; x_wconf 81' lang='lat' dir='ltr'><strong>subaudio,</strong></span> <span class='ocrx_word' id='word_1_264' title='bbox 1013 3941 1040 3984; x_wconf 86' lang='lat' dir='ltr'><strong>et</strong></span> <span class='ocrx_word' id='word_1_265' title='bbox 1052 3931 1218 4004; x_wconf 77' lang='lat' dir='ltr'><strong>Argonautas</strong></span> 
     </span>
     <span class='ocr_line' id='line_1_38' title="bbox 146 4011 1220 4086; baseline 0.001 -19"><span class='ocrx_word' id='word_1_266' title='bbox 146 4034 202 4070; x_wconf 86' lang='lat' dir='ltr'><strong>scae</strong></span> <span class='ocrx_word' id='word_1_267' title='bbox 216 4015 327 4068; x_wconf 81' lang='lat' dir='ltr'><strong>irsvicem</strong></span> <span class='ocrx_word' id='word_1_268' title='bbox 336 4014 478 4086; x_wconf 84' lang='lat' dir='ltr'><strong>amplexari</strong></span> <span class='ocrx_word' id='word_1_269' title='bbox 494 4013 628 4086; x_wconf 80' lang='lat' dir='ltr'><strong>intelligo,</strong></span> <span class='ocrx_word' id='word_1_270' title='bbox 642 4024 671 4066; x_wconf 91' lang='lat' dir='ltr'><strong>nt</strong></span> <span class='ocrx_word' id='word_1_271' title='bbox 680 4024 798 4076; x_wconf 87' lang='lat' dir='ltr'><strong>constet,</strong></span> <span class='ocrx_word' id='word_1_272' title='bbox 811 4011 883 4084; x_wconf 87' lang='lat' dir='ltr'><strong>qnod</strong></span> <span class='ocrx_word' id='word_1_273' title='bbox 899 4012 1037 4085; x_wconf 82' lang='lat' dir='ltr'><strong>sequitur,</strong></span> <span class='ocrx_word' id='word_1_274' title='bbox 1051 4015 1143 4070; x_wconf 78' lang='lat' dir='ltr'><strong>simile.</strong></span> <span class='ocrx_word' id='word_1_275' title='bbox 1156 4023 1220 4069; x_wconf 79' lang='lat' dir='ltr'><strong>Jun-</strong></span> 
     </span>
     <span class='ocr_line' id='line_1_39' title="bbox 68 4095 1004 4182; baseline -0.001 -31"><span class='ocrx_word' id='word_1_276' title='bbox 68 4152 75 4164; x_wconf 57' lang='grc'><strong>,</strong></span> <span class='ocrx_word' id='word_1_277' title='bbox 145 4118 206 4166; x_wconf 71' lang='lat' dir='ltr'><strong>gere</strong></span> <span class='ocrx_word' id='word_1_278' title='bbox 213 4115 317 4166; x_wconf 85' lang='lat' dir='ltr'><strong>pectora</strong></span> <span class='ocrx_word' id='word_1_279' title='bbox 325 4101 424 4170; x_wconf 85' lang='lat' dir='ltr'><strong>passim</strong></span> <span class='ocrx_word' id='word_1_280' title='bbox 435 4098 507 4172; x_wconf 86' lang='lat' dir='ltr'><strong>apud</strong></span> <span class='ocrx_word' id='word_1_281' title='bbox 516 4097 658 4182; x_wconf 79' lang='lat' dir='ltr'><strong>Valerium</strong></span> <span class='ocrx_word' id='word_1_282' title='bbox 666 4097 795 4160; x_wconf 87' lang='lat' dir='ltr'><strong>occurrit;</strong></span> <span class='ocrx_word' id='word_1_283' title='bbox 810 4097 857 4151; x_wconf 92' lang='lat' dir='ltr'><strong>lib.</strong></span> <span class='ocrx_word' id='word_1_284' title='bbox 868 4097 925 4161; x_wconf 86' lang='lat'><strong>111,</strong></span> <span class='ocrx_word' id='word_1_285' title='bbox 938 4095 1004 4166; x_wconf 80' lang='lat'><strong>309:</strong></span> 
     </span>
    </p>
   </div>
   <div class='ocr_carea' id='block_1_15' title="bbox 287 4221 924 4344">
    <p class='ocr_par' dir='ltr' id='par_1_17' title="bbox 287 4221 924 4344">
     <span class='ocr_line' id='line_1_40' title="bbox 288 4221 924 4284; baseline 0 -18"><span class='ocrx_word' id='word_1_286' title='bbox 288 4223 330 4267; x_wconf 81' lang='lat' dir='ltr'><strong>Fas</strong></span> <span class='ocrx_word' id='word_1_287' title='bbox 341 4231 418 4268; x_wconf 76' lang='lat' dir='ltr'><strong>tanen</strong></span> <span class='ocrx_word' id='word_1_288' title='bbox 431 4233 466 4269; x_wconf 82' lang='lat' dir='ltr'><strong>est</strong></span> <span class='ocrx_word' id='word_1_289' title='bbox 479 4222 587 4270; x_wconf 73' lang='lat' dir='ltr'><strong>conferre</strong></span> <span class='ocrx_word' id='word_1_290' title='bbox 599 4237 681 4284; x_wconf 78' lang='lat' dir='ltr'><strong>genas,</strong></span> <span class='ocrx_word' id='word_1_291' title='bbox 697 4221 836 4284; x_wconf 78' lang='lat' dir='ltr'><strong>lasjungese</strong></span> <span class='ocrx_word' id='word_1_292' title='bbox 848 4231 924 4269; x_wconf 85' lang='lat' dir='ltr'><strong>tecnrn</strong></span> 
     </span>
     <span class='ocr_line' id='line_1_41' title="bbox 287 4297 391 4344; baseline 0.029 -3"><span class='ocrx_word' id='word_1_293' title='bbox 287 4297 391 4344; x_wconf 83' lang='lat' dir='ltr'><strong>Pectora.</strong></span> 
     </span>
    </p>
   </div>
   <div class='ocr_carea' id='block_1_16' title="bbox 0 0 1624 5114">
    <p class='ocr_par' dir='ltr' id='par_1_18' title="bbox 0 0 1624 5114">
     <span class='ocr_line' id='line_1_42' title="bbox 0 0 1624 5114; baseline 0 0"><span class='ocrx_word' id='word_1_294' title='bbox 0 0 1624 5114; x_wconf 95' lang='lat' dir='ltr'><strong> </strong></span> 
     </span>
    </p>
   </div>
  </div>
 </body>
</html>
