3122 5126
382 539 515 589 xxxvut
595 515 871 586 PRAEFATIO
905 517 975 584 JO.
1002 517 1141 587 BAPT.
1167 518 1237 587 PII

382 649 520 729 mulum,
530 647 668 712 maxime
678 646 843 734 Princeps,
858 645 949 735 quod
960 646 1157 712 Florentiam
1167 648 1314 736 patriam,
1326 671 1459 741 magno

382 755 469 837 eseli,
483 752 829 843 indulgentissimoque
845 753 974 834 farore,
989 753 1121 817 sortitus
1136 775 1189 835 es,
1208 776 1308 817 unam
1322 755 1356 819 in
1371 779 1459 820 om-

382 863 482 928 nibus
496 860 591 924 terris
608 857 867 923 florentissimam
880 858 1027 940 virtutis,
1046 858 1239 946 opulentiae,
1261 859 1459 949 dignitatis,

382 967 575 1053 Etruscique
590 964 717 1053 imperii
738 963 891 1046 domum3
914 985 986 1052 quae
1003 965 1112 1054 plures
1129 965 1164 1027 in
1182 967 1273 1029 omni
1288 966 1459 1031 virtumm

381 1095 498 1165 genere
513 1071 686 1160 sapientes,
702 1093 800 1158 quam
814 1086 882 1134 tota
897 1068 1034 1158 protulit
1047 1069 1153 1150 Italia,
1164 1091 1262 1157 quam
1274 1071 1456 1154 Aretinus,

380 1179 415 1243 in
426 1179 486 1242 hec
499 1175 632 1264 quidem
646 1191 737 1265 parte
751 1197 853 1240 vanus
869 1174 1048 1263 haruspex,
1060 1197 1078 1237 a
1091 1175 1229 1239 Sullanis
1244 1176 1383 1264 positam
1392 1177 1456 1241 di·

381 1285 434 1349 cit.
455 1285 563 1371 Impar
574 1304 664 1345 error
679 1281 886 1345 Francisoum
907 1279 1112 1345 Petrarcham
1123 1279 1275 1365 involvit,
1289 1281 1362 1370 qui,
1373 1283 1453 1372 epi-

381 1390 537 1455 stolarum
552 1387 703 1452 senilium
719 1387 804 1451 libro
820 1409 929 1468 nono,
943 1385 984 1450 ad
1002 1386 1171 1451 Urbanum
1189 1386 1378 1452 Pontificem
1398 1389 1453 1452 ita

380 1495 506 1561 scribit:
521 1495 637 1558 Patria
650 1515 772 1581 quoque
788 1516 858 1558 mea
877 1493 966 1572 urbs,
982 1515 1104 1581 quoque
1117 1493 1244 1557 verbum
1259 1509 1368 1576 sonat,
1376 1495 1452 1580 flo-

380 1602 564 1679 tentissime,
580 1598 721 1664 nomm
733 1612 838 1662 tamen
851 1619 914 1686 rep.
927 1597 1167 1685 Rom.florente
1173 1598 1342 1687 ,fundate
1356 1600 1450 1664 Lau-

380 1707 505 1772 rentius
521 1705 695 1786 vallensis,
711 1706 790 1769 alter
802 1707 958 1768 Romanae
977 1704 1096 1794 linguae
1114 1705 1288 1787 Camillus,
1305 1707 1457 1770 assertor'

381 1813 529 1878 videlieet
546 1810 758 1899 eloquentiae,
774 1811 822 1874 in,
837 1810 970 1900 epistola
994 1811 1133 1898 quadam
1158 1811 1268 1900 prodit
1284 1812 1337 1877 cui
1354 1813 1450 1875 Dan·

381 1918 452 1983 thes
463 1917 654 2006 Alengerius
666 1914 890 2004 adstipulatur,
905 1916 1055 1982 homines
1070 1939 1229 2004 aquarum
1244 1917 1397 2006 penuria,
1413 1931 1453 1981 et

380 2024 444 2088 loci
459 2022 595 2087 mitioris
621 2021 799 2102 desiderio,
817 2045 858 2085 ex
879 2021 1044 2086 Fesulanis
1069 2022 1236 2088 montibus
1261 2040 1294 2087 et
1312 2022 1449 2104 vicinis,

377 2131 469 2212 juxta
480 2131 605 2192 Arnum
624 2127 823 2208 consedisse,
842 2143 874 2190 et
888 2151 907 2190 a
922 2128 985 2191 loci
1001 2128 1066 2192 situ
1079 2129 1105 2192 F
1107 2128 1286 2210 luentinos,
1307 2143 1346 2192 ut
1360 2152 1451 2217 prae-

382 2233 545 2300 terfluenti
569 2235 659 2296 Arno
682 2233 863 2321 appositos,
886 2233 980 2296 initio
1005 2233 1123 2315 dictos,
1147 2235 1230 2298 sicut
1254 2234 1288 2296 in
1311 2257 1380 2298 uno
1402 2256 1448 2298 eo

380 2341 487 2405 Plinio
506 2354 652 2404 constare
672 2337 784 2420 video,
804 2361 880 2402 mox
898 2337 1033 2403 florente
1056 2340 1201 2421 beatius,
1225 2356 1258 2404 et
1281 2338 1449 2406 arridente

381 2450 531 2528 ibrtuna,
551 2443 757 2510 Florentinos
775 2444 966 2532 appellatos,
984 2445 1150 2532 quomodo
1172 2447 1271 2510 Corn.
1292 2447 1447 2527 Tacitus,

381 2552 591 2631 Ptolemaeus‚
604 2549 848 2638 Procopiusque
860 2550 1066 2615 noniinitant.
1081 2553 1159 2614 Eam
1174 2549 1292 2615 deinde
1303 2551 1449 2615 Romani

381 2656 554 2722 Triumviri
570 2654 731 2721 coloniam
748 2652 973 2736 deduxerunt,
990 2654 1081 2742 quod
1094 2671 1207 2719 auctor
1223 2657 1394 2744 antiquus,
1408 2657 1447 2720 in

382 2763 530 2829 coenobio
546 2759 712 2841 Bohiensi,
730 2781 808 2822 cura
831 2782 868 2824 ae
889 2757 1047 2823 industria
1068 2761 1201 2824 Merulae
1218 2762 1445 2845 Alexandrini,

382 2884 550 2958 repertus,
564 2881 673 2955 aperte
698 2862 842 2929 notificat
861 2864 913 2928 his
928 2865 1051 2929 verbis:
1065 2897 1078 2922 a
1088 2869 1123 2931 G.
1141 2867 1271 2931 Caesaris
1293 2869 1446 2957 auspiciis

383 2991 416 3041 et
429 2973 476 3040 M.
490 2972 629 3052 Antoni,
647 2986 681 3034 et
700 2970 746 3034 M.
761 2969 874 3057 Lepidi
895 2969 1057 3034 Florentia
1077 2969 1214 3036 deducta
1232 2973 1281 3036 ΙΙΙ
1293 2974 1369 3038 viris
1385 2974 1446 3038 ad·

382 3083 506 3171 signata
523 3079 593 3167 lege
610 3075 703 3141 iulia.
720 3075 881 3139 Centuriae
897 3075 1062 3140 Caesarinae
1079 3077 1113 3140 in
1129 3076 1242 3167 jugera
1258 3103 1316 3167 per
1331 3079 1446 3144 Cardi-

383 3211 440 3253 nes
457 3201 489 3250 et
503 3186 720 3248 Decumanos.
733 3180 878 3244 Termini
892 3180 1026 3245 rotundi
1039 3180 1186 3270 pedales,
1199 3201 1232 3248 et
1246 3184 1395 3250 distenta
1408 3209 1444 3252 se

382 3290 481 3382 pedes
492 3289 535 3352 ll.
549 3287 657 3350 CCDC
670 3315 693 3349 ν.
712 3283 872 3348 Laudanti
888 3301 920 3349 et
934 3283 1106 3349 admiranti
1121 3289 1284 3353 fortunam
1301 3307 1390 3355 tuam
1405 3315 1445 3356 ac

384 3413 491 3463 extera
505 3393 603 3474 bona,
617 3391 766 3479 princeps
776 3392 923 3455 omnium
933 3391 1117 3480 principum
1126 3393 1274 3477 maxime,
1288 3397 1442 3488 interpel-

382 3505 452 3568 lant
463 3496 563 3563 animi
574 3518 657 3561 vere
674 3517 801 3585 semper
811 3495 939 3577 laudes,
956 3517 992 3561 ec
1003 3496 1125 3587 ingenii
1138 3497 1231 3564 dotes
1246 3501 1441 3587 innumeros,

384 3619 513 3696 quante
526 3602 561 3664 in
575 3601 667 3665 nullo
681 3623 827 3688 unquam
842 3601 987 3690 principe
1003 3602 1185 3668 rutilarunt.
1199 3603 1365 3691 Siquidem
1378 3608 1442 3674 vita

383 3730 439 3779 tua
452 3729 539 3774 mera
552 3729 686 3772 censura
702 3722 760 3772 est.
774 3705 889 3788 Aditus
903 3707 944 3773 ad
959 3723 991 3772 te
1010 3724 1106 3773 tantm
1127 3709 1303 3793 felicitatis,
1322 3729 1359 3776 ut
1375 3715 1441 3779 Au·

385 3815 764 3910 gustum,Artaxerxenr,
779 3813 984 3902 Philippum,
998 3831 1072 3902 post
1089 3815 1222 3880 aniculae
1236 3817 1378 3882 monitus
1392 3842 1441 3884 sa·

383 3920 592 4001 luberrimos,
610 3919 707 4008 longe
721 3940 862 4006 superes.
884 3918 979 4007 Apud
1001 3919 1245 4009 benignissimas
1263 3945 1355 3986 aures
1371 3939 1440 3989 tiras

384 4051 482 4097 nemo
500 4047 568 4090 non
585 4042 744 4113 quantum
761 4025 874 4107 voluit,
890 4024 979 4090 dixit.
996 4027 1107 4089 Unum
1124 4044 1270 4116 superest
1288 4029 1440 4096 mirectdo

384 4135 569 4228 proximum
581 4181 590 4214 ‚
601 4131 712 4220 quod,
723 4154 795 4219 quse
808 4131 958 4221 dissipata
973 4155 1080 4223 reges,
1089 4157 1127 4198 ae
1138 4134 1285 4200 heroicos
1296 4137 1383 4201 viros
1394 4138 1439 4201 ai-

383 4243 474 4309 fatim
492 4253 624 4320 ornant,
641 4253 674 4302 et
689 4237 875 4321 redimunt,
894 4255 931 4304 tu
947 4237 1047 4305 divite
1066 4240 1182 4328 copula
1198 4239 1439 4330 conjugasti,et
