3192 5128
359 565 492 616 oxtvm
660 547 810 618 PETRI
840 547 1111 620 BURMANNI

357 677 474 764 passim
498 675 620 758 laudat3
641 694 675 741 et
693 679 870 767 plurimum
890 701 965 744 eum
981 677 1157 744 contulisse
1172 675 1214 742 ad
1231 678 1337 742 lucem
1355 681 1414 744 ob·

357 782 492 846 muriori
518 779 596 846 huic
620 785 761 871 poemati
782 783 1038 862 infundendam,
1065 783 1223 864 arbitror,
1251 784 1325 848 licet
1347 805 1415 849 ser·

357 907 456 952 mone
472 889 609 952 molesto
632 905 665 954 et
680 889 787 953 verbis
807 889 1058 954 abstrusioribus
1077 887 1292 969 delectatum,
1307 889 1414 976 ipsum

357 1013 423 1056 sote
433 994 570 1058 orationi
579 995 726 1059 tenebras
741 995 897 1060 offudisse
911 1013 1119 1084 nonnegenr:
1133 1015 1236 1081 quum
1247 1017 1326 1059 reso
1336 995 1415 1059 alios

358 1098 406 1162 Pii
431 1097 556 1163 labores
580 1121 655 1163 cum
677 1099 742 1164 hoc
765 1101 798 1163 in
815 1100 978 1164 Valerium
997 1099 1230 1163 commentario
1262 1101 1414 1180 consuo,

356 1225 422 1266 non
443 1204 505 1267 alio
520 1225 617 1292 opere
630 1225 706 1269 enm
723 1206 832 1293 potius
850 1203 1049 1270 osnsmdum
1066 1220 1166 1293 puto,
1182 1205 1257 1291 quia
1272 1204 1306 1268 in
1323 1204 1415 1269 nullo

356 1325 421 1372 tum
434 1309 516 1373 bene
533 1309 593 1397 ipsi
609 1311 801 1376 successisse
817 1311 1008 1375 industriam
1026 1309 1134 1374 credo.
1149 1309 1248 1392 Quod
1261 1310 1413 1400 singulari

355 1413 449 1478 stiam
465 1415 607 1480 felicitati
621 1417 805 1483 adscribere
819 1418 891 1504 quis
913 1416 1048 1505 poterit,
1068 1417 1144 1504 quia
1157 1417 1192 1480 in
1212 1417 1414 1484 emendando

355 1519 484 1600 Flacco,
509 1520 600 1599 cujus
617 1535 682 1585 tam
701 1523 764 1585 rari
789 1535 866 1584 sunt
883 1519 1011 1586 codices
1028 1541 1127 1584 manu
1144 1524 1278 1600 exarati,
1300 1537 1413 1586 nactus

354 1622 451 1686 luerit
468 1625 626 1712 quosdam
643 1626 774 1714 optimu
787 1643 892 1708 notas,
911 1627 997 1689 inter
1012 1647 1095 1714 quos
1108 1649 1212 1691 unum
1227 1629 1344 1716 passim
1358 1649 1411 1692 ce·

353 1726 475 1812 lebrat,
497 1731 639 1795 mirificae
655 1732 827 1812 majestatis
850 1748 882 1796 et
902 1727 1093 1798 venerandae
1110 1733 1293 1814 vetustatis,
1315 1752 1412 1821 quem

354 1855 393 1898 ex
410 1835 523 1900 ultima
539 1838 712 1905 Gennania
725 1840 760 1902 in
773 1840 896 1904 ltaliam
907 1840 1038 1904 allatum
1053 1860 1122 1904 esse
1135 1839 1271 1929 gaudet,
1286 1838 1413 1904 vidend

354 1939 408 2004 lib.
426 1942 458 2022 l,
479 1945 563 2025 441,
580 1946 640 2027 Ill,
656 1944 737 2026 538,
752 1961 785 2008 et
800 1945 887 2015 alibi.
902 1945 999 2009 Hunc
1007 1943 1179 2026 Heinsius,
1196 1944 1318 2010 collatis
1330 1946 1413 2009 mul·

353 2061 462 2110 torum
476 2049 622 2112 locorum
636 2049 731 2113 variis
744 2050 953 2131 lectionibus,
970 2049 1073 2114 credit
1089 2049 1240 2114 eumdem
1255 2070 1340 2131 esse,
1356 2051 1413 2137 qni

353 2150 461 2216 adhuc
474 2153 573 2216 hodie
582 2155 770 2218 inVaticana
783 2153 979 2218 bibliotheca
990 2169 1150 2236 servatum
1158 2153 1232 2218 vide
1241 2156 1309 2236 ejus
1322 2171 1413 2220 notas

353 2257 393 2322 ad
403 2257 458 2323 lib.
471 2260 511 2341 V,
531 2259 612 2343 353,
626 2261 731 2342 etVl,
750 2259 791 2324 30
805 2275 838 2324 et
856 2259 907 2325 5⁰.
918 2261 1029 2324 Romae
1045 2281 1122 2324 vero
1137 2281 1239 2347 quum
1250 2261 1413 2348 scripserit

352 2363 412 2426 hos
426 2364 674 2428 commentarios
688 2365 784 2445 Pius,
802 2361 847 2428 ibi
863 2364 954 2427 illum
969 2363 1114 2428 codicem
1131 2365 1214 2428 forte
1229 2365 1411 2429 consuluit:

353 2487 427 2531 nam
443 2467 484 2532 ad
500 2469 556 2534 lib.
569 2470 625 2550 lV,
644 2491 724 2556 227,
739 2491 773 2533 se
785 2471 896 2533 Romae
913 2468 1070 2551 scribere,
1087 2483 1119 2532 et
1130 2468 1164 2532 in
1182 2469 1349 2558 negotiosa
1360 2469 1414 2534 illa

352 2572 433 2636 urbe
443 2573 569 2636 nullum
581 2573 649 2637 fere
660 2572 746 2637 diem
758 2593 854 2638 suum
865 2595 945 2653 esse,
955 2572 1061 2636 verbis
1069 2572 1163 2636 Mart
1171 2573 1227 2636 lib.
1236 2575 1285 2653 Χ,
1295 2595 1346 2660 cp.
1356 2571 1412 2659 59,

352 2699 446 2767 rs.7;
461 2680 641 2761 «jactamur
649 2681 682 2743 in
693 2681 756 2745 alto
766 2679 879 2756 Urbis,
896 2696 929 2744 et
938 2680 972 2744 in
984 2679 1082 2744 sterili
1092 2680 1157 2744 vita
1169 2680 1279 2744 labore
1291 2681 1375 2768 perit
1385 2711 1412 2761 ι,

352 2781 508 2869 queritur.
534 2782 623 2846 Alios
651 2782 778 2847 codices
800 2803 883 2870 saepe
910 2795 1090 2862 memorat,
1117 2779 1228 2845 sedin
1251 2802 1334 2867 quos
1348 2781 1412 2861 jam

351 2905 507 2988 grassatos
532 2910 601 2954 esse
629 2889 680 2952 sui
704 2889 858 2976 temporis
880 2888 1015 2952 Criticos
1038 2887 1203 2974 queritur,
1222 2886 1307 2950 inter
1331 2909 1413 2973 quos

351 2995 569 3082 Pomponium
584 2995 707 3058 Laetum
723 3009 899 3058 memorat:
913 2993 1059 3057 solebant
1074 2992 1160 3055 enim
1172 2991 1243 3055 Itali
1257 2991 1321 3056 hoc
1333 3007 1413 3057 tenr-

350 3121 430 3189 pore
454 3099 489 3163 id
511 3101 574 3164 sibi
598 3101 805 3188 permittere,
829 3116 867 3163 ut
892 3099 980 3187 ipsos
1002 3119 1101 3162 manu
1123 3111 1266 3163 exaratos
1287 3097 1413 3163 codices

351 3204 581 3287 emendarent,
607 3205 663 3268 ubi
690 3205 835 3268 librarios
861 3205 1025 3268 aberrasse
1048 3202 1235 3282 crederent3
1259 3203 1347 3268 unde
1365 3219 1414 3268 tot

351 3310 477 3375 codices
495 3311 635 3375 locundi
648 3309 861 3392 Veronensis,
876 3310 1019 3390 Ioviani,
1034 3309 1185 3390 Pontani,
1195 3309 1364 3386 Politiani,
1381 3325 1414 3372 et

349 3417 485 3483 aliorum
504 3417 652 3480 manibus
668 3415 855 3479 emendatos
869 3413 1015 3479 videmus
1038 3413 1161 3477 laudari
1182 3437 1201 3478 a
1221 3415 1356 3478 Criticis.
1371 3415 1413 3477 Et

351 3520 428 3583 hinc
443 3521 539 3584 etiam
551 3521 584 3584 in
601 3521 720 3610 primas
732 3541 814 3608 saepe
827 3519 984 3584 editiones
996 3519 1237 3584 emendationes
1254 3520 1338 3600 illas,
1352 3541 1413 3607 pru

350 3624 455 3688 verbis
476 3641 666 3701 auctorum,
683 3642 826 3714 receptas
851 3627 1078 3714 comperimus.
1107 3627 1216 3708 Quare
1230 3625 1307 3689 Pius
1324 3639 1413 3687 recto

346 3728 489 3812 judicio,
506 3745 544 3794 ut
556 3731 636 3801 mihi
647 3730 787 3813 videtur,
803 3732 1065 3808 hosemendatos
1078 3731 1204 3794 codices
1218 3729 1313 3817 longe
1328 3728 1412 3791 infra

349 3836 487 3899 intactos
509 3851 542 3899 et
566 3837 836 3900 incontaminatos
851 3837 1012 3925 ponebat,
1034 3835 1098 3900 vid.
1120 3834 1161 3898 ad
1185 3835 1240 3897 lib.
1262 3834 1327 3913 ΙΙΙ,
1349 3833 1412 3910 246

349 3959 381 4006 ot
396 3940 477 4024 538,
488 3959 520 4008 et
531 3944 606 4015 alibi
620 3945 747 4031 passim.
763 3944 941 4009 Politianus
953 3993 962 4026 ,
975 3943 1107 4007 Miscell.
1121 3963 1189 4028 cap.
1207 3939 1243 4021 5,
1261 3941 1413 4027 opinatur

349 4071 461 4112 omnes
477 4050 545 4113 lere
558 4049 684 4114 codices
704 4051 783 4115 MSS
798 4051 915 4115 Valerii
933 4049 1037 4113 Flacci
1055 4045 1183 4110 fluxisse
1201 4067 1240 4108 ex
1256 4046 1412 4132 perveteri

349 4153 478 4237 codice,
495 4177 593 4242 quem
610 4156 723 4222 habuit
740 4155 868 4220 Tadeos
884 4155 1038 4244 Ugoletns
1052 4152 1250 4232 Parmensis,
1268 4149 1413 4214 Matthiae

350 4260 479 4324 Corvini
501 4262 642 4342 aulicus,
660 4283 757 4348 quem
773 4262 836 4342 jam
855 4281 950 4351 supra
968 4257 1127 4338 diximus,
1145 4279 1220 4321 cum
1238 4256 1306 4326 aliis
1326 4255 1414 4322 ltal'ts
