3122 5126
138 531 320 607 EXPED.
348 535 525 606 ARGON.
550 533 665 604 HIST.
693 538 720 604 A
747 535 882 607 LAUR.
908 537 1068 610 BALBO.
1095 561 1153 616 mx

65 661 122 726 lilii
146 663 298 728 fuerunt
317 663 485 729 Macareus
504 679 536 728 et
553 665 692 747 Canace;
706 666 820 730 tertius
835 689 913 731 vero
936 669 990 733 hic
1012 672 1154 738 Hellenis

67 766 176 850 filius,
191 771 251 834 cui
265 787 333 834 tres
348 769 485 835 luerunt
497 769 606 851 liberi,
618 769 792 854 Cretheus,
805 773 976 859 Athamas,
990 794 1022 841 et
1035 778 1155 844 Salmo-

1 915 2 959 ,
70 897 172 940 neus:
187 891 224 939 et
240 875 373 940 Crethei
391 875 524 964 quidem
539 874 624 939 filius
641 877 703 940 fuit
714 875 817 942 AEson
834 879 958 944 lasonis
974 887 1156 970 pater.=Sal·

73 981 188 1044 menei
198 997 314 1046 autem
325 980 389 1046 filia
398 982 460 1045 fuit
469 982 567 1070 Tyr0,
577 1004 650 1069 quae
658 983 748 1070 prius
759 983 899 1049 Cretheo
910 1003 1027 1074 patruo
1037 1010 1154 1080 nupta,

1 1133 2 1202 ,
75 1087 236 1152 AEsonem
253 1111 348 1171 eum,
362 1111 461 1176 quem
473 1089 735 1187 lasonispatrem
749 1088 904 1175 diximus,
917 1093 1154 1187 Pheretemque

1 1219 2 1256 ;
77 1193 213 1261 Admeti
224 1211 371 1284 patrem,
382 1196 665 1284 etAmythaonem
677 1197 819 1285 peperit,
830 1219 870 1262 ex
887 1213 954 1286 quo
968 1217 1000 1264 et
1011 1203 1153 1293 Dorippa

80 1317 176 1364 natus
188 1317 240 1364 cst
252 1301 434 1390 Melampus
447 1316 551 1384 vates,
567 1317 606 1365 ut
623 1300 775 1368 describit
791 1304 989 1371 Derichidas.
1002 1307 1118 1374 Postea
1136 1335 1155 1375 a

81 1407 239 1496 Neptuno
258 1429 354 1472 verso
367 1407 402 1470 in
417 1407 533 1496 Enipei
547 1405 652 1491 fluvii,
668 1431 765 1497 quem
779 1409 833 1474 ille
853 1411 998 1494 amabat,
1016 1417 1153 1482 formam

83 1513 337 1602 comprehensa,
349 1514 488 1578 Neleum
502 1513 648 1578 Nestoris
665 1530 789 1602 patrem
801 1563 811 1598 ,
823 1515 1011 1606 Peliemque
1024 1521 1156 1586 Thessa·

84 1619 131 1682 liae
140 1641 254 1708 regem
264 1618 376 1684 edidit.
386 1621 537 1684 Athamas
545 1642 624 1684 vero
635 1642 675 1683 ex
684 1621 784 1708 priori
794 1643 912 1699 uxore,
925 1647 997 1711 quae
1007 1626 1154 1716 Nephele

85 1725 169 1789 dicta
183 1741 246 1806 est,
253 1724 338 1789 duos
352 1725 483 1790 sustulit
495 1723 588 1807 lilios,
602 1723 770 1812 Phryxum
784 1741 816 1787 et
828 1726 960 1792 Hellen:
973 1731 1153 1798 secundum

86 1831 295 1896 Herodorum
323 1832 449 1920 plures,
472 1831 529 1918 qui
557 1831 622 1910 ait,
643 1851 719 1893 eum
747 1852 786 1894 ex
810 1830 977 1896 Themisto
1005 1837 1154 1924 genuisse

1 1959 2 1990 ι
86 1936 287 2016 Scbeneum,
303 1935 498 2024 Erythrion,
517 1933 721 2016 Leuconem,
736 1934 867 2018 Poeum,
882 1937 1078 2027 ultimosque
1091 1965 1157 2008 om.

1 2083 2 2086 =
88 2043 178 2106 nium
189 2041 360 2130 Phryxum
377 2055 408 2104 et
421 2040 553 2104 Hellen:
569 2062 609 2104 ex
623 2040 804 2127 posteriore
815 2063 893 2106 vero
908 2041 1106 2110 Melicertam
1122 2066 1156 2113 et

89 2147 266 2212 leaschum
286 2145 387 2228 filios,
400 2145 563 2233 filiamque
582 2146 766 2234 Eurycliam
781 2146 904 2211 habuit.

484 2313 533 2376 De
550 2313 755 2378 Athamante.

127 2473 302 2553 Athamas,
314 2469 416 2560 priori
428 2492 529 2536 uxore
541 2493 580 2534 ex
591 2469 672 2535 vivis
683 2469 825 2553 sublata,
837 2471 899 2536 lno
912 2473 1027 2539 Cadmi
1038 2493 1070 2540 et
1080 2477 1158 2542 Har·

87 2581 203 2644 menies
225 2577 325 2644 filiam
343 2576 438 2641 duxit
459 2597 613 2657 uxorem,
633 2574 725 2655 cujus
748 2575 873 2642 insidiis
894 2599 1010 2666 parum
1033 2582 1157 2665 abluit,

87 2688 166 2775 quin
179 2686 323 2776 privigni
339 2683 577 2750 occiderentur.
594 2683 651 2747 llla
669 2683 756 2747 enim
774 2685 937 2749 novercali
955 2686 1032 2752 odio
1050 2690 1157 2754 mariti

87 2795 206 2858 liberos
225 2793 399 2872 insectata,
417 2789 577 2879 persuasit
596 2789 823 2878 indigenarum
848 2791 1020 2869 uxoribus,
1044 2811 1081 2858 ut
1105 2819 1157 2860 se-

88 2902 174 2964 mina
194 2914 393 2987 coquerent,
414 2918 584 2986 quumque
603 2895 752 2982 sequenti
774 2917 861 2960 anno
889 2917 1000 2960 semen
1025 2916 1155 2964 coctum

88 3007 212 3071 imonis
234 3021 379 3092 speratos
394 3026 462 3067 non
478 3001 715 3091 suppeditaret,
735 3001 889 3065 Athamas
905 3001 945 3066 ad
961 3004 1154 3093 Delphicum

88 3111 214 3200 Pythici
241 3109 400 3198 Apollinis
423 3107 592 3172 oraculum
611 3106 792 3172 sacerdotes
819 3106 923 3189 misit,
942 3109 999 3195 qui
1025 3109 1066 3174 de
1086 3112 1155 3192 ejus

90 3218 161 3282 mali
179 3215 327 3282 remedio
344 3215 442 3280 deum
458 3214 683 3296 consulerent,
699 3236 812 3278 verum
826 3213 868 3277 ab
885 3214 996 3278 eedem
1011 3221 1157 3308 corrupti

90 3321 293 3388 Athamantis
309 3319 391 3386 lilios
411 3321 452 3386 ad
469 3319 643 3410 placandos
668 3318 747 3383 deos
770 3317 958 3403 sacrificari,
972 3323 1154 3413 Apollinem

90 3430 252 3517 postulare
264 3425 508 3491 nuntiaverunt.
523 3426 702 3514 Quumque
715 3425 748 3505 ii,
765 3425 918 3490 omnibus
928 3429 994 3508 jam
1007 3428 1047 3492 ad
1058 3432 1156 3496 sacri·

91 3533 197 3600 ficium
216 3533 405 3597 necessariis
421 3532 519 3596 rebus
536 3531 671 3620 paratis,
684 3530 725 3595 ad
740 3553 810 3595 aras
828 3533 988 3597 mactandi
1002 3534 1156 3602 admove·

90 3657 209 3722 rentur,
226 3639 374 3726 Nephele
389 3655 490 3703 mater
508 3635 739 3725 superinducta
757 3636 845 3700 nube
859 3661 913 3701 eos
931 3640 1066 3728 eripuit,
1078 3643 1157 3706 arie·

92 3761 220 3834 temque
239 3767 342 3809 aureo
368 3745 484 3807 vellere
501 3742 715 3830 conspicuum
733 3741 839 3824 dedit,
867 3745 919 3807 cui
942 3745 1118 3811 insidentes
1138 3772 1157 3810 a

90 3875 231 3916 novercae
257 3849 383 3914 insidiis
400 3849 589 3930 evaderent,
615 3848 671 3912 sed
695 3871 799 3937 quum
830 3849 989 3938 fugientes
1017 3869 1156 3939 pontum

89 3959 350 4035 transfretarent,
372 3955 463 4019 Helle
481 3953 632 4019 muliebri
647 3977 765 4043 pavore
784 3955 929 4042 perculsa
944 3955 977 4018 in
995 3979 1082 4022 mare
1098 3957 1156 4022 de·

88 4065 178 4148 cidit,
197 4081 301 4151 atque
312 4061 410 4125 undis
426 4062 594 4127 submersa
608 4077 711 4149 ponto
728 4083 849 4124 nomen
867 4059 993 4124 indidit.
1010 4063 1157 4152 Phryxus

86 4167 205 4236 veroin
221 4168 367 4233 Colchos
379 4189 413 4232 se
425 4168 579 4250 contulit,
590 4183 688 4256 atque
700 4167 743 4231 ibi
757 4166 900 4248 arietem,
912 4167 1067 4232 Mercurii
1080 4191 1158 4233 con-

85 4279 172 4364 silio,
194 4295 236 4344 ut
254 4274 451 4364 Apollonius
468 4274 595 4357 scribit,
613 4275 684 4339 lovi
703 4274 845 4362 Phryxio
866 4274 1068 4357 sacrificavit3
1080 4273 1159 4340 AEe·

985 4380 1022 4442 d.
