3116 5102
358 491 754 609 lacouaorrcors
787 543 872 609 sm.
897 545 935 608 V.
1114 546 1177 615 sss

151 674 300 739 Senserat
316 689 356 737 ut
371 675 479 761 pulsas
494 671 626 738 tandem
641 673 756 738 Medea
772 676 938 758 tenebras,

150 790 253 876 Rapta
269 787 364 869 toris,
379 789 475 876 primi
489 787 585 868 jubar
595 785 636 851 ad
652 789 807 876 placabile
822 789 938 856 Phoebi

149 903 237 986 Ibat,
255 918 288 968 et
301 905 482 969 horrendas
496 904 666 968 lustrantia
682 903 817 970 flumina
835 924 966 972 noctes:

149 1021 301 1106 Namque
317 1035 486 1108 soporatos
503 1018 608 1084 tacitis
625 1019 659 1083 in
676 1017 808 1084 sedibus
825 1035 914 1086 artus

148 1136 239 1198 Dum
255 1134 373 1221 premit
390 1135 453 1198 alta
469 1134 577 1222 quies,
588 1132 751 1222 nullasque
764 1134 799 1198 in
813 1136 938 1224 virgine
956 1159 1059 1220 curas,
1141 1157 1178 1197 sss

147 1249 227 1313 Visa
237 1271 356 1338 pavens
372 1249 466 1312 castis
483 1247 620 1312 Hecates
636 1247 791 1312 excedere
805 1249 905 1331 lucis,

147 1365 304 1452 Dumque
319 1362 365 1452 pii
384 1363 466 1451 petit
481 1384 538 1426 ora
553 1362 671 1451 patris,
686 1362 776 1426 stetit
791 1361 915 1428 arduus
930 1363 1017 1430 inter

146 1478 296 1558 Pontus,
313 1492 346 1541 et
360 1475 487 1565 ingenti
502 1474 626 1539 circum
642 1476 820 1564 stupefacta
837 1477 1024 1566 profundo,

146 1594 261 1658 Fr'atre
277 1607 387 1657 tamen
404 1605 543 1654 conante
560 1590 673 1678 sequi;
688 1611 766 1655 mox
780 1607 864 1656 stare
876 1610 1029 1681 paventes

143 1708 284 1774 Viderat
300 1709 425 1772 intenta
440 1726 561 1793 pueros
579 1683 673 1786 nece,
690 1725 791 1794 seque
807 1721 1006 1774 trementum
1141 1730 1179 1776 ssa

144 1826 306 1914 Spargere
322 1821 408 1886 caede
423 1843 554 1904 manus,
568 1834 600 1884 et
615 1819 739 1885 lumina
755 1843 907 1910 rumpere
925 1822 1015 1890 fletu.

141 2013 149 2034 .
191 1939 254 2002 His
270 1935 398 2000 turbata
414 1934 529 2016 minis,
545 1931 660 1998 fluvios
678 1933 849 2023 ripamque
864 1937 995 2025 petebat

144 2051 315 2134 Phasidis,
333 2049 446 2139 aequali
463 2047 656 2138 Scythidum
673 2051 850 2114 comitante
867 2066 1003 2118 caterva.

145 2169 265 2232 Florea
278 2165 439 2255 perverni
454 2163 559 2251 qualis
572 2163 650 2252 juga
667 2161 761 2228 duxit
776 2164 940 2252 Hymetti,

146 2285 216 2348 Aut
231 2281 337 2347 Sicula
351 2279 413 2345 sub
429 2301 511 2367 rupe
527 2277 665 2361 choros,
677 2277 755 2342 hinc
774 2280 937 2368 gressibus
953 2281 1078 2347 haerens
1142 2299 1180 2344 sss

146 2395 316 2475 Pallados,
327 2393 406 2457 hinc
422 2413 502 2456 carae
517 2391 712 2480 Proserpina
724 2393 837 2472 juncta
854 2395 980 2476 Dianae,

132 2581 193 2628 ³3³.
217 2578 324 2625 humina.
343 2576 407 2622 Male
425 2575 492 2621 Gerr.
511 2575 564 2620 ood.
580 2601 612 2610 —
629 2574 683 2631 334.
696 2577 772 2622 Tantis
790 2579 816 2622 in
831 2578 930 2626 sedibus.
946 2583 1012 2627 lunt.
1027 2583 1113 2629 Mater.
1125 2584 1179 2629 tls.

96 2663 208 2724 lingent.
219 2683 248 2696 ·-
261 2657 314 2704 338.
328 2656 509 2716 Circumupata.
520 2653 606 2700 Sabell.
618 2669 648 2700 ex
661 2657 760 2716 conject
772 2681 798 2692 -
808 2656 862 2718 339.
874 2662 954 2706 stater
966 2669 1056 2706 sumen
1067 2674 1177 2709 caumes

97 2743 144 2806 qui
155 2754 223 2786 mox.
235 2739 353 2798 Corrupto
364 2734 441 2780 Vatis.
452 2733 506 2782 coel.
523 2735 603 2782 Frater
612 2742 635 2779 et
643 2743 734 2781 amento
745 2745 825 2782 nantes
839 2739 880 2799 qui
888 2753 952 2784 maa.
963 2741 1054 2786 Borion
1070 2742 1089 2787 l.
1101 2747 1181 2790 Frater

96 2832 123 2869 et
141 2835 216 2867 amne
232 2818 299 2881 sequa·
318 2825 400 2862 mutes
415 2830 478 2860 moe.
498 2815 589 2860 Boron
605 2814 660 2859 ood-
678 2815 767 2861 Bonan
788 2816 819 2862 ll.
840 2816 926 2865 Sabell.
943 2820 1028 2865 Macer.
1045 2823 1179 2869 mmmm

95 2911 200 2948 mortem
219 2908 274 2944 ante
290 2897 362 2959 sequi.
381 2897 446 2942 tant.
463 2892 518 2940 alst.
535 2894 636 2954 lingent.
653 2909 733 2940 veram
748 2895 802 2941 lect.
818 2897 868 2957 jam
885 2897 982 2945 dederat
1001 2897 1062 2945 Plus.
1078 2923 1103 2936 -
1121 2901 1176 2956 340.

95 2987 178 3046 Seque
188 2980 436 3026 nasammonas.
454 2975 509 3022 cod.
522 2984 547 3022 et
562 2974 616 3022 adt
631 2983 686 3022 ante
702 2975 767 3023 Gerr.
784 3003 814 3012 -
832 2977 887 3033 345.
904 2979 950 3026 Sub
967 2981 1029 3026 arte.
1045 2983 1135 3029 Bonan
1154 2993 1178 3030 et

96 3064 184 3108 Bursa.
202 3056 274 3105 codd.
291 3082 323 3093 -
342 3055 397 3112 346.
410 3055 490 3101 aare.
502 3055 592 3100 Bonan.
607 3052 661 3101 cod.
678 3055 769 3101 Bonos.
781 3057 793 3102 1
807 3065 831 3102 et
841 3057 874 3103 Il.
886 3058 972 3104 Mases.
989 3061 1089 3122 lingent.
1103 3061 1177 3136 αφ.

94 3145 166 3188 lunt.
187 3138 243 3185 tlt.
259 3139 303 3184 Eo.

135 3294 204 3356 334.
223 3289 330 3344 Somnia
348 3289 406 3360 ipsa
423 3297 580 3351 narrantur,
594 3294 621 3336 et
664 3287 1088 3362 prapaems,elasonesusceptas
1103 3293 1177 3362 (vide

93 3375 137 3428 ita
148 3367 280 3444 quidem,
293 3378 339 3430 ut,
357 3384 415 3438 quar
432 3366 554 3419 Medeam
565 3365 621 3418 lata
663 3365 736 3419 inlra
747 3367 799 3431 456
812 3371 901 3440 sqq),
917 3369 985 3422 nihil
997 3388 1090 3426 eoram
1101 3373 1179 3428 hui.

93 3459 260 3511 manerent,
271 3467 302 3502 eo
313 3445 438 3518 deinceps
450 3445 545 3499 ordine
556 3463 621 3516 praa·
663 3446 714 3498 mis
723 3449 793 3498 mota
803 3448 956 3510 ,interficit

92 3531 368 3598 nuntientur,quem
376 3537 453 3596 poeta
462 3525 512 3578 sibi
521 3526 549 3577 in
558 3543 617 3578 car·
698 3526 759 3591 340.
770 3531 848 3594 Seque
856 3541 996 3584 trementem
1005 3549 1120 3599 spargere
1129 3531 1176 3585 de.

92 3611 172 3667 mine
183 3607 261 3680 sequi
274 3616 466 3678 proposuerat,
480 3616 565 3657 morte
575 3614 615 3656 ta·
660 3603 734 3656 leudi
751 3615 859 3676 potest:
877 3607 960 3678 magis
978 3617 1068 3661 tamen
1087 3611 1175 3682 placet

90 3698 321 3763 menprseveutus
330 3685 438 3756 exsequi
446 3702 552 3738 onmem
562 3701 617 3736 nou
664 3687 801 3755 Watqtatd
822 3683 858 3738 ad
885 3686 992 3740 Lucret.
1019 3688 1077 3751 111,
1105 3691 1175 3759 298,

90 3771 199 3846 pomis,
663 3784 750 3832 seque,
762 3769 912 3817 tremendam
919 3773 930 3817 !
939 3785 1073 3836 spargere,
1085 3780 1138 3823 etc.

132 3850 202 3904 336.
226 3845 289 3898 Visa
307 3864 403 3915 paoem
420 3849 525 3896 Hecates
545 3845 619 3894 casos
659 3855 661 3860 '
703 3844 765 3910 341.
790 3845 852 3898 Mox
869 3859 951 3898 tamen
974 3849 1067 3899 lumina
1090 3855 1178 3918 nimpit

90 3928 306 3988 eaeoedmtacis,
319 3925 430 3978 Hecates
440 3921 620 3976 sacerdotium
653 3925 734 3993 βψω,
754 3922 798 3976 ilet
817 3924 882 3994 ipsa.
899 3925 942 3977 stc
960 3928 1029 3998 ῥῆξαι
1049 3931 1173 4002 οἰμωγὴν,

90 4024 220 4085 ponere,
248 4023 333 4078 eoque
355 4003 499 4077 virginitati
516 4019 620 4079 vaemm-
664 4002 737 4074 apud
749 4002 987 4058 Philostratlcon.
1001 4007 1045 4069 lI,
1060 4025 1087 4077 9.

91 4093 167 4144 tiare
179 4103 188 4149 ;
199 4086 287 4154 piique
299 4087 378 4152 patris
390 4098 538 4153 orapetere,
550 4101 620 4136 acu·
699 4081 760 4148 342.
769 4086 812 4136 His
826 4087 897 4136 minis
910 4088 1022 4148 matam,
1034 4086 1175 4140 Phasidem

89 4175 140 4246 jus
148 4179 246 4220 tamen
259 4164 422 4235 amplexibus
429 4165 621 4236 prohibetpon-
662 4163 743 4235 petit,
755 4166 860 4232 aeqaals',
869 4164 991 4235 ,ejusdem
1004 4167 1102 4228 atatis,
1117 4171 1176 4231 Scy-

93 4268 137 4304 tus
148 4249 249 4300 arduus
258 4247 323 4296 inter
330 4245 414 4300 fusus.
663 4246 754 4295 thidum
764 4244 897 4315 virginum
906 4247 1037 4300 concitante
1050 4261 1157 4299 caterva.

136 4329 206 4396 339.
215 4331 302 4378 Frater
307 4326 460 4398 (Absyrtus)
468 4327 601 4394 insequitur
607 4347 617 4386 ‚·
698 4325 759 4390 344.
772 4326 857 4390 Qualis
864 4328 1008 4393 Proserpina
1017 4328 1180 4380 clarosdaxit

221 4424 247 4488 Ι.
961 4422 1000 4488 23
