3122 5126
371 561 457 616 narr
771 539 1028 612 PRAEFATIO

276 719 278 722 -
373 695 505 765 gravare
517 672 643 738 tentas?
654 687 748 762 putas
760 673 893 762 insuper
904 695 957 737 me
968 695 1057 737 arma
1069 664 1213 738 theorica
1224 675 1451 764 negotialibus

374 775 597 844 mutaturum?
609 778 740 842 Proram
751 778 813 842 alio
822 776 969 842 reflecte:
982 779 1039 866 qui
1053 802 1071 842 a
1084 779 1263 842 natatilium
1273 781 1451 845 consortio
1538 765 1544 778 ,

373 889 497 952 alienus
510 885 710 976 Delphinum
728 885 825 976 doces
837 887 1052 968 natationem,
1065 887 1317 975 Cretensemque
1333 887 1450 952 adsci-

372 993 434 1058 scis
450 991 661 1080 discipulum,
673 1007 706 1054 te
727 991 824 1080 longe
844 992 920 1056 artis
943 991 1078 1055 nauticae
1099 993 1302 1079 peritiorem:
1317 994 1450 1082 quippe

373 1100 563 1179 suberibus,
587 1096 784 1185 phellisque,
808 1113 840 1161 et
855 1098 966 1186 scirpis
983 1095 1127 1178 adjutus,
1145 1098 1283 1186 plumbo
1299 1100 1447 1188 gravior,

371 1204 520 1269 cancrina
530 1203 655 1285 jactans
671 1202 818 1284 brachia,
832 1202 1030 1266 celerrimam
1046 1202 1132 1267 inter
1144 1201 1262 1268 fluctus
1279 1221 1311 1268 et
1325 1205 1448 1270 rectis·

370 1312 484 1376 simam
502 1325 612 1398 aperte
635 1309 781 1374 mentiris
801 1309 1048 1390 joculationem,
1063 1311 1217 1398 solusque
1240 1310 1339 1375 audes
1357 1313 1446 1376 Asa-

371 1416 541 1497 laminius,
570 1431 603 1480 et
628 1437 726 1502 supra
746 1413 882 1479 modum
899 1416 1087 1478 temerarius
1109 1415 1151 1478 ad
1173 1417 1281 1504 ipsum
1306 1417 1445 1481 Phasim

369 1522 573 1611 Scytbicum,
597 1544 666 1585 non
694 1538 760 1585 tam
796 1521 958 1610 profanis,
979 1544 1077 1609 quam
1113 1523 1209 1586 sacris
1245 1522 1443 1604 horridum,

369 1629 466 1693 unica
479 1627 618 1692 dissutili
633 1628 750 1715 scapha
766 1628 915 1715 palmulis
932 1629 1091 1716 tenuique
1111 1627 1243 1693 carbaso
1260 1643 1442 1710 contenta,

369 1729 533 1822 tamquam
551 1734 644 1798 firma
660 1751 695 1796 et
715 1750 845 1824 compte
865 1733 1019 1798 adornata
1040 1735 1232 1799 navarchide
1252 1736 1444 1824 complures

369 1837 610 1904 transferendos
628 1838 802 1925 suscipere.
816 1838 856 1900 In
876 1861 943 1927 quo
956 1863 1072 1928 parum
1088 1840 1239 1919 honoris,
1257 1839 1444 1927 plurimum

368 1945 536 2010 calummae
553 1967 586 2007 es
601 1944 775 2032 pariturus.
797 1943 838 2006 Et
856 1965 959 2030 quum
982 1944 1036 2030 (ut
1047 1945 1157 2032 inquit
1170 1943 1443 2033 satirographus)

356 2049 459 2137 furor
469 2063 515 2112 est
518 2064 594 2136 post
606 2051 715 2111 omnio
725 2047 855 2135 perdere
869 2047 1013 2112 Naulum
1020 2073 1034 2126 ,-
1050 2048 1131 2136 quid
1141 2049 1338 2113 Nauclerum
1350 2050 1441 2138 agis,

278 2217 282 2225 .
367 2155 757 2245 postNaulumamissum
768 2170 800 2216 et
808 2155 976 2235 omnia,te
988 2153 1441 2242 perdituruslcircumspiue‚

367 2285 440 2350 quae
461 2261 600 2349 plurima
620 2276 698 2324 sunt
719 2259 842 2346 ubique
865 2277 1024 2324 terrarum
1043 2261 1174 2324 navalia.
1196 2260 1284 2324 Num
1303 2259 1443 2348 Naupe·

366 2389 426 2456 gas
444 2366 549 2430 trabes
571 2364 727 2428 dolaverit
742 2365 874 2452 aliquas.
893 2365 982 2429 Num
1000 2363 1162 2430 Naubates
1180 2365 1279 2428 fuerit
1294 2365 1345 2428 vel
1362 2385 1443 2428 cur·

365 2493 438 2536 sum
455 2469 638 2535 meditatus.
654 2470 749 2534 Dices
763 2469 895 2558 quidem
912 2493 974 2558 pro
992 2469 1168 2552 arbitratu,
1183 2470 1273 2557 quod
1288 2468 1443 2534 suadebit

365 2575 564 2663 prolubium.
581 2574 699 2638 Dicent
722 2574 775 2637 alii
798 2574 994 2662 compluria,
1011 2597 1095 2661 quos
1116 2575 1184 2638 sola
1201 2589 1311 2639 movet
1329 2572 1441 2638 cordis

364 2680 545 2744 virulentia.
559 2678 660 2742 Novit
681 2680 749 2767 ipse
771 2679 853 2743 deus
867 2696 1043 2744 ventorum
1063 2681 1218 2761 frenator,
1231 2681 1442 2766 calcatorque

365 2787 521 2874 aequoris,
543 2807 615 2872 quae
640 2807 735 2849 causa
757 2783 1025 2848 transfretationis
1052 2785 1166 2869 fuerit,
1190 2802 1223 2849 et
1247 2787 1319 2874 quis
1347 2786 1441 2866 traji-

366 2893 479 2956 cientis
494 2893 633 2954 animus.
649 2892 765 2954 Fateor
778 2905 904 2971 tamen,
916 2891 1059 2978 ingenue
1075 2889 1188 2972 fateor,
1202 2891 1288 2954 inter
1299 2891 1442 2954 Theolo-

366 3020 423 3087 gos
454 3015 522 3060 non
551 2994 755 3084 poenitende,
777 3018 848 3082 quae
866 2992 1005 3058 subinde
1022 2997 1179 3084 proponis
1200 3012 1438 3084 transgressum

366 3103 423 3167 diu
439 3102 633 3167 cohibuisse.
650 3101 726 3164 Non
744 3100 831 3163 enim
854 3121 906 3162 me
924 3099 1059 3181 latebat,
1076 3117 1197 3186 quanta
1213 3117 1291 3165 sunt
1307 3101 1438 3166 invidiae

365 3211 485 3299 spicula
496 3231 503 3273 :
514 3230 581 3295 quo
598 3205 728 3270 turbine
744 3207 826 3268 male
842 3203 1015 3269 doctorum
1031 3207 1145 3269 calami
1166 3207 1200 3270 in
1224 3208 1291 3295 pias
1309 3223 1437 3272 mentes

363 3317 559 3381 vibrantur:
589 3333 687 3398 quam
722 3311 829 3399 gravia
860 3327 938 3374 sunt
968 3311 1171 3400 trilinguium
1196 3313 1346 3394 missilia,
1376 3314 1436 3400 qui

365 3422 501 3486 moleste
522 3418 618 3482 laturi
635 3416 842 3480 Valerianum
861 3417 994 3504 pelagus
1015 3433 1125 3480 nostra
1148 3435 1343 3506 occupatum
1363 3441 1437 3483 cor-

365 3528 451 3606 bita,
471 3525 645 3613 piratarum
672 3542 763 3585 more
787 3521 921 3585 celerius
945 3521 1100 3609 opinione
1125 3524 1192 3586 fors
1218 3521 1435 3587 advolabunt:

366 3631 484 3720 quibus
506 3644 580 3716 post
601 3627 738 3715 primam
762 3626 853 3690 facile
871 3627 969 3690 fuerit
985 3649 1098 3690 navem
1123 3627 1295 3709 fabricare,
1310 3643 1342 3691 et
1354 3629 1434 3692 velis

365 3754 398 3801 et
411 3734 575 3825 quadrigis
592 3733 751 3822 persequi.
771 3731 939 3811 Ejusmodi
955 3733 1105 3797 homines
1122 3733 1238 3820 (siqui
1254 3733 1351 3820 sunt)
1364 3755 1434 3797 cer·

365 3863 435 3909 turn
450 3859 518 3907 erat
534 3841 613 3904 mibi
627 3840 691 3904 hoc
705 3840 738 3902 in
754 3841 833 3903 mari
849 3855 995 3903 natantes
1010 3841 1216 3927 conspicere,
1231 3840 1319 3926 prius
1334 3862 1432 3925 quam

365 3949 463 4016 undis
478 3970 530 4012 me
546 3945 721 4011 crederem.
738 3947 897 4009 Caeterum
916 3944 1038 4025 adfuit,
1053 3946 1176 4008 utinam
1197 3944 1341 4026 feliciter,
1356 3959 1434 4008 tuus

366 4077 523 4142 meusque
539 4075 607 4114 non
624 4052 700 4114 artis
714 4051 893 4138 proletariae
906 4052 1097 4131 Ascensius3
1111 4051 1213 4114 homo
1229 4049 1270 4112 ad
1287 4071 1433 4137 unguem

366 4163 527 4236 factus3et
537 4155 799 4243 (utcumValerio
808 4154 992 4242 concinam)
1004 4154 1091 4235 «Qui
1101 4154 1197 4217 maris
1210 4153 1360 4233 insidias,
1376 4154 1434 4216 cla·

366 4278 408 4329 rae
421 4266 477 4351 qui
494 4262 596 4326 sidera
611 4261 715 4324 noctis
727 4259 833 4339 Norit,
844 4275 876 4322 et
891 4282 909 4320 e
926 4260 1041 4323 clausis
1057 4281 1156 4346 quur
1171 4258 1311 4322 destinet
1318 4257 1433 4322 AEolus
