3226 5114
350 600 412 703 c.
453 597 768 758 ultumi
824 597 1097 702 ueloci

506 861 718 941 SETINI
757 861 939 939 BALBl

309 1081 1131 1240 ARGONAUTICON

457 1381 640 1460 nisan
680 1343 987 1486 Quintus,

525 1635 916 1670 ΜΦ...-

392 1841 641 1911 ANALYSIS
672 1841 812 1910 LIBRI
844 1839 1055 1926 QUARTI.

190 1990 312 2069 Jupiter,
320 1988 453 2048 Herculis
464 1999 571 2046 sortem
586 1986 749 2060 miseratus,
764 1986 891 2064 graviter
904 1997 933 2043 et
946 1981 1050 2042 acerbe
1063 1983 1211 2043 invehitur
1225 1986 1254 2043 in

230 2093 390 2158 Iunonem,
406 2086 523 2163 filioque
538 2084 665 2144 immittit
678 2101 829 2163 soporem,
841 2101 895 2160 per
909 2099 996 2159 quem
1013 2081 1103 2156 Hylas
1120 2097 1254 2160 apparet,

230 2198 272 2257 et,
288 2184 359 2262 quid
373 2182 429 2242 sibi
443 2182 593 2255 acciderit,
607 2195 739 2254 enarrat,
758 2187 841 2256 1-49.
860 2178 1086 2257 Expergelactus
1100 2180 1254 2248 Hercules,

230 2281 309 2338 omni
325 2281 407 2358 Hylae
423 2279 467 2338 sui
484 2278 675 2357 recuperandi
691 2298 742 2358 spe
757 2276 885 2356 abjecta,
899 2272 976 2333 redit
992 2273 1029 2332 ad
1044 2274 1123 2347 litus,
1138 2273 1189 2333 ubi
1205 2294 1255 2332 so-

230 2379 290 2435 cios
304 2397 358 2455 per
375 2378 464 2435 altum
480 2395 604 2454 pergere
617 2376 713 2448 videt,
728 2375 829 2456 50-57.
845 2379 912 2448 Quo
927 2371 1027 2431 tendat
1039 2371 1158 2448 dubius,
1168 2392 1257 2451 quum

229 2476 259 2532 in
281 2487 427 2545 coesset,
450 2486 481 2532 ut
502 2472 538 2532 ad
559 2471 801 2545 Laomedontem,
822 2473 964 2532 Hesiones
986 2467 1116 2530 tiberatae
1138 2469 1256 2549 praemir

229 2571 422 2649 repetiturus,
438 2567 547 2642 abiret,
563 2575 679 2642 eJove,
694 2575 826 2641 Latonae,
841 2570 988 2648 Apollinis
1004 2584 1033 2629 et
1047 2570 1146 2628 Dianre
1160 2567 1256 2647 preci-

227 2665 283 2725 bus
300 2679 396 2737 moto,
417 2665 454 2723 ad
472 2666 645 2726 Promethea
664 2666 809 2726 Caucmiis
823 2649 841 2723 a
854 2665 977 2746 rupibus
997 2665 1168 2726 solvendum
1184 2664 1254 2722 mit-

229 2763 315 2835 titur,
335 2762 437 2820 58-81.
458 2767 655 2841 Argonautas,
675 2781 752 2840 aegro
774 2762 871 2820 animo
892 2763 1000 2841 egregii
1022 2763 1094 2821 socii
1113 2762 1255 2840 jacturam

228 2859 367 2932 ferentes,
391 2860 557 2918 consolatur
580 2858 718 2938 Orpheus
741 2871 844 2932 cantu,
870 2859 972 2936 82—89.
1003 2863 1077 2919 Orto
1103 2859 1163 2918 sole
1188 2870 1254 2915 ante

227 2957 328 3016 oculos
345 2953 454 3014 habent
468 2955 631 3034 Bebrycum
645 2957 805 3034 regionem,
820 2958 873 3034 qui
887 2957 948 3015 sine
965 2955 1092 3034 legibus,
1109 2954 1210 3012 inrulti
1226 2965 1255 3011 et

227 3053 359 3127 barbari,
369 3067 454 3133 rapto
464 3053 580 3126 vivunt,
592 3054 781 3132 hominesque
791 3054 946 3132 naufragos
958 3053 996 3112 ad
1007 3072 1103 3133 regem
1112 3058 1254 3129 Amycum

228 3150 346 3209 trahunt
360 3151 506 3230 captivos,
516 3151 567 3228 qui
578 3151 697 3210 viliores
710 3171 726 3209 e
741 3151 817 3209 saxis
830 3151 861 3209 in
879 3171 959 3210 mare
971 3150 1148 3229 precipitari
1158 3131 1255 3228 juhet,

227 3247 407 3306 honestiores
432 3268 529 3306 secum
555 3261 667 3308 certare
690 3248 823 3308 cestibus
847 3249 940 3329 cogit,
963 3248 1045 3326 cujus
1072 3247 1256 3306 immanitatis

228 3345 313 3402 linem
326 3344 434 3402 instare
448 3346 584 3425 praesagit
595 3345 657 3425 ipse
670 3347 745 3424 regis
760 3347 842 3405 istius
856 3361 940 3426 pater
950 3351 1117 3424 Neptunus,
1131 3345 1255 3422 ideoque
1330 3421 1331 3432 ἵ

227 3438 265 3498 de
280 3440 438 3519 potentiori
451 3447 524 3501 Jove
539 3443 687 3520 queritur,
701 3445 824 3520 90-132.
843 3445 1028 3522 speculatum
1043 3443 1163 3502 emissus
1176 3462 1193 3500 a
1206 3447 1256 3500 Ja-

228 3557 298 3596 sone
317 3537 450 3610 Echion,
465 3537 544 3597 haud
559 3541 663 3618 procul
685 3560 703 3599 a
722 3542 809 3600 litore
823 3540 927 3600 incidit
946 3542 976 3600 in
990 3541 1127 3618 juvenem
1147 3539 1257 3598 tristem

228 3633 434 3714 (limantem),
449 3635 499 3713 qui
510 3638 597 3695 semel
609 3637 770 3717 iterumque
780 3636 884 3716 pedem
898 3638 1000 3697 suadet
1012 3638 1131 3696 referre.
1144 3635 1255 3696 Echion

227 3731 305 3790 hunc
318 3752 414 3790 secum
429 3731 510 3791 ducit
524 3733 561 3792 ad
575 3734 681 3806 socios,
694 3733 746 3794 ubi
759 3736 890 3814 pericula
903 3736 985 3795 istius
997 3736 1122 3814 regionis
1134 3734 1255 3792 ulterius

227 3830 362 3907 exponit,
376 3842 406 3887 et
415 3833 519 3902 Otrea,
533 3830 621 3907 Lyci,
636 3831 895 3910 Mariandynorum
907 3833 998 3912 regis,
1014 3833 1147 3902 fratrem,
1161 3831 1210 3888 cui
1224 3850 1254 3888 se

227 3924 336 3983 itineris
346 3927 480 3984 comitem
494 3926 635 4000 dedisset,
648 3943 736 3988 caestu
748 3950 842 4009 nuper
859 3943 1036 4010 prostratum
1050 3943 1161 4001 namet,
1180 3929 1254 3987 133-

231 4021 294 4092 ¹7³·
309 4021 388 4080 Nihil
404 4022 450 4081 his
465 4024 558 4082 territi
574 4023 705 4101 juniores
721 4029 897 4106 Argonautae
914 4040 1073 4086 monstrum
1090 4025 1162 4084 illud
1183 4023 1255 4082 hor-

226 4116 347 4176 rendum
370 4119 490 4198 propius
516 4140 600 4180 nosse
624 4121 760 4200 cupiunt;
778 4137 823 4195 et,
853 4123 890 4182 ad
923 4136 1054 4195 antrum,
1077 4122 1141 4180 dira
1164 4119 1255 4178 oculis

227 4215 389 4288 spectacula
412 4215 560 4292 prebens,
584 4217 767 4290 accedentes,
794 4221 944 4298 paululum
970 4219 1087 4297 quidem
1116 4229 1254 4296 paventes

229 4310 405 4382 consistunt;
426 4329 574 4394 praecunte
592 4329 684 4375 tamen
708 4317 839 4390 Polluce,
861 4337 929 4376 mox
956 4318 1065 4376 animos
1097 4315 1257 4391 colligunt,
