3226 5114
369 468 431 542 ns
475 466 525 529 [Ν
556 466 641 529 rm.
665 463 886 528 rnnrrun
916 461 1305 536 rnoonrurrcon
1396 455 1409 468 ”

364 605 444 657 quern
459 605 513 638 nou
529 597 583 638 tarn
596 584 721 638 incallide
738 586 856 640 imitatus
873 598 956 651 esset,
974 597 1020 652 ut,
1036 606 1119 659 quum
1133 589 1244 642 verbum
1260 593 1336 664 quasi
1348 595 1431 648 verbo

366 670 537 743 exprimeret,
546 667 736 740 significantem
744 668 887 722 dictionem
894 669 1055 724 redundanti
1063 683 1184 742 pensaret
1194 689 1202 724 r
1212 672 1274 726 hinc
1285 675 1356 728 enirn
1366 680 1429 730 inri-

366 759 436 814 dius,
448 753 519 805 illinc
532 756 594 812 doti,
611 752 674 805 hinc
688 767 760 803 oestus
767 791 776 813 ,
791 753 865 805 illinc
880 757 937 815 r'roe,
960 753 1023 806 hinc
1035 758 1137 816 sentiat,
1153 755 1225 808 illinc
1245 778 1294 809 uun
1318 763 1426 823 tumere,

365 831 468 908 singula
476 835 586 906 singulis
598 835 635 887 ita
645 833 824 905 respondent,
838 847 868 888 ut
879 837 946 889 alter
959 836 1034 890 alteri
1048 837 1137 904 locus,
1151 839 1173 892 si
1189 840 1255 911 quid
1264 860 1331 914 opus
1344 857 1428 913 esset,

364 918 585 992 interpretationis
594 919 679 972 vicem
690 930 811 990 pressare
823 931 921 991 posset.

399 1053 432 1100 V.
443 1048 504 1102 523.
516 1052 547 1098 Et
561 1049 665 1098 munirer
682 1048 789 1108 untias,
802 1061 827 1098 et
843 1050 927 1098 stricta
943 1061 1033 1111 ruys-tarr
1046 1051 1153 1100 turena.
1167 1077 1204 1088 —-
1216 1047 1305 1114 Quum
1321 1049 1426 1120 vulgata

296 1157 298 1162 ·
362 1131 441 1184 lectio
454 1129 580 1182 idoneum
593 1127 698 1180 efficere
710 1145 816 1181 sensum
830 1129 906 1182 nobis
919 1129 1052 1184 videretur
1054 1129 1204 1202 ,Wagneri
1218 1132 1427 1187 emendationem

363 1215 391 1266 in
403 1225 501 1267 textum
516 1232 570 1265 non
586 1211 753 1283 recepimus:
773 1231 856 1285 quum
869 1226 959 1267 tamen
974 1217 1029 1286 ejus
1045 1217 1276 1284 commentarium,
1291 1236 1322 1270 ex
1340 1219 1427 1290 operis

363 1298 498 1362 instituto,
509 1294 635 1349 edamus
627 1306 775 1366 mtegram,
785 1295 856 1350 hanc
863 1296 1075 1350 emendationem
1087 1315 1118 1350 ac
1130 1308 1221 1351 notam
1229 1298 1283 1351 huc
1297 1301 1428 1353 munuli-

363 1400 439 1447 mus,
449 1401 483 1433 ue
495 1379 598 1433 diverso
607 1378 688 1430 textui
699 1380 834 1452 subjecta'
826 1381 1007 1452 interpretatio
1015 1393 1153 1453 pugnaret.
1165 1382 1224 1436 Sic'
1216 1382 1295 1454 igitur
1303 1385 1426 1455 Wagne-

362 1481 409 1518 rus
420 1483 426 1517 :
438 1491 448 1512 ι
459 1463 575 1534 Vulgata
583 1462 679 1514 hahet:
689 1477 713 1514 et
724 1466 808 1514 stricta
816 1480 906 1530 myrtos
916 1468 1027 1525 habena,
1042 1476 1123 1537 quatu
1135 1466 1157 1518 si
1167 1485 1272 1520 amare
1280 1467 1344 1520 velis
1353 1509 1361 1533 ,
1370 1487 1426 1521 non

363 1550 439 1602 aliter
450 1566 578 1620 exponere
586 1546 669 1618 possis
679 1565 774 1617 ‚quam
784 1549 905 1620 sagittam
919 1547 983 1601 loris
994 1548 1149 1601 instructam
1161 1589 1168 1615 ,
1185 1561 1354 1602 amentatam.
1372 1551 1424 1605 Sed

263 1691 266 1706 ,
350 1633 441 1704 'longe
454 1629 648 1703 exquisitionem
661 1630 867 1683 subministravit
879 1632 1017 1684 lectionem
1033 1632 1182 1685 amicissimi
1195 1633 1300 1686 Mulleri
1310 1675 1318 1700 ,
1329 1634 1425 1688 scholar

363 1716 478 1770 Cizeusis
495 1713 603 1766 rectoris
621 1713 795 1775 meritissimi,
820 1715 945 1779 facilitas;
959 1735 973 1767 a
993 1733 1047 1786 quo
1067 1733 1151 1785 quum
1166 1714 1316 1785 petiissem,
1338 1729 1368 1770 ut
1376 1753 1390 1784 ,-
1403 1719 1425 1771 si

362 1799 427 1872 quid
435 1800 463 1851 in
474 1799 548 1851 libris
558 1795 805 1862 Thanouenoi,
816 1817 930 1870 quorum
942 1817 1004 1870 pars
1014 1799 1127 1851 maxima
1136 1799 1163 1850 in
1172 1797 1359 1853 bibliothecam
1371 1803 1425 1874 epi·

363 1883 494 1958 scopalem
504 1881 640 1935 Cizensem
650 1881 713 1934 olim
723 1882 858 1954 migravit,
869 1901 921 1934 oras
929 1881 1027 1935 Valerii
1039 1882 1093 1934 mei
1104 1881 1264 1954 adscriptum
1277 1884 1423 1954 deprehen·

363 1968 451 2030 deret,
459 1984 564 2018 mecum
572 1964 698 2018 benevole
703 1966 924 2029 communicaret,
935 1967 1003 2018 inter
1010 1965 1062 2018 alia
1070 1965 1173 2020 levioris
1179 1968 1304 2021 momenti
1312 1966 1423 2022 adnota-

363 2063 450 2103 menta
458 2049 587 2102 invenisse
597 2067 624 2100 se
634 2047 668 2101 ad
676 2048 748 2101 hunc
755 2048 844 2101 locum
853 2049 983 2101 nuntiavit
990 2049 1154 2121 adjectaharc
1163 2068 1170 2102 :
1181 2075 1193 2098 s
1203 2054 1297 2102 Virider
1304 2055 1422 2104 muniere.-

364 2132 445 2186 videri
455 2132 538 2204 possit
547 2129 686 2201 legendum
694 2145 778 2183 teretes
787 2133 835 2200 (nil
840 2135 918 2204 opus)
927 2149 935 2195 ;
946 2149 1047 2198 myrtus,
1063 2132 1120 2204 lege
1129 2149 1234 2200 coptus.
1244 2134 1404 2188 phavorinus
1414 2153 1421 2188 :

362 2219 468 2290 γώρυτος
477 2220 510 2282 ,ἡ
524 2221 567 2268 τοῦ
580 2215 649 2277 τόξου
658 2213 734 2278 θήκη,
748 2211 879 2281 pharetra.
894 2213 959 2266 Stat.
975 2213 1061 2266 Theb.
1080 2213 1210 2284 1x‚730.
1224 2213 1322 2286 Stupor
1334 2234 1421 2270 cone·

362 2299 442 2352 ctoris
452 2297 525 2352 scioli
535 2335 543 2361 ,
554 2295 632 2348 simul
646 2295 779 2366 ingeniosa
793 2294 910 2365 nequitia
919 2294 962 2348 hic
975 2307 1119 2367 apparet».
1132 2295 1265 2350 Hactenus
1273 2298 1421 2366 Reinesius,

362 2385 409 2456 qui
420 2383 446 2434 in
456 2382 507 2435 hac
518 2377 701 2433 emendatione
714 2377 750 2430 ita
761 2378 811 2430 sihi
820 2376 936 2448 placuit,
956 2391 985 2430 ut
998 2379 1119 2431 eamdem
1129 2378 1208 2432 etiarn
1215 2398 1266 2431 suo
1280 2380 1422 2452 exemplari

362 2465 504 2519 Phavorr'ni
522 2463 656 2527 allineret,
672 2471 698 2512 et
714 2461 743 2513 in
755 2460 841 2513 Gloss.
861 2459 896 2514 ad
909 2461 1113 2532 Inscriptiones,
1126 2483 1154 2536 p.
1169 2466 1234 2529 116,
1247 2464 1305 2516 orbi
1318 2463 1421 2518 erudito

362 2550 444 2602 nollet
461 2546 590 2601 invidere.
605 2543 854 2596 V.Gesneri'1hes.
871 2544 901 2598 h.
921 2565 948 2598 r.
966 2545 1014 2616 qui
1030 2557 1056 2598 et
1072 2547 1128 2616 ipse
1148 2546 1217 2600 hanc
1230 2548 1421 2602 correctionem

362 2633 457 2705 probat
465 2673 473 2698 ,
482 2640 511 2684 et
519 2630 701 2681 burmauuum
709 2663 718 2689 ,
726 2627 749 2679 si
757 2626 786 2679 in
795 2639 910 2680 mentem
920 2629 1048 2696 venisset,
1057 2629 1322 2703 lucileamplexurum
1330 2633 1421 2696 fuisse,

362 2717 479 2790 conjicit.
493 2714 623 2766 Ceterum
635 2728 686 2762 vox
699 2709 748 2762 ista
756 2711 836 2762 etiarn
849 2709 920 2782 apud
930 2711 996 2763 alios
1006 2712 1083 2764 obvia
1092 2724 1131 2764 est
1139 2724 1228 2784 poetas
1239 2754 1247 2780 ,
1258 2713 1400 2784 Virgilium
1411 2755 1420 2780 ,

362 2799 486 2854 Ovidium
498 2797 623 2864 ,Silium,
634 2805 684 2846 ete.
694 2811 809 2863 quorum
823 2795 881 2847 loca
894 2793 956 2848 ride
970 2795 1042 2868 apud
1054 2795 1210 2850 Gesnerum.
1221 2797 1277 2868 Ego
1287 2815 1350 2850 vero
1362 2798 1420 2850 llei-

362 2885 428 2938 nesii
437 2895 462 2937 et
471 2881 580 2936 Gesurri
593 2920 600 2944 ,
611 2876 811 2930 duumviratum
820 2877 1093 2948 prestantissimorum
1103 2919 1111 2945 ,
1122 2879 1272 2932 auctoritati
1280 2877 1332 2932 hoe
1341 2879 1419 2946 tledi,

362 2980 392 3022 nt
404 2968 541 3022 lectionem
561 2962 607 3016 diu
628 2959 760 3014 immerito
781 2961 895 3013 exsulem
915 2979 1084 3027 revocarem,
1102 2963 1138 3016 ita
1152 2974 1256 3026 tamen,
1277 2975 1322 3028 ut,
1337 2979 1420 3034 quum

362 3052 450 3123 prima
462 3049 562 3122 syllaba
573 3043 745 3118 producenda
751 3043 803 3109 sit(
816 3046 922 3116 pn'poroe
934 3038 953 3113 )‚
964 3063 1012 3114 pro
1019 3059 1048 3098 ‚et
1056 3047 1140 3096 stricta
1148 3046 1280 3116 posuerim
1288 3049 1372 3096 stricto
1381 3061 1420 3097 et.-

362 3140 448 3188 Ser'ctu
458 3149 483 3186 et
491 3147 585 3198 ruffae
593 3133 706 3192 habena,
717 3128 746 3180 h.
759 3147 783 3180 e.
795 3127 917 3199 pharetra
928 3128 990 3181 loris
1001 3129 1112 3181 humero
1119 3141 1179 3200 apte
1188 3126 1387 3181 accommodata
1396 3155 1420 3182 n.

364 3251 396 3261 --
404 3222 464 3274 Non
477 3216 541 3271 tanti
554 3215 631 3267 nobis
641 3211 745 3266 videtur
756 3211 868 3264 Reinesii
878 3216 1026 3285 conjectura
1035 3249 1044 3275 ,
1054 3225 1099 3280 ut,
1114 3213 1184 3266 illius
1195 3231 1257 3283 ergo
1269 3253 1276 3277 ‚
1289 3212 1421 3282 particula

362 3321 386 3356 et
397 3300 527 3355 movenda
536 3301 569 3352 sit
580 3317 595 3350 e
605 3297 674 3361 loco,
684 3294 757 3367 quod
769 3305 857 3348 tamen
871 3295 933 3348 lecit
942 3297 1105 3366 Wagnerus,
1124 3307 1154 3347 ut
1169 3312 1275 3362 corytuns
1286 3315 1334 3366 pro
1343 3311 1419 3362 myrra

363 3389 390 3440 in
401 3399 501 3440 textum
510 3385 644 3436 insereret.
659 3384 752 3444 Myruu
763 3389 849 3432 autern
862 3383 945 3430 sulem
955 3382 1053 3431 labeus
1061 3417 1070 3441 ,
1088 3380 1206 3452 jaculum
1223 3389 1262 3432 est
1277 3379 1350 3445 loro,
1364 3397 1419 3450 quo

362 3471 472 3523 missum
484 3465 645 3525 retrahatur,
664 3462 842 3525 instructum,
859 3459 932 3533 quod
942 3463 1060 3515 Valerius
1077 3463 1140 3515 alias
1154 3463 1190 3514 sic
1205 3461 1343 3533 exprimit,
1361 3465 1418 3525 Vl,

365 3556 414 3625 ²37
425 3571 432 3605 :
443 3554 526 3622 (alies
538 3552 549 3618 )
561 3549 646 3598 docilis
664 3548 741 3613 relegi
756 3548 891 3613 docilisque
910 3549 1024 3614 relinqui.
1041 3545 1097 3598 lloc
1109 3565 1193 3618 genus
1205 3558 1243 3598 est
1259 3543 1303 3598 teli
1315 3544 1349 3599 de
1362 3566 1417 3619 quo

361 3636 503 3708 Virgilius,
517 3630 658 3697 AEn.vl1,
672 3630 740 3700 730:

726 3730 820 3774 Teretes
831 3737 886 3774 sunt
894 3728 980 3774 aclides
990 3729 1036 3775 illis

496 3808 565 3862 Tela,
581 3805 622 3852 sed
634 3805 683 3852 huc
693 3804 757 3850 lento
768 3817 818 3848 rncs
828 3811 863 3849 est
873 3811 953 3864 aptare
963 3803 1062 3864 flagello.

395 3937 430 3988 V.
445 3935 504 4000 539.
514 3935 590 3997 Quum
602 3930 706 3978 domitus
714 3929 794 3986 acies,
811 3939 835 3976 et
845 3925 995 3992 Euifercrrla
1009 3931 1081 3993 regni

498 4021 611 4072 Duceret.

359 4131 481 4182 Ferculum
495 4119 602 4194 proprie
620 4119 821 4171 instrumentum
841 4125 879 4168 est
898 4115 993 4186 inquo
1014 4113 1079 4186 quid
1094 4116 1194 4179 fertur-3
1207 4115 1277 4187 ipsas
1294 4133 1363 4186 saepe
1376 4135 1419 4169 res

358 4213 493 4281 designat,
510 4221 568 4276 quse
587 4201 650 4257 terri
662 4200 781 4253 solebant
797 4199 824 4250 in
838 4215 933 4269 pompa
942 4198 1106 4269 triumphali.
1120 4201 1217 4254 Seneca
1226 4199 1262 4250 ait
1275 4217 1336 4250 eurn
1346 4217 1418 4251 nun·
