3198 5106
424 513 819 582 inconsurtcon
842 519 930 582 tm.
956 521 980 581 1.
1194 521 1236 606 39

210 647 406 736 Nelidesque
421 648 682 736 Periclymenus,
699 671 797 736 quem
814 671 911 738 parva
926 651 1097 733 Methone,

210 765 253 828 Et
266 764 344 828 levis
360 763 426 827 Elis
442 763 552 851 equis,
569 778 602 826 et
617 761 771 828 fluctibus
787 765 903 830 obvius
919 767 1046 847 Aulon,

211 879 367 942 Caestibus
382 876 533 942 adversos
547 876 701 942 viderunt
714 877 863 966 frangere
879 881 997 945 multus.
1196 903 1233 953 ιφ

212 994 262 1056 Τιι
278 1015 412 1081 quoque
428 992 590 1080 phryxeos
606 1015 714 1074 remo,
731 993 888 1074 Perenne,
903 995 1060 1075 Colchos,

212 1109 264 1172 Bis
280 1109 429 1172 Lemnon
445 1109 572 1189 visure,
589 1108 690 1196 petis;
706 1130 796 1172 nunc
812 1107 947 1196 cuspide
962 1109 1061 1197 patris

211 1222 363 1303 Inclitus‚
380 1222 546 1286 herculeas
562 1223 640 1286 olim
657 1239 788 1288 moture
803 1225 943 1312 sagittas.

213 1337 383 1404 Proximus
398 1337 477 1400 hinc
492 1339 588 1402 Butes
604 1340 709 1402 actaeis
725 1337 813 1402 dives
829 1338 871 1402 ab
887 1338 971 1417 oris3

212 1451 403 1516 Innumeras
420 1473 496 1516 nam
514 1451 635 1516 claudit
650 1475 744 1541 apes,
761 1454 924 1541 longaque
940 1449 1101 1538 superbus
1201 1471 1239 1522 ³9⁵

212 1567 238 1630 F
240 1583 330 1632 ussat
344 1569 431 1632 nube
448 1568 553 1650 diem,
569 1567 648 1632 dum
666 1569 778 1656 plenas
794 1584 924 1632 nectare
939 1567 1033 1630 celles

169 1761 305 1815 Hercules.
330 1769 440 1828 Tydeus,
460 1783 541 1836 quem
562 1765 606 1817 hic
628 1764 684 1816 sine
727 1759 1239 1838 maniquepugnaegcnerepluraale,

169 1840 272 1894 honore
281 1841 417 1895 dimissum
427 1881 434 1906 ,
446 1845 517 1896 infra
529 1853 621 1896 contra
631 1843 684 1914 Cy·
731 1843 781 1896 113
791 1862 830 1914 sq.
842 1839 988 1895 disserendi
998 1841 1105 1894 debitur
1114 1842 1198 1893 locus.

169 1919 273 1973 ricenos
290 1921 391 1975 fortiter
404 1935 570 1994 pugnantem
585 1921 684 1975 ridebi-
764 1924 826 1990 391.
847 1925 1002 1982 moruus,
1025 1923 1132 2001 Paeantir
1153 1919 1240 1982 lilius,

170 2017 239 2051 mus.
727 2005 762 2053 bis
775 2009 888 2054 Lernam
902 2005 1013 2061 vuums,
1029 2018 1100 2053 nunc
1111 2000 1181 2052 inter
1192 2000 1242 2051 Ar·

207 2078 268 2132 388.
279 2083 456 2148 Periclymenus
467 2084 581 2142 Nelides,
592 2077 682 2145 Nelei,
727 2093 872 2153 godemare,
887 2077 947 2134 ride
958 2081 1000 2144 ll,
1015 2098 1048 2150 79
1063 2097 1118 2150 seq.
1129 2079 1240 2150 posthac

170 2156 229 2229 Pyli
243 2159 328 2229 regis,
346 2159 433 2225 lilius,
448 2161 618 2230 Nestorisque
631 2160 684 2212 l'rs·
727 2162 797 2214 bello
805 2163 927 2233 trojano,
937 2161 1008 2212 ulrie
1018 2159 1116 2212 Grecis
1125 2160 1160 2210 ob
1170 2155 1242 2210 loto·

169 2248 224 2300 ter,
241 2237 288 2307 qui
301 2237 368 2310 Pylii
386 2239 494 2292 nomine
506 2259 564 2292 eam
576 2239 611 2292 ob
623 2259 684 2293 cau·
727 2259 784 2294 rem
798 2240 893 2293 ulceris
905 2240 932 2292 in
944 2237 1011 2310 pede
1022 2238 1108 2292 oborti
1120 2238 1241 2300 relictus,

171 2335 226 2368 sem
237 2315 309 2388 apud
322 2317 468 2372 Homerum
482 2319 580 2390 ubique
588 2319 683 2371 obvius
727 2323 809 2373 vitam
823 2319 850 2371 in
867 2321 917 2372 ista
931 2319 1016 2372 insula
1032 2315 1147 2370 traduxit
1161 2335 1242 2388 aeger·

171 2407 218 2447 est.
233 2397 300 2449 Tres
318 2409 407 2450 autem
428 2411 490 2450 sunt
509 2399 588 2450 urbes
605 2398 682 2472 Pyli‚
726 2399 808 2461 rime,
822 2419 888 2449 rrunc
898 2402 997 2466 cuspide
1002 2399 1082 2464 patris
1087 2435 1095 2457 ,
1107 2396 1200 2448 lancea
1211 2413 1242 2447 ex

170 2474 277 2539 Elisos,
296 2475 466 2549 Triphyliaca
487 2489 513 2530 et
534 2477 683 2539 Messenia,
726 2477 873 2530 hereditate
892 2479 974 2550 patris
993 2485 1099 2546 accepts
1118 2478 1238 2543 ursignis,

171 2554 205 2606 ab
219 2571 274 2606 uno
288 2554 436 2628 eodemque
450 2555 587 2608 conditore
601 2554 684 2608 deno·
728 2561 854 2609 herculeas
875 2561 931 2608 clim
956 2570 1065 2614 mature,
1088 2555 1240 2616 vibrature,

169 2635 293 2698 minster,
308 2653 423 2706 quarum
443 2653 554 2708 queque
572 2637 684 2689 Nestora
727 2640 840 2704 sagistas.
855 2634 1032 2690 illoribundus
1049 2632 1119 2685 enim
1130 2633 1158 2686 iu
1172 2633 1242 2686 OEta

170 2713 220 2766 sibi
226 2712 381 2767 vindicarit.
389 2715 586 2788 Periclymenus
593 2714 683 2785 igitur,
728 2726 818 2768 monte
836 2715 915 2767 heros
932 2713 1055 2785 sagittas,
1072 2712 1166 2764 les-nero
1183 2731 1242 2764 sen·

170 2791 288 2868 ejusdem
307 2795 426 2859 familias,
444 2794 568 2848 dominus
586 2805 611 2846 et
629 2795 684 2864 ipse
727 2793 806 2865 gtrine
814 2805 975 2854 venenatas,
986 2792 1072 2844 emico
1081 2789 1242 2854 trutlidcrat,

170 2873 221 2925 fuit
233 2873 424 2926 nonnullarum
437 2874 507 2926 illius
521 2872 628 2926 ditionis
640 2891 685 2924 ιιιι-
728 2889 859 2944 usumque
868 2891 958 2925 earum
970 2871 1120 2923 edocuerat.
1131 2869 1186 2922 llas
1195 2869 1243 2922 its-

170 2954 244 3006 bium
251 2991 259 3017 ,
272 2945 393 3026 equibus
407 2967 458 3006 tres
467 2954 576 3006 Valerio
585 2971 685 3005 memo·
728 2971 780 3024 que
790 2971 878 3006 secum
894 2949 954 3003 tulit
965 2949 1000 3003 ed
1011 2949 1136 3020 Trcjem,
1157 2949 1185 3000 in
1197 2949 1243 3001 Le·

169 3041 277 3095 rantur,
299 3037 425 3094 Medione,
445 3031 573 3105 oppidum
589 3031 684 3084 Messe·
728 3048 792 3084 mno
801 3043 889 3084 tamen
898 3029 1018 3092 retinuit,
1028 3025 1113 3080 donec
1121 3027 1242 3099 Ulysses,

170 3111 236 3174 nias,
251 3115 302 3164 Elis
313 3122 340 3165 et
352 3112 425 3183 regio
438 3124 464 3164 et
477 3114 555 3176 urbs,
570 3113 598 3164 in
609 3115 684 3185 cnjus
728 3112 855 3183 quioniam
864 3110 928 3162 urbs
938 3107 984 3160 illa
995 3107 1117 3162 sinc‘istis
1130 3106 1188 3159 telis
1202 3121 1243 3158 ex·

170 3190 268 3242 vicinia
290 3190 359 3244 ludis
382 3191 492 3263 posthac
514 3191 684 3244 celeberrima
727 3191 843 3263 pugnari
855 3207 910 3242 non
923 3198 1044 3259 poterat,
1062 3185 1125 3240 dolo
1135 3184 1241 3238 easdem

171 3269 311 3342 Olympia,
327 3289 380 3342 quo
397 3273 506 3324 fortasse
518 3271 613 3324 alludit
627 3275 684 3324 levis
728 3268 842 3322 eliceret.
855 3266 986 3330 Consule,
1001 3278 1029 3319 ut
1044 3265 1108 3318 alios
1121 3276 1240 3328 taceam,

169 3353 225 3400 Eds
234 3369 313 3416 eques,
327 3348 459 3420 agitandis
471 3350 545 3422 equis
557 3362 618 3422 apta
632 3351 686 3420 (in-
728 3345 890 3410 Homerum,
902 3359 928 3400 et
939 3346 1077 3417 Sophoclis
1088 3342 1241 3416 tragediam

170 3439 277 3500 gratum
292 3429 370 3482 trium
384 3430 411 3481 in
422 3434 442 3480 r's
452 3427 628 3483 desinentium
640 3449 685 3482 ro·
727 3427 808 3501 hujus
818 3427 933 3480 nominis
942 3425 1158 3498 pulcherrimam.

171 3526 233 3561 cum
252 3527 411 3562 concursum
431 3509 523 3562 tollere
542 3511 644 3581 possis,
663 3509 685 3562 si
766 3507 826 3575 394.
843 3513 916 3558 Butes
932 3507 967 3558 ab
981 3509 1065 3584 aereis
1076 3508 1137 3564 oris,
1154 3503 1242 3555 exAt-

173 3605 235 3640 cum
246 3589 372 3641 Sentenio
383 3587 418 3640 ad
428 3588 545 3658 Propert.
557 3605 619 3659 pag.
633 3589 686 3656 928
729 3589 793 3651 tica,
803 3593 869 3641 dives
879 3587 1025 3650 mellificio,
1034 3592 1242 3639 innumerarum

171 3667 287 3720 scribas:
306 3671 376 3718 mres
388 3668 472 3719 sertis
486 3671 586 3734 equis),
601 3679 626 3720 et
637 3673 688 3718 Au·
730 3672 830 3730 rhedis,
839 3666 1241 3734 alitalvearibuainclusasapes,

171 3751 213 3798 lon
233 3746 318 3815 (Plln.
336 3747 387 3810 IV,
404 3749 431 3809 5,
446 3748 564 3814 Aulona)
571 3749 686 3816 fluctibns
731 3752 856 3815 longaque
874 3753 1003 3816 superbus,
1023 3747 1072 3800 sibi
1091 3747 1147 3819 lpse
1166 3744 1243 3816 platt-

171 3829 263 3887 obsr'us,
278 3830 354 3899 cujus
364 3826 461 3879 maenia
471 3825 538 3878 mari
547 3824 687 3878 adlueren·
731 3825 797 3880 dens
805 3865 812 3888 ‚
817 3829 907 3895 fuscat
914 3825 976 3878 nube
986 3830 1049 3878 diem
1062 3831 1072 3895 (
1078 3825 1187 3896 pulchre
1196 3823 1243 3876 lto·

170 3996 216 4037 tur
226 3998 304 4056 poeta
314 4023 322 4050 ‚
331 4003 412 4059 quern
423 3985 632 4058 Periclymenum
640 4003 688 4056 per
731 3985 816 4037 fuscat
828 3984 883 4054 ipse
896 3989 975 4052 longa
988 3985 1059 4037 nube
1073 3984 1142 4038 diem
1157 3983 1243 4054 longis

169 4074 255 4118 totam
280 4066 402 4120 viciniam
430 4065 602 4130 inclaruisse,
632 4081 687 4117 me-
731 4064 911 4128 examinibus‚
932 4065 1014 4117 solem
1031 4065 1117 4136 ipsum
1135 4063 1243 4115 obtene-

169 4145 354 4218 tuendumque
364 4146 446 4200 luisse
457 4149 575 4208 caestibus,
589 4145 686 4216 quibus
729 4143 877 4196 brantilnrs.
1242 4161 1246 4169 ·

169 4225 686 4294 αᾰνενεοε(ιιι1νοιειιὶοιιιηι)νιιὶιιιεῘναη-
766 4227 826 4291 396.
851 4229 914 4276 Dum
937 4227 1026 4291 plenas
1046 4237 1146 4273 nectare
1166 4221 1244 4270 cellar

168 4321 231 4372 gere
247 4305 372 4371 calleret,
386 4305 421 4360 de
437 4325 490 4379 quo
505 4307 619 4360 barbaro
633 4306 683 4360 im·
727 4306 831 4371 pandit,
844 4304 935 4357 eximit
946 4305 1036 4363 faros,
1057 4313 1082 4353 et
1093 4306 1118 4353 in
1130 4302 1239 4356 uticem,
