3122 5126
181 525 251 594 AD
281 525 327 592 R.
355 525 1003 601 JUL.MED1uEMrLORENT.
1038 555 1161 603 xxxvu

81 636 317 704 Ostendetunt
334 638 431 702 terris
446 638 535 702 bunc
547 638 626 721 fata,
640 661 702 718 nec
718 639 801 704 ultra
817 663 983 730 superesse
999 645 1160 730 siverunt,

83 767 204 834 magna
222 744 355 808 familiae
372 743 526 808 Mediceae
551 759 584 807 et
606 744 725 833 insigni
750 744 849 810 clade.
874 747 975 827 Cujus
998 750 1109 818 laudes
1128 771 1162 818 et

85 849 234 916 [secundi
250 849 356 914 animi
373 849 474 914 decus
487 850 645 939 Angelus,
659 851 824 916 literarum
839 852 1011 920 latinarum
1026 879 1161 946 parens,

87 959 316 1048 copiosissime
332 959 563 1045 verissimeque
581 959 719 1049 collegit.
739 961 916 1049 Quumque
933 964 1024 1028 avitis
1044 967 1161 1054 opibus

90 1066 274 1128 innutritus
296 1081 399 1146 esset,
412 1080 540 1128 tantum
554 1063 675 1146 abfuit,
690 1080 728 1129 ut
742 1065 870 1132 illarum
887 1069 1018 1134 Sireniis
1034 1071 1162 1138 blaudi·

90 1169 140 1236 tiis
154 1193 175 1234 a
191 1187 286 1236 recto
304 1172 384 1235 calle
402 1169 668 1259 detorqueretur,
681 1187 721 1234 ut
737 1171 805 1237 illas
817 1196 943 1264 semper
958 1174 999 1239 ad
1014 1176 1162 1267 benigni-

94 1292 209 1358 tatem,
227 1277 519 1364 liberalitatemque
543 1276 719 1360 conferret,
743 1277 860 1367 hisque
884 1281 1108 1348 honestissime
1129 1302 1162 1350 et

94 1383 123 1445 in
135 1383 314 1470 publicum
328 1381 537 1446 commodum
548 1405 627 1446 usus
637 1383 687 1446 sit.
697 1383 856 1472 Adeoque
867 1384 917 1449 his
926 1387 1048 1452 artibus
1058 1389 1093 1453 in
1106 1413 1163 1454 cas·

94 1489 159 1552 lnm
179 1489 243 1552 sibi
262 1489 378 1552 stravit
393 1488 469 1572 iter,
486 1503 537 1571 ut,
548 1486 656 1553 adhue
667 1505 836 1576 serpente,
850 1507 883 1555 et
898 1492 996 1557 malas
1006 1494 1162 1562 vestiente

95 1596 295 1685 bnugine,a
311 1595 461 1683 pluribus
476 1611 620 1660 maturus
636 1610 669 1660 et
683 1595 827 1682 prudeus
837 1643 846 1678 ,
858 1597 899 1660 ab
915 1598 1072 1664 universis
1083 1623 1162 1666 vero

97 1703 208 1791 genius
223 1701 321 1766 urbis
342 1716 594 1789 nuncuparetur.
608 1701 689 1784 Quas
705 1723 800 1766 causa
816 1701 878 1767 fuit
890 1702 1090 1790 (iterandum
1108 1730 1163 1772 ea·
1196 1724 1199 1737 ·

26 1793 27 1796 “
99 1807 171 1872 dem
179 1809 243 1872 ista
254 1807 360 1895 mihi)
377 1824 415 1871 ut
426 1809 494 1888 ejus
508 1831 600 1872 casus
611 1807 805 1896 improvisus
815 1822 848 1872 et
860 1809 1012 1891 acerbus,
1028 1827 1065 1874 ut
1075 1813 1103 1876 si
1113 1815 1163 1880 sol

26 1925 27 1954 ³
100 1937 138 1977 ex
154 1914 228 1978 oelo
250 1913 446 1996 decidisset,
463 1913 655 1994 totam,ubi
675 1911 849 2002 regnabat,
868 1913 1046 1979 funestaret
1063 1917 1163 1984 Etru·

100 2019 186 2084 riam.
204 2018 273 2083 Sed
292 2017 374 2106 quid
395 2018 479 2108 ago?
496 2018 575 2106 quid
592 2017 731 2082 molior?
747 2018 838 2102 Quid
851 2019 999 2107 experior
1011 2020 1116 2106 jejuni
1132 2040 1165 2088 et

99 2125 224 2214 angusti
233 2125 302 2189 oris
312 2123 630 2214 oratorPSingulares
637 2146 674 2187 ac
682 2125 805 2188 eximiae
812 2125 956 2212 corporis
964 2141 997 2190 et
1006 2127 1106 2191 animi
1116 2129 1164 2192 tui

99 2229 185 2294 dotes
200 2231 284 2296 illuc
300 2251 353 2294 me
369 2245 505 2312 vocant,
520 2230 577 2295 ubi
589 2229 752 2294 difficilius
766 2246 814 2294 est
825 2231 946 2296 exitum
963 2255 1061 2319 quam
1076 2235 1166 2321 prin·

99 2336 218 2423 cipium
233 2336 395 2400 invenire.
417 2335 450 2400 Si
465 2336 553 2400 bona
575 2336 738 2424 corporis,
765 2359 837 2423 quae
860 2336 949 2401 Paris
972 2339 1164 2404 Homericus

99 2442 236 2532 gloriosa
260 2459 379 2524 vocat,
407 2443 553 2526 emetior,
583 2457 739 2506 staturam
768 2441 977 2529 quadratam,
1004 2460 1036 2508 et
1066 2446 1165 2510 totius

99 2549 242 2636 torporis
260 2546 353 2612 [ilum
367 2548 519 2630 liberale,
537 2548 692 2612 decorum
703 2597 712 2626 ,
725 2549 932 2637 gravitatem,
947 2550 1163 2634 majestatem,

100 2677 191 2718 «nas
211 2655 249 2718 in
269 2671 362 2720 aetate
381 2654 477 2719 viridi
494 2655 721 2744 cogitationes,
737 2655 897 2720 continuo
913 2677 1016 2744 genus
1040 2657 1165 2722 obstre-

99 2761 165 2848 pit,
191 2783 229 2824 ac
253 2759 408 2824 Mediceae
434 2759 559 2824 familiae
583 2759 748 2843 nobilitas3
769 2782 832 2846 qua
852 2761 941 2824 uulla
958 2784 1104 2848 unquam
1130 2764 1165 2828 in

100 2868 190 2928 terris
206 2866 290 2929 uixit
314 2865 500 2954 augustior,
522 2864 737 2945 fortunatior,
753 2863 880 2945 fortior,
900 2864 1066 2948 illustrior,
1085 2867 1166 2932 libe·

101 2972 212 3052 ralior,
230 2969 274 3036 ad
293 2971 452 3035 virtutum
477 2969 625 3034 omnium
647 2967 833 3056 praesidium
861 2969 1043 3056 promptior
1068 2987 1167 3059 atque

101 3076 285 3166 benignior.
302 3076 433 3142 Carnzen
446 3089 538 3140 amat
547 3077 682 3163 quisquis
697 3076 835 3137 carmine
849 3073 949 3162 drgnc
958 3078 1051 3164 gerit.
1067 3076 1167 3142 Vide·

101 3177 179 3242 bant
201 3179 328 3242 Heroes
356 3177 485 3265 inclyti,
506 3197 606 3264 seque
629 3176 716 3262 ipsos
740 3173 950 3239 advertebant
972 3176 1058 3240 solos
1087 3199 1165 3262 esse,

103 3301 133 3349 et
149 3302 308 3374 praeterea
321 3286 508 3368 neminem,
525 3284 671 3371 quivere
689 3283 789 3373 gloria
807 3299 1032 3365 coruscarent,
1047 3283 1168 3350 virtute

104 3392 291 3474 rutilarent,
316 3391 472 3480 sapientia
501 3405 730 3454 aurescerent:
757 3410 922 3478 praecones
944 3384 1073 3454 virtutis
1100 3413 1168 3458 esse

105 3513 212 3586 poetas
230 3514 263 3562 et
278 3513 439 3580 oratores,
453 3519 595 3586 quorum
610 3497 704 3560 turba
720 3511 826 3560 tranat
837 3477 989 3572 flumina,
1003 3495 1080 3585 juga
1093 3497 1169 3562 Mu·

105 3625 211 3668 sarum
237 3619 383 3692 pennato
408 3601 509 3692 gradu
533 3603 724 3684 transvolat,
749 3617 841 3686 terrae
865 3623 902 3666 ac
927 3601 994 3666 caeli
1015 3603 1170 3690 pomoeria

107 3729 277 3800 pertonat,
295 3710 407 3776 sedern
428 3733 465 3774 ac
489 3710 599 3774 locum
623 3709 768 3774 stabilem
787 3708 979 3773 nonhabet.
1005 3709 1169 3793 Herculis,

109 3815 467 3908 Augusti,Alexandri,
492 3815 717 3882 Themistoclis
746 3815 912 3903 exemplo,
929 3814 1113 3878 aeternitatis
1137 3831 1170 3880 et

107 3925 193 3990 bntae
205 3924 416 4014 praeconibus
432 3923 527 3988 unice
539 3923 699 3987 favebant.
716 3921 774 3985 llis
793 3921 880 3984 enirn
897 3919 1041 4008 angustis
1061 3920 1170 4004 metis,

108 4055 180 4121 quas
198 4033 298 4097 nobis
317 4046 433 4095 natura
455 4029 496 4096 ad
512 4028 688 4098 vivendum
713 4025 822 4110 dedit,
850 4047 917 4090 non
941 4041 1076 4114 potuere
1102 4050 1171 4092 esse

107 4139 255 4204 contenti.
279 4137 311 4202 Ο
330 4135 500 4202 divinatis
516 4135 656 4226 ingenii,
674 4131 840 4222 quomodo
857 4131 1037 4219 priscorum
1056 4130 1172 4196 decora

106 4245 242 4314 rirurtrm
259 4265 433 4332 superares
450 4242 644 4332 excogitasti.
662 4240 795 4306 Accedit
813 4237 853 4305 ad
866 4237 1024 4304 felicitatis
1038 4253 1100 4302 tue
1113 4261 1173 4302 cu·
