3246 5112
432 485 558 550 Novr
587 487 836 554 corrours
867 489 1024 556 uorAE.
1218 519 1260 582 99

198 601 266 656 vide
279 617 386 674 quoque
397 601 511 654 Pausan.
523 599 570 651 lib.
583 600 650 662 vn,
664 617 722 670 cap.
734 609 759 666 4.
774 603 901 665 succus,
917 603 1062 658 secundum
1076 609 1245 678 Apollonium
1253 650 1260 675 ‚
1268 659 1285 698 t

200 695 246 747 lib.
262 693 307 759 11,
319 713 346 745 v.
362 709 430 759 900,
441 687 529 762 Tiphy
547 701 668 764 mortuo,
681 687 714 741 ad
733 690 837 743 clavum
856 691 907 744 suit
919 691 1051 748 admones.
1063 695 1102 748 Ne
1115 698 1263 753 confundas

199 778 273 830 buno
296 777 422 828 Ancnum
441 791 455 825 e
472 773 551 826 Sarno
566 791 626 824 cum
641 771 723 825 altero
739 791 770 825 ex
788 773 918 839 Arcadia,
938 776 971 830 de
985 797 1039 850 quo
1054 798 1148 851 supra,
1159 802 1185 835 v.
1201 785 1262 854 377.

236 900 268 948 V.
284 902 344 960 414.
369 927 676 946 ..................
695 883 809 953 Securus,
825 897 850 944 in
871 914 955 962 equor

359 980 435 1029 Hattd
448 979 526 1028 minus
540 977 664 1043 Erginus,
681 979 765 1042 proles
782 979 918 1044 Neptunia,
925 979 1016 1045 sertau.

200 1081 332 1153 Erginus,
351 1076 467 1149 Neptuni
487 1075 572 1141 lilius,
592 1076 728 1140 eMileto,
747 1077 786 1129 rei
805 1076 925 1130 militaris
943 1096 1017 1151 seque
1035 1099 1065 1133 ac
1084 1084 1196 1137 nauticis
1216 1085 1264 1138 fuit

200 1167 309 1240 peritus.
321 1161 388 1215 Vide
402 1160 490 1232 Apoll.
506 1158 553 1213 lib.
571 1160 602 1224 1,
617 1179 644 1213 r.
659 1161 718 1224 187.

236 1291 269 1340 V.
284 1294 344 1353 ἀπο.
362 1291 458 1337 Taurea
476 1287 593 1356 ‘uulnfico
605 1299 690 1353 portat
707 1289 844 1352 ceelataque
859 1289 957 1354 plmnbo

362 1373 443 1436 Terga
461 1374 556 1420 Lacon.

201 1467 287 1542 Apoll.
300 1465 346 1518 lib.
360 1465 389 1528 1,
402 1484 427 1516 r.
445 1468 511 1527 146-
522 1463 571 1515 150
583 1480 589 1515 :
601 1465 652 1518 Καὶ
664 1467 711 1536 μὴν
724 1467 847 1533 Αἰτωλὶς,
862 1483 908 1520 etc.

239 1575 361 1628 Valerius
370 1572 415 1625 hic
424 1569 549 1624 describit
556 1581 650 1634 vestes,
661 1588 727 1640 quas
736 1569 809 1623 Leda
818 1583 942 1624 natorum
950 1575 977 1626 in
988 1593 1068 1628 usum
1078 1595 1128 1630 acu
1138 1580 1266 1650 pinxerat.

203 1660 290 1733 Hujus
306 1657 361 1711 loci
373 1667 515 1719 venustas,
532 1665 557 1707 et
571 1653 632 1726 styli
645 1655 789 1726 presertim
805 1653 934 1727 elegantia
950 1657 1062 1712 maxime
1074 1662 1192 1716 notanda
1210 1677 1266 1718 est:

203 1747 283 1797 tremit
294 1761 421 1813 purpura,
433 1742 540 1809 suderat
559 1743 681 1798 Eurotan,
696 1753 781 1806 portat
797 1742 906 1806 sonipes,
921 1746 994 1793 ¹stolae
1006 1763 1096 1807 cycnus
1115 1758 1176 1798 sunt
1194 1747 1268 1802 locu-

204 1829 290 1882 tiones
304 1826 396 1880 rividae
415 1843 473 1897 qun
492 1823 630 1896 descriptis
648 1821 727 1876 rebus
747 1822 830 1874 vitam
848 1833 874 1875 et
887 1837 989 1878 motum
1009 1824 1121 1880 addunt.
1139 1830 1268 1886 Praeterefl

203 1912 248 1965 hic
268 1909 351 1982 magis
372 1925 453 1980 quam
469 1906 555 1960 ubivis
572 1905 669 1958 eminet
685 1905 783 1958 Valerii
792 1904 923 1977 judicium
937 1919 963 1960 et
976 1909 1137 1981 antiquitatis
1155 1914 1266 1984 peritia:

203 2006 297 2067 poeta,
319 1992 429 2065 legentis
450 2007 512 2044 curu
528 1988 680 2061 voluptate,
699 1990 790 2060 paucis
810 1990 928 2043 versibus
944 2005 1062 2046 recenset
1080 2006 1154 2048 retus
1168 2017 1266 2052 nomen

204 2074 507 2141 OEbalin,Tbessalicos
520 2073 620 2138 frenos,
629 2073 722 2125 urbem
735 2071 858 2144 Amyclas
867 2075 1028 2138 ‚Taenariam
1037 2097 1180 2151 purpuram
1184 2083 1266 2155 ‚Tap

204 2173 298 2233 gemo,
313 2161 429 2214 Eurotan
443 2170 468 2211 et
483 2174 597 2229 cycnum
617 2153 705 2208 leder.

239 2283 273 2332 V.
286 2278 345 2342 433.
360 2282 396 2327 At
414 2277 455 2326 tibi
473 2277 587 2326 collectas
601 2277 669 2326 solvit
679 2276 735 2342 jam
745 2278 828 2346 fibula
845 2291 937 2336 uestes,

360 2361 517 2425 Ostenditque
533 2360 643 2408 tarnem
654 2358 751 2424 fortes,
766 2361 915 2426 spatiumque
929 2364 1023 2429 superbi

361 2445 468 2494 Pectoris
483 2443 602 2492 herculeis
614 2459 724 2508 aquarn,
740 2447 880 2511 Meleagre,
895 2447 1001 2498 lacertis.

206 2537 290 2612 Apoll.
301 2537 347 2590 lib.
356 2539 386 2604 1,
396 2555 422 2589 r.
436 2553 502 2602 190·
512 2556 558 2593 101
570 2554 577 2589 :
588 2536 713 2606 olnldnc,
726 2554 774 2594 etc.
784 2537 905 2608 —Apud
914 2539 1083 2612 Apollonium
1097 2542 1153 2596 duo
1162 2533 1268 2598 comites

206 2623 301 2678 adsunt
317 2621 467 2694 Meleagro,
486 2643 600 2696 qaorum
622 2623 694 2696 apud
707 2621 842 2674 Valerium
861 2621 933 2674 nulla
952 2624 1067 2688 mentio;
1087 2626 1142 2698 ipse
1163 2640 1268 2700 postea,

205 2705 253 2758 lib.
270 2704 327 2770 111,
342 2725 369 2759 v.
385 2705 457 2771 645,
474 2706 597 2760 obstinati
613 2726 644 2760 ac
662 2705 768 2778 superbi
779 2705 860 2758 animi
873 2706 978 2778 juvenis
996 2709 1108 2779 speciem
1125 2711 1215 2765 habet.

171 2867 183 2879 ,
240 2834 275 2882 V.
299 2831 360 2896 436.
376 2833 439 2881 Hinc
455 2850 585 2883 nurnerosa
592 2835 722 2900 pliniana,
733 2833 816 2896 proles
830 2831 939 2892 &licinia
951 2849 959 2879 :
971 2845 1048 2881 cernis

371 2917 507 2966 AEtlralides
521 2919 611 2967 subitas
630 2935 702 2966 navo
719 2917 833 2964 redeunte
849 2915 951 2980 sagittas

374 3001 475 3067 Cogere.

208 3089 294 3166 ipsu.
306 3091 355 3145 tu.
369 3094 436 3157 ιη.
452 3092 544 3156 54-55
558 3090 723 3155 :sienne
736 3109 785 3146 eu.
795 3067 1121 3147 -nthuuesutlrerst
1133 3095 1268 3160 uereri,

208 3177 251 3229 cui
264 3187 337 3249 pater
354 3173 443 3241 dedit,
453 3189 483 3229 ut
495 3176 548 3231 vita
561 3178 683 3243 iunctus,
699 3177 818 3230 omnium
830 3194 888 3247 que
900 3175 1097 3248 contingerent,
1116 3180 1269 3232 memoriam

208 3259 317 3314 baberet
326 3262 374 3330 (1).
388 3259 551 3332 Pythagoras
573 3259 726 3314 AEtbaliden
739 3279 768 3314 se
782 3260 863 3313 luisse
884 3257 1050 3330 predicabat.
1064 3293 1067 3298 -

243 3384 277 3430 V.
303 3377 367 3442 438.
380 3415 385 3428 .
397 3414 403 3426 .
414 3368 439 3430 ᾗ
462 3393 486 3430 tu
500 3381 591 3430 medios
603 3381 776 3447 gladiobonus
791 3381 827 3428 ire
837 3396 885 3445 per
898 3380 989 3438 besses,

370 3463 458 3526 Euryte
468 3481 479 3510 .·
494 3481 539 3514 nec
553 3465 643 3538 patrio*
656 3464 748 3526 Minyis
762 3463 876 3530 ignobilis
890 3481 947 3522 usu,

375 3547 470 3606 Nunu'a
480 3547 556 3597 verba
570 3547 639 3596 discis
651 3548 748 3613 populis
761 3547 803 3611 qui
816 3547 907 3606 reddit,
922 3547 1024 3596 Echion.

208 3641 333 3715 Apollon.
350 3643 396 3696 lib.
412 3644 442 3706 Ι,
460 3661 486 3695 v.
509 3641 624 3695 51-52:
647 3629 823 3714 Obd'lltc'rQ
846 3660 893 3698 etc.
904 3643 1069 3695 —Valerius
1086 3653 1181 3696 uome'u
1199 3644 1272 3715 Eryti

209 3725 318 3797 paulum
331 3725 494 3789 immutarit,
516 3739 546 3780 ut
561 3726 675 3799 primam
696 3726 823 3798 syllabam
843 3727 950 3797 longam
972 3727 1098 3779 efiiceret.
1116 3727 1157 3781 Sic
1176 3747 1271 3799 supra,

210 3828 235 3859 r.
251 3809 318 3877 370,
337 3812 440 3877 britium
456 3809 484 3862 in
501 3813 618 3878 Iphiclem
634 3810 755 3864 mutavit,

245 3936 279 3985 V.
300 3940 360 3997 441.
376 3937 427 3984 Sed
440 3953 505 3994 non,
519 3936 588 4002 lplri,
603 3937 649 3985 tuis
662 3939 733 4002 Argo
743 3936 848 3984 redinra
859 3936 965 3985 lacertis.
978 3933 1094 4004 -Iphis
1108 3935 1157 3986 soli
1169 3934 1274 3986 Valerio

210 4012 278 4067 inter
290 4016 457 4085 Argonautas
475 4027 647 4079 memoratur,
665 4015 743 4087 plane
758 4016 874 4087 ignotus.

242 4221 278 4284 (1)
295 4223 372 4284 Apoll.
387 4223 427 4271 lib.
444 4224 462 4270 l.
475 4240 495 4269 v.
510 4223 563 4277 643.
