3246 5112
395 469 784 536 ARGONAUTICON
813 473 900 537 LlB.
923 474 972 536 il.
1151 473 1208 538 115

198 605 409 694 Terrigenum
427 601 504 666 coelo
520 601 684 688 quondam
701 600 861 667 adversata
877 603 1059 693 gigantum,

199 719 291 802 Quos
305 716 462 804 scopulis,
480 716 705 802 trabibusque,
720 738 836 803 parens
851 718 1013 804 miserata,
1028 719 1179 810 jugisque

198 832 325 914 Induit,
341 847 375 894 et,
385 852 494 894 versos
513 830 667 893 exstruxit
681 831 714 892 in
731 831 849 894 oethera
864 850 1000 898 montes.

199 945 346 1032 Quisque
363 965 436 1008 suas
453 943 487 1006 in
504 965 585 1031 mpe
601 943 719 1024 minas,
738 965 964 1032 pugnamque,
983 962 1152 1036 metusque

197 1061 308 1123 Servat
319 1055 444 1137 adhuc;
458 1057 563 1145 quatit
577 1057 645 1144 ipse
658 1057 782 1121 hiemes
795 1073 828 1120 et
843 1073 974 1146 torquet
987 1061 1027 1124 ab
1043 1063 1107 1126 aito

197 1172 344 1238 Fulmina
359 1171 469 1236 crebra
482 1187 588 1259 pater:
604 1165 752 1260 scopulis'
758 1171 816 1236 sed
831 1174 988 1239 maximus
1004 1175 1066 1239 illis

198 1288 322 1351 Horror
333 1285 440 1366 abest,
458 1285 558 1349 sicula
570 1306 698 1372 pressus
714 1285 843 1368 tellure,
854 1287 1038 1375 Typhoeus.

199 1402 293 1464 Hunc
301 1399 476 1488 profugum
486 1415 630 1463 etsacras
639 1415 856 1463 revomentem
866 1416 998 1488 pectore
1007 1400 1160 1484 flammas,
1188 1423 1210 1460 2⁵

197 1515 241 1578 Ut
255 1529 451 1592 memorant,
466 1534 620 1600 prensum
636 1512 704 1600 ipse
720 1514 821 1576 comis
834 1513 1006 1602 Neptunus
1021 1517 1056 1580 in
1072 1517 1172 1583 altum

196 1627 352 1708 Abstulit,
368 1627 592 1714 implicuitque
608 1625 696 1690 vadis
708 1649 716 1690 τ
730 1627 890 1715 totiesque
904 1647 1037 1695 cruenta

198 1743 284 1808 Mole
299 1755 537 1830 resurgentem,
551 1754 823 1829 torquentemque
836 1743 994 1831 anguibus
1011 1743 1113 1810 undas
1165 1733 1169 1771 ¹

196 1857 358 1920 Sicanium
376 1851 584 1941 deditusque
600 1853 736 1935 fretum,
755 1876 896 1942 cumque
910 1856 1046 1921 urbibus
1059 1857 1188 1924 AEtnam

197 1970 330 2051 Intulit,
347 1989 403 2032 ora
416 1989 581 2056 premens3
597 1982 672 2030 trux
684 1966 738 2031 ille
751 1967 865 2047 ejectat
876 1967 964 2033 adesi
1186 1991 1211 2031 s·

195 2083 417 2174 Fundamenta
430 2081 517 2170 jugi3
530 2081 648 2169 pariter
659 2097 738 2146 tunc
751 2081 857 2146 omnis
872 2083 1000 2148 anhelat

195 2195 373 2276 Trinacria,
389 2195 539 2276 injectam
553 2192 638 2256 fesso
651 2192 878 2285 dumpectore
895 2195 1014 2259 molem

196 2313 386 2374 Commouet
401 2307 584 2395 experiens,
601 2307 787 2396 gemituque
803 2308 933 2396 reponit
948 2310 1046 2374 inani.

239 2425 375 2511 lamque
390 2421 608 2511 Hyperionius
620 2437 722 2486 metas
737 2420 840 2485 maris
848 2436 942 2510 urget
955 2421 1043 2486 iberi

182 2655 220 2702 af.
239 2651 366 2714 Unguibus.
379 2653 468 2698 bonon.
479 2649 632 2696 cod-Bonou.
647 2649 658 2694 i
672 2657 697 2694 et
711 2649 742 2694 11.
752 2647 853 2708 Ignibus.
863 2648 928 2695 Gerr.
938 2649 1005 2696 mele.
1021 2651 1065 2697 lin.

150 2864 180 2906 ut
192 2852 305 2904 formam
314 2849 458 2902 humanam
471 2859 497 2900 et
509 2857 596 2919 gestus
607 2863 657 2918 pu·
701 2849 771 2897 adest
777 2849 944 2914 srmdamenta
953 2851 1011 2918 jugi
1022 2853 1125 2919 qamt,
1138 2847 1206 2908 mor.

149 2925 384 3002 gnaqtiumprocul
392 2925 611 2998 conspicientibus
618 2943 658 2977 re·
701 2924 745 2978 det
759 2928 864 2977 AEtnam
883 2924 930 2978 sibi
949 2926 1118 3000 impositum,
1137 2931 1210 3004 frag-

148 3007 258 3061 tinniise
269 3003 430 3060 viderentur.
700 3015 788 3056 menta
797 3003 824 3054 iu
837 3020 898 3057 aera
907 3005 1040 3076 propellit3
1048 3012 1147 3062 aulem
1155 3031 1206 3062 om·

187 3091 230 3149 ²6·
246 3085 279 3138 In
297 3083 340 3137 his
357 3083 514 3136 tamennon
533 3079 597 3144 fuit,
613 3080 658 3133 cni
700 3085 737 3133 nis
758 3085 898 3143 ttinacn'a,
918 3082 1005 3138 Sicilia
1029 3089 1205 3143 contremiscit

150 3167 199 3219 soii
217 3163 328 3236 contigit
344 3163 416 3215 Jovis
437 3162 503 3214 iram
522 3160 656 3230 effugere,
700 3174 773 3214 terre
783 3162 910 3226 motibus,
924 3165 981 3213 dum
989 3169 1075 3217 molem
1082 3169 1151 3234 sesso
1161 3189 1205 3238 pe·

154 3248 275 3312 typhoeus
282 3243 355 3316 gigas
363 3241 457 3310 (mlv,
466 3239 537 3308 236),
545 3238 656 3292 deorum
700 3256 765 3292 crore
775 3255 921 3302 commovet,
931 3245 1055 3309 experiens
1067 3263 1101 3296 en
1109 3245 1203 3299 molem

150 3341 286 3396 aggressor
301 3320 499 3375 furiosissimns.
511 3317 560 3370 Ille
573 3318 601 3370 in
613 3317 656 3370 fu·
700 3329 820 3373 excutere
831 3319 926 3390 possit,
938 3318 983 3372 sed
995 3321 1105 3387 frustra,
1111 3332 1204 3394 gemitu

149 3422 209 3475 gam
232 3393 342 3474 quidem
360 3418 388 3452 se
410 3393 501 3461 dedit,
525 3399 658 3466 profligan
700 3400 795 3468 reponit
806 3399 885 3449 inani.
896 3396 1039 3469 Splendida
1049 3402 1165 3470 profecto
1176 3418 1204 3461 et

150 3501 212 3536 vero
225 3492 251 3534 et
259 3499 345 3532 sacras
347 3483 485 3551 statamus,
496 3475 604 3528 fulmina
615 3475 658 3526 Jo-
701 3474 819 3528 sublimis
828 3474 916 3546 imago
924 3488 950 3528 et
958 3477 1071 3547 Neptuni
1081 3491 1105 3532 et
1115 3483 1206 3555 gigan.

149 3562 188 3614 ris
197 3599 205 3623 ‚
215 3575 317 3628 pectore
331 3572 506 3617 revomentem,
525 3555 659 3625 Neptunus
702 3553 749 3615 tis,
762 3553 826 3623 qui,
838 3571 997 3626 quamquam
1009 3559 1149 3628 potentiori
1162 3583 1205 3619 ce·

150 3639 252 3711 capillis
271 3637 429 3708 prehensum
442 3635 469 3687 iu
484 3651 556 3685 mare
571 3649 660 3684 secum
704 3631 766 3685 dere
774 3645 920 3702 cogeretur,
930 3633 975 3685 irre
984 3645 1071 3688 tamen
1080 3650 1105 3689 et
1111 3640 1206 3699 furoris

145 3713 657 3789 mpit,torquentemqneangnibusnudas,
704 3710 1207 3782 pertinacissimusimmensasadhucri.

146 3795 268 3866 quamvis
282 3792 369 3847 nudas
381 3791 523 3864 flagellaret
536 3789 660 3861 serpenti-
702 3808 744 3842 res
756 3789 858 3842 exserit.

147 3875 207 3936 nis,
228 3891 296 3943 quos
318 3872 467 3943 gigantibus
484 3881 565 3940 poetae
582 3866 660 3920 affin·
739 3867 782 3928 dt.
797 3868 852 3920 Nec
863 3869 1066 3940 minus,spero,
1077 3874 1205 3946 placebit,

147 3963 231 4022 gunt,
249 3949 379 4024 pedibus,
393 3948 428 4003 ad
446 3949 560 4002 siculum
577 3964 661 4018 usque
704 3965 761 4019 quse
773 3946 902 4016 sequitur,
914 3947 997 4000 noctis
1006 3949 1102 4024 imago.
1111 3956 1143 4010 Et
1151 3962 1206 4031 pri.

145 4031 244 4084 fretum
260 4029 361 4093 trabit,
375 4041 401 4081 et
420 4033 523 4081 AEtuam
544 4036 660 4078 montem
703 4045 748 4078 mo
761 4023 868 4098 quidem
885 4025 1061 4098 mythologice
1082 4031 1207 4091 describi.
1259 4029 1265 4042 ’

146 4127 209 4161 cum
230 4107 474 4181 circumjacentibus
495 4103 602 4159 urbibus
619 4104 659 4155 ori
702 4103 1207 4180 turnoxingruenstiiyperiomicssoiis,

148 4185 279 4258 imponit:
292 4187 335 4242 vei
349 4188 385 4239 sic
400 4198 488 4238 tumen
501 4200 560 4234 vus
572 4181 659 4235 adhuc
703 4201 786 4234 cumis
804 4179 994 4254 (Hyperionem
1010 4185 1055 4239 aiii
1074 4187 1140 4244 Solis
1158 4213 1205 4264 pa-

994 4276 1032 4345 8.
