3226 5114
400 530 466 610 314
506 529 557 596 IN
586 531 673 595 LIB.
699 531 942 613 QUARTUM
971 533 1366 600 ARGONAUTICON

397 645 521 716 hugum
534 655 560 697 et
570 642 629 698 ioco
645 661 701 697 uon
713 661 764 698 suc
772 645 913 716 Wagnero
924 644 1029 700 ridetur
1041 647 1094 701 hoo
1104 645 1252 719 episodiou.
1264 647 1355 702 Helles
1364 665 1464 702 nemen

397 729 427 782 in
449 728 523 783 editu
540 727 704 801 Hellesponti
716 729 874 802 Argonautis
894 731 1021 795 obvium,
1043 731 1208 804 ingeniosum
1231 743 1303 786 certe
1323 745 1349 786 et
1363 744 1465 786 neuun

398 829 544 884 congruens
554 823 594 868 eet
604 821 798 866 commentum:
809 813 931 885 Orpheus
941 826 1029 869 eutem
1038 827 1162 870 eventum
1173 833 1298 880 numne,
1314 834 1329 869 e
1342 833 1397 888 quo
1412 817 1463 869 ire·

396 907 454 948 tum
463 935 472 962 ,
482 895 555 970 quod
569 900 624 970 jem
638 897 761 950 intreturi
774 908 837 950 eunt
851 900 1010 969 Argonautis
1018 939 1026 964 ,
1035 897 1166 971 Bosphori
1177 917 1275 952 nomen
1292 898 1411 970 aceepit,
1422 915 1464 952 ee·

397 977 580 1034 commodatus
599 990 702 1034 nutura
722 979 789 1033 mihi
810 999 864 1034 non
881 982 969 1034 minue
986 980 1100 1035 videtur.
1121 983 1207 1035 Immo
1226 995 1337 1054 uterque
1360 981 1464 1053 utrique

396 1061 539 1134 respondet
551 1064 640 1129 loeus,
655 1077 684 1118 ut
703 1064 777 1138 prior
793 1063 906 1118 alterurn
921 1081 1031 1138 poscere
1048 1063 1178 1118 rideatur.
1195 1064 1335 1136 Quidquid
1354 1062 1465 1117 traditur

397 1143 432 1198 ed
441 1145 514 1200 locos
522 1148 658 1220 pertinens
668 1183 676 1213 ,
686 1167 754 1222 quos
763 1147 863 1202 adeunt
875 1149 1047 1221 Argonauta,
1057 1147 1125 1201 udec
1135 1165 1189 1202 non
1199 1148 1316 1200 elienum
1324 1158 1364 1200 eet
1372 1165 1464 1200 eorum

396 1227 499 1282 itineris
512 1229 702 1302 descriptioni,
714 1244 744 1285 ut
754 1232 807 1285 hoc
817 1231 967 1285 fabularum
981 1249 1063 1303 genus
1076 1231 1236 1304 precipuum
1248 1241 1340 1284 contre
1355 1231 1465 1285 cumini

394 1313 590 1386 jucunditatem
604 1325 734 1387 asperget.

433 1450 469 1504 V.
482 1451 545 1505 3⁵3.
557 1453 666 1520 Virginis
674 1455 759 1504 Iasise.
773 1482 808 1494 -
819 1452 944 1525 Sequitur
953 1451 997 1506 hic
1007 1452 1130 1505 veterius
1144 1467 1189 1504 ecs
1202 1451 1249 1521 qui
1266 1460 1370 1521 petrem
1383 1455 1464 1500 Iasum

399 1533 494 1606 virgini
505 1535 569 1590 deut
576 1576 585 1602 ,
603 1554 653 1590 nec
664 1535 796 1590 videbitur
812 1537 869 1610 ipse
884 1535 934 1590 sibi
944 1555 1039 1608 perum
1052 1545 1189 1598 constare,
1203 1531 1323 1605 quemvis
1339 1533 1370 1586 Io
1384 1532 1417 1584 sit
1426 1551 1465 1585 su·

399 1637 464 1689 pru,
476 1639 501 1673 v.
519 1619 696 1684 secamus
705 1624 828 1690 sermea,
852 1633 877 1674 et
896 1621 983 1684 infra,
1001 1640 1028 1674 v.
1044 1619 1365 1689 357,1naretajssenca,
1383 1616 1465 1669 sihe-

399 1699 462 1755 beee
474 1700 531 1755 huc
546 1703 670 1767 nomine,
686 1708 800 1767 Inachis,
813 1707 933 1764 Inachia,
953 1718 983 1759 ut
999 1723 1013 1756 e
1028 1703 1154 1775 regione,
1169 1722 1223 1756 non
1236 1719 1252 1755 u
1264 1713 1357 1774 petre,
1370 1699 1465 1762 ductu,

399 1800 458 1854 quse
470 1783 541 1838 idem
552 1785 657 1840 valeant
665 1786 739 1860 quod
749 1792 853 1859 Argiva.
864 1789 907 1841 sie
923 1786 1021 1840 Ovidio
1034 1791 1093 1856 ripe
1108 1786 1234 1840 dicuntur
1248 1789 1393 1845 Inachidae,
1403 1785 1464 1837 Met.

400 1868 432 1934 I',
445 1869 515 1937 639:

539 1967 611 2013 Venit
619 1977 643 2014 et
652 1967 682 2014 sd
691 1967 769 2030 ripes,
785 1968 825 2013 uhi
836 1967 918 2014 ludere
929 1983 990 2030 sape
1001 1969 1106 2022 eoiebet,

541 2042 665 2090 Inachides
676 2045 744 2106 repas.

402 2155 436 2207 ns
456 2153 528 2227 spus
547 2155 688 2228 Virgilium
707 2161 816 2231 uptus,
834 2161 894 2213 nn.
912 2159 968 2222 n,
988 2161 1056 2214 sse:
1074 2135 1134 2212 ut,
1155 2159 1274 2214 naono
1297 2163 1404 2210 vesum
1432 2162 1467 2208 ar

401 2238 480 2292 urbes
494 2244 638 2293 Dardanus.

438 2375 472 2430 V.
488 2377 550 2432 ³56.
562 2383 692 2448 Antraque
703 2385 828 2450 deprensa
839 2397 986 2434 venerumt
994 2385 1096 2433 conseia
1105 2385 1192 2448 eulpm
1204 2409 1239 2421 -·
1250 2378 1353 2451 Argolis
1364 2395 1396 2432 co
1404 2395 1466 2432 cun·

401 2461 549 2516 sententies
558 2473 669 2516 tremere
679 2463 804 2534 fingitur,
815 2465 889 2536 quod
902 2485 931 2519 eu
946 2467 962 2517 J
963 2465 1045 2519 unoni
1059 2483 1134 2518 sucre
1144 2475 1201 2516 erut
1213 2463 1296 2534 regio.

436 2605 470 2657 V.
478 2605 539 2674 ³9¹·
553 2611 659 2675 Jamque
668 2609 761 2678 refecta
769 2612 838 2675 Ιονί,
848 2609 866 2662 i.
880 2627 904 2662 e.
916 2609 1033 2680 pristine
1042 2609 1134 2662 iormre
1145 2609 1264 2661 restitute
1275 2629 1292 2658 a
1301 2613 1359 2658 Jove
1372 2644 1381 2670 ,
1394 2623 1465 2668 nou,

403 2700 433 2742 ut
442 2689 598 2761 Wagnerue
613 2691 739 2764 explicet,
755 2696 780 2743 in
792 2691 900 2745 letitiam
910 2696 984 2746 Iovis.
1000 2694 1031 2745 Io
1041 2707 1126 2761 sponte
1138 2693 1179 2743 dei
1192 2693 1234 2759 (v.
1251 2689 1321 2758 358)
1338 2689 1366 2742 in
1374 2691 1466 2763 jurn-

402 2791 462 2826 cem
473 2773 589 2840 mute'ts,
599 2793 672 2829 nuuc
684 2776 802 2848 ejusdem
814 2791 898 2846 sponte
907 2793 954 2830 eeu
968 2776 1118 2838 voluntate,
1133 2773 1221 2846 puella
1234 2772 1366 2835 reficitur,
1381 2789 1439 2824 mcx
1451 2790 1466 2825 e

402 2858 508 2914 Junone
515 2859 610 2912 iterum
621 2859 757 2913 mutanda.

438 2985 473 3041 V.
482 2990 542 3052 418.
556 2989 650 3056 Aspide
658 2993 739 3041 cincta
752 3009 836 3042 comas
851 3004 876 3041 et
886 2992 969 3046 ovanti
974 3007 1085 3058 persone
1101 2991 1181 3039 sistro.
1192 3017 1226 3026 —
1237 2983 1307 3037 Vide
1320 2981 1394 3056 uputi
1404 2982 1466 3034 Ovi·

403 3069 478 3124 dium
488 3070 564 3124 leidis
573 3072 730 3128 comitatum
740 3111 748 3138 ,
762 3073 870 3126 Metam.
881 3071 919 3126 lx
929 3109 938 3136 ,
948 3073 1016 3140 692:

542 3186 660 3249 Sistreque
668 3196 747 3240 ment,
764 3201 930 3249 unoquemque
939 3186 993 3232 estis
1003 3184 1112 3246 quesitus
1124 3183 1197 3230 Osiris
1206 3217 1212 3234 ,

542 3261 659 3324 Pleneque
669 3262 790 3310 eumuiieri
799 3277 894 3324 serpens
905 3259 1030 3324 peregrim
1038 3259 1130 3306 veneni.

441 3389 476 3442 V.
485 3395 546 3454 rinc.
565 3395 634 3442 luvet
644 3405 737 3442 reosm
751 3381 881 3459 nurse-spec
897 3393 1000 3441 iuberes.
1016 3386 1108 3440 -Ieis
1122 3383 1285 3454 navigationi
1300 3392 1425 3454 praerat,
1441 3391 1467 3433 ut

405 3483 481 3525 nutet
488 3472 659 3526 Burmannus
666 3492 673 3524 ε
681 3474 716 3526 ob
725 3475 777 3528 hoo
789 3491 847 3526 eam
861 3485 982 3545 precatur
992 3470 1126 3541 Orpheus,
1136 3479 1166 3522 ut
1177 3466 1360 3539 Bosphorum,
1372 3465 1415 3519 eui
1424 3483 1469 3520 uc·

405 3573 466 3608 men
483 3555 573 3619 dedit,
592 3557 743 3610 ineuntibus
761 3557 919 3628 Argonautis
938 3557 1033 3609 iuvent.
1052 3555 1117 3619 Qun
1135 3569 1177 3606 res
1193 3550 1246 3604 hoc
1261 3547 1400 3621 episcdion
1415 3566 1468 3600 nou

405 3639 492 3694 alieno
504 3641 563 3694 loco
575 3642 689 3712 positum
700 3659 755 3696 esse
766 3641 905 3694 confirmet
915 3661 923 3706 ;
937 3639 992 3693 vid.
1005 3657 1082 3712 snpre
1092 3646 1148 3689 not.
1158 3634 1219 3699 348.

419 3813 422 3821 ¹
440 3789 477 3842 V.
487 3791 549 3854 416.
559 3795 621 3843 Dira
632 3795 704 3843 detur
717 3807 856 3858 summoque
871 3795 921 3841 lues
936 3791 1039 3858 urgebat
1050 3791 1075 3838 in
1087 3803 1146 3838 oevc.
1159 3814 1195 3825 -
1208 3781 1290 3835 Prisci
1305 3779 1413 3834 codices
1425 3777 1469 3830 hu·

304 3915 311 3928 ,
406 3875 468 3928 bent
478 3893 618 3944 sumusque
629 3879 691 3936 suis,
703 3885 842 3946 corrupte,
856 3873 901 3928 sed
916 3869 1066 3926 emendatio
1083 3885 1138 3922 non
1152 3867 1201 3920 nisi
1217 3864 1371 3935 ambiguum
1385 3862 1469 3914 iucem

404 3951 508 4017 attulit3
519 3964 609 4028 quue
618 3953 724 4008 nullum
733 3971 815 4026 opus:
829 3961 857 4010 τὸ
871 3956 974 4023 urgebsu
989 3947 1091 4022 eliquid
1103 3965 1226 4018 poscere,
1244 3941 1317 4016 quod
1331 3952 1423 4016 reget,
1433 3940 1472 3992 ri·

406 4033 500 4102 detur,
512 4055 664 4108 quenquam
677 4049 703 4091 et
715 4057 767 4090 eum
782 4036 894 4091 subaudi
907 4055 985 4110 posse
997 4053 1052 4088 non
1063 4050 1131 4103 nego
1142 4048 1149 4082 :
1162 4035 1211 4082 iuss
1221 4029 1266 4081 hic
1280 4025 1413 4098 Harpyiae
1425 4022 1472 4076 de·

405 4119 493 4191 signet
505 4121 700 4188 anteversione3
711 4141 782 4175 nunc
795 4124 866 4175 enirn
881 4132 973 4176 unctor
984 4116 1184 4188 (sententiarum
1196 4111 1318 4168 ordinem
1329 4111 1404 4176 notu)
1415 4107 1472 4160 Phi·

405 4221 485 4255 neum
494 4203 531 4255 uit
540 4201 589 4256 diis
598 4223 689 4275 poenus
699 4203 773 4270 dure,
783 4205 880 4277 quibus
888 4204 993 4276 (pernis)
1004 4221 1065 4256 mcx
1076 4199 1242 4257 enumeratis,
1252 4195 1375 4249 exsilium
1386 4193 1472 4265 primo

406 4303 437 4338 ac
447 4285 593 4340 cecitatem
604 4285 712 4348 Phinei,
722 4305 782 4340 mox
795 4287 974 4360 Harpyiarum
984 4283 1158 4357 predationes
1170 4279 1260 4336 refert.
1275 4277 1379 4343 Quibus
1392 4273 1473 4328 vuriis
