3196 5120
393 493 785 560 saecularisati
815 498 903 560 tra.
927 498 974 561 11.
1156 501 1214 576 nn

192 627 420 712 Illustremque
436 627 546 714 bugam
561 628 672 714 pueri3
690 649 766 692 mox
781 629 899 693 aethere
913 631 1004 695 laetus
1177 655 1215 698 aa

190 738 344 805 Adstabat
357 740 498 805 mensis:
516 741 595 828 quin
612 757 645 807 et
660 741 746 806 lovis
761 744 899 834 armiger
916 745 986 832 ipse

190 855 314 944 Accipit
332 878 350 918 a
364 853 507 943 Phrygio
521 855 585 934 jam
605 839 722 943 pocula
734 855 852 920 blanda
868 858 1026 924 ministro.

189 973 282 1036 Tune
298 993 409 1034 ensem
427 986 611 1059 notumque
626 973 734 1038 ferens
752 974 880 1063 insigne
893 974 1067 1044 Thoantis:

190 1086 346 1173 «Accipe,
358 1086 418 1166 ait,
432 1085 524 1150 bellis
539 1085 717 1174 medieque
732 1103 771 1151 ut
785 1088 918 1176 pulvere
933 1111 1049 1177 pugnae

190 1203 238 1266 Sit
255 1224 381 1282 comes,
398 1201 515 1266 AEtnaei
534 1202 661 1290 genitor
676 1227 749 1291 quae
761 1201 908 1268 llammea
926 1205 1025 1293 gessit
1177 1231 1214 1268 aa>

190 1319 284 1380 Dona
300 1315 371 1398 dei,
389 1337 478 1380 nunc
496 1315 593 1406 digna
611 1315 675 1381 tuis
692 1316 859 1408 adjungier
876 1320 983 1382 armis.
1004 1329 1008 1335 '
1047 1395 1051 1402 Ι

191 1433 207 1494 l
225 1452 366 1512 memor,
385 1432 415 1512 i,
432 1446 542 1513 terrae,
556 1455 629 1519 quae
646 1453 703 1497 vos
722 1433 868 1522 amplexa
886 1434 995 1520 quieto

193 1547 300 1610 Prima
316 1546 407 1630 sinu3
426 1548 511 1610 refer
529 1563 561 1612 et
576 1546 707 1612 domitis
724 1569 741 1611 a
758 1548 932 1613 Colchidos
950 1550 1015 1612 oris

191 1661 288 1744 Vela,
302 1682 360 1749 per
378 1660 468 1725 hunc
486 1675 580 1726 utero
597 1682 694 1749 quem
713 1662 833 1750 linquis
848 1664 961 1728 lasona
980 1679 1126 1728 nostros

191 1774 243 1838 Sic
255 1775 317 1858 ait,
338 1775 499 1838 Haemonii
513 1775 624 1839 labens
641 1775 676 1837 in
693 1777 782 1874 colla!
790 1777 894 1840 mariti
908 1801 916 1840 ε

190 1889 258 1954 Nee
277 1891 387 1954 nunus
405 1891 537 1978 Orphea
551 1889 650 1954 tristis
667 1891 807 1972 cervice,
825 1907 963 1979 utaque,

190 2005 339 2086 AEacide‚
356 2020 389 2068 et
405 2005 536 2095 gemino
550 2005 668 2085 conjux
682 2029 700 2069 a
717 2008 849 2070 Castore
864 2005 995 2095 pendet.

233 2123 297 2186 Has
314 2121 400 2186 inter
417 2123 562 2186 lacrimas
579 2121 698 2211 legitur
712 2122 803 2211 piger
817 2144 922 2187 uncus
940 2125 1063 2189 arenis:

189 2240 258 2302 Jam
274 2239 356 2302 remi
370 2259 506 2326 rapuere
522 2253 640 2318 ratem,
651 2237 718 2318 jam
735 2235 864 2300 flamina
879 2253 1030 2325 portant3

188 2353 328 2442 Spumea
340 2351 550 2438 subsequitur
563 2351 715 2440 fugientis
731 2351 843 2415 semita
860 2353 948 2418 clavi.

175 2568 228 2614 tao.
245 2561 295 2606 Sim
307 2575 389 2628 comer.
400 2557 503 2620 Vulgari.
518 2560 552 2604 Sit
560 2527 640 2604 comes,
649 2560 714 2605 luat.
726 2557 779 2604 tlt.
789 2567 833 2604 etc.
843 2559 897 2606 vida
907 2562 984 2605 Bana.
997 2571 1047 2608 not.
1062 2563 1105 2608 En.

145 2747 221 2821 pylen
233 2747 341 2819 singulis
351 2750 481 2820 majorem
491 2746 564 2798 illam
576 2745 659 2817 pictu-
704 2749 758 2818 siren
777 2746 861 2815 prima
883 2758 909 2799 et
922 2747 1006 2800 amice
1024 2752 1139 2821 excepit;
1159 2765 1184 2805 et
1199 2775 1213 2806 a

145 2845 201 2881 ram
221 2827 428 2882 circumdedisse
447 2825 657 2878 existimaverim.
703 2823 830 2877 Colchide
843 2826 945 2891 redux,
960 2827 1054 2880 iterum
1067 2829 1101 2882 ad
1109 2849 1157 2883 nos
1171 2831 1215 2884 de-

145 2906 221 2960 Idem
234 2908 291 2960 lere
302 2905 432 2978 placuisse
447 2903 525 2956 rideo
537 2903 571 2956 cl.
587 2905 657 2955 Len·
703 2917 788 2968 verte,
807 2904 887 2976 idque
900 2919 961 2978 peto
974 2925 1021 2978 per
1034 2908 1129 2978 pignus
1144 2930 1214 2963 amo·

145 2987 184 3038 tio
204 2986 232 3038 iu
249 2990 340 3038 erlrlc't'r.
355 2989 545 3052 Anmerlnngea
560 3001 589 3033 zu
608 2985 655 3034 den
701 2983 751 3046 ris,
759 3003 807 3052 prr
819 2989 896 3046 hune,
910 3001 977 3037 ittera
991 3005 1061 3053 quem
1073 2991 1214 3055 linqra'sla·

145 3069 256 3134 epischen
269 3069 385 3117 Dichter-u
395 3067 440 3116 der
449 3069 545 3122 Rdrner,
554 3079 581 3133 p.
594 3077 655 3130 297,
701 3083 764 3114 sona
772 3066 914 3135 parvulum
924 3065 1083 3119 nastro.Vid.
1091 3068 1212 3138 Apollou.

145 3147 224 3216 quiet
234 3163 364 3216 gemmam
373 3143 464 3196 laudat
474 3141 656 3196 stoschianam
701 3143 731 3208 I,
747 3145 798 3212 898
809 3181 816 3206 ,
837 3157 863 3195 et
875 3145 978 3216 Virgilii
992 3143 1141 3210 Didonem,
1164 3150 1213 3210 lt',

148 3225 291 3278 exhibitam
309 3243 324 3276 a
340 3221 576 3293 Scblichtegrollio.
703 3225 754 3292 3²7
768 3235 794 3276 et
808 3243 881 3296 seqq.

183 3305 246 3368 418.
262 3301 407 3376 Cblamydi
424 3299 524 3353 dotium
543 3299 663 3372 adjungit
744 3307 805 3366 4²6.
824 3305 879 3356 Nee
894 3293 951 3355 sine
964 3303 1111 3356 lacrimulis
1125 3303 1214 3358 dimit-

149 3381 222 3436 aliud
243 3403 342 3443 ensem,
364 3397 446 3434 nomm
460 3384 549 3450 serens
565 3382 663 3446 insigne
706 3381 1216 3451 tunnnabaliisteminisorpteus,AEa-

150 3467 281 3522 Thoantis,
307 3463 382 3532 cujus
413 3462 508 3532 capulo
531 3457 663 3528 insculpta
706 3465 775 3511 eides
785 3460 851 3530 (h.l.
865 3466 1034 3523 Peleus,nam
1043 3463 1215 3516 ‘Telamonem

147 3555 250 3605 essesut,
268 3559 328 3612 quae
338 3539 371 3610 ad
389 3541 516 3592 familiam
530 3537 659 3590 Thoantis
707 3551 732 3592 et
742 3540 829 3610 ipsum
842 3539 976 3592 AEacidem
989 3560 1049 3593 cum
1060 3542 1174 3596 Hercule
1187 3545 1214 3595 iu

147 3623 288 3693 ipsumque
307 3629 473 3690 spectarent,
497 3617 543 3688 qui
564 3616 611 3667 tibi
631 3621 661 3667 sit
704 3619 764 3671 navi
775 3620 932 3672 remansisse
940 3619 1053 3672 vidimus
1064 3641 1089 3674 v,
1101 3624 1177 3691 384),
1189 3636 1214 3675 et

147 3701 194 3768 (sic
204 3700 310 3772 reposui
320 3718 369 3770 pro
381 3703 437 3755 sim.
448 3695 519 3768 qaod
530 3697 592 3749 ferri
601 3715 659 3768 pos·
704 3699 797 3749 Castor.

146 3781 178 3831 sit
188 3817 195 3843 ,
207 3782 230 3832 si
238 3780 419 3851 interpreteris
433 3796 439 3828 :
456 3794 519 3846 ego,
531 3776 549 3828 i.
566 3793 589 3828 e.
602 3795 658 3828 nie·
739 3777 937 3839 uastissima
948 3777 1155 3848 lacrimaspiger,
1167 3781 1213 3834 diu

147 3860 229 3911 moria
239 3860 292 3911 mei
306 3859 353 3910 tihi
365 3859 397 3910 sit
407 3873 511 3919 eomes;
525 3851 571 3908 sed
579 3855 659 3906 nimis
703 3855 817 3919 otiosas,
832 3877 925 3918 unciis,
949 3875 1063 3920 ancora,
1082 3865 1164 3912 arenis
1179 3867 1214 3912 le·

147 3943 279 4008 coactum)
292 3939 350 3989 belli
358 3953 548 4006 prigraaramqae
562 3953 657 3998 eomes,
701 3938 778 4002 gitur,
790 3935 913 3999 solvitur,
927 3948 952 3989 et
965 3937 1031 3988 remi
1043 3950 1069 3989 et
1081 3941 1151 3992 renti
1162 3940 1211 3991 im·

147 4033 224 4086 quem
234 4029 310 4087 pater
320 4018 353 4068 ab
364 4021 459 4068 AEtna’o
469 4019 523 4074 deo,
534 4012 658 4066 Vulcano
700 4013 804 4084 pellunt
818 4033 911 4066 navem
923 4035 930 4079 ;
946 4037 1045 4085 spumea
1066 4022 1214 4088 subsequitur·

147 4093 277 4166 (Euripid.
290 4094 363 4166 Cycl.
377 4096 437 4160 595,
449 4086 656 4163 ἅναξΑἷτναῖος),
693 4095 814 4162 firgiemis
823 4097 906 4146 sanita
915 4101 991 4160 clavi,
1002 4099 1211 4168 gubernaculum

149 4173 211 4224 olim
225 4174 297 4226 dono
315 4185 469 4244 acceperat,
485 4193 556 4226 nuno
576 4184 602 4223 te
615 4171 655 4224 di·
702 4173 780 4244 celeri
792 4177 977 4228 motusulcum
991 4177 1071 4230 trahit
1079 4197 1128 4248 per
1140 4197 1212 4229 mare

149 4271 225 4322 gnus.
236 4253 250 4304 Ι
262 4271 364 4306 mernor
376 4263 450 4306 terras
459 4291 467 4316 ,
477 4269 535 4324 quae
545 4263 570 4304 te
580 4257 659 4320 quieto
704 4271 839 4326 spumans.

257 4349 283 4413 I.
1002 4376 1039 4416 ro
