3198 5106
387 539 566 588 ccxxxvru
712 581 716 597 ,
786 511 1041 582 PRAEFATIO

431 682 443 706 n
457 646 566 732 Quid?
578 643 668 735 quod
681 643 722 708 N.
737 644 907 726 Heinsius,
925 643 1054 708 criticus
1068 644 1306 732 sagacissimus,
1319 660 1352 708 et
1362 643 1449 710 idem

386 771 508 844 «poeta
531 773 696 832 summus,
718 747 907 828 hujusmodi
928 749 1186 829 conjecturarum
1212 748 1352 838 (nempe
1375 773 1449 838 pra·

385 894 398 916 e·
412 856 551 944 varum)
587 856 713 944 copiam
740 853 866 918 effudit.
896 854 1026 918 Etenim
1042 853 1158 916 Valerii
1185 853 1289 919 Flacci
1309 855 1364 919 lib.
1379 857 1448 937 111,

385 1001 397 1024 ιι
416 968 492 1049 152,
506 966 665 1055 corrigere
678 963 875 1028 conabatur:

519 1157 537 1177 m
547 1131 635 1184 Currit
646 1128 731 1182 biems
742 1135 832 1188 Zeten,
842 1139 869 1180 et
879 1127 975 1179 Broten
985 1127 1138 1198 Abarinque
1147 1127 1282 1206 relinquit.

385 1289 450 1352 ..In
472 1308 538 1376 quo
553 1281 757 1364 bis-erravit,
770 1280 931 1367 primum,
948 1277 1039 1367 quod
1053 1281 1118 1360 Ze,
1139 1277 1273 1362 deinde,
1293 1282 1384 1369 quod
1396 1297 1450 1348 ten

386 1390 579 1480 «corripuit.
604 1390 648 1451 Ut
671 1387 758 1451 enirn
778 1385 900 1466 Graeci,
914 1395 1008 1459 bime,
1020 1394 1113 1458 Ζήτην,
1134 1387 1179 1451 sic
1200 1387 1321 1470 Latini,
1338 1389 1445 1468 Zetes,

387 1529 399 1554 t
414 1499 529 1576 Zeten,
545 1511 682 1582 utraque
698 1492 818 1581 syllaba
831 1489 1007 1580 producta,
1025 1492 1248 1578 pronuntiant.
1264 1495 1314 1560 Ne
1328 1495 1449 1560 multa:

388 1633 400 1658 «ι
413 1599 621 1666 scribendum
641 1619 715 1660 cum
729 1596 888 1677 Macerio,
903 1593 1005 1679 Zelyn
1013 1619 1026 1674 ,·
1038 1595 1084 1659 sic
1096 1597 1284 1684 Apollonius
1302 1598 1450 1664 Rhodius

374 1743 401 1766 ις
418 1710 535 1796 (quem
549 1704 694 1768 Valerius
712 1700 884 1790 sequitur),
897 1703 929 1784 I,
948 1704 1040 1786 1041,
1052 1719 1165 1770 vocat:

524 1879 536 1907 t
552 1846 615 1916 lidi
630 1858 812 1934 urycsspo'tmv,
830 1855 932 1930 beiden
949 1867 973 1911 τ’
992 1859 1094 1931 ίνάριξιν
1107 1847 1245 1925 Ἄκαστος,

527 1955 646 2015 «Πηλεὺς
662 1949 691 2006 dl
707 1953 778 2005 Ζίλον
795 1943 866 2004 nitu.

388 2137 399 2161 «ι
415 2105 466 2170 Sic
481 2103 565 2167 liber
581 2099 740 2164 Carrionis
756 2095 897 2160 exhibet.
913 2093 1005 2159 Idem
1022 2096 1136 2184 reponi
1154 2092 1299 2180 volebat,
1317 2099 1351 2180 1,
1369 2103 1451 2181 412,

532 2271 544 2294 ι
558 2247 653 2298 Pltleias
667 2241 806 2305 imminit,

391 2418 404 2441 u
417 2399 449 2446 et
472 2383 539 2460 lll,
560 2381 637 2462 149,

830 2501 842 2522 ι
853 2475 947 2529 Gravia
961 2475 1038 2528 irruit
1051 2473 1157 2528 Ochum

530 2597 542 2617 a
554 2572 649 2622 Plleias
659 2607 666 2634 ,
678 2577 704 2618 et
715 2563 872 2635 trepido.....

393 2747 406 2772 ι
420 2711 483 2779 Sed
499 2712 534 2775 in
552 2710 616 2773 hoc
633 2728 702 2771 uno
724 2705 782 2767 tria
801 2720 930 2791 peccata
942 2701 1090 2766 admisit:
1111 2725 1235 2783 unum,
1252 2704 1454 2794 quod'bisyl.

393 2819 528 2883 «labum
548 2812 684 2878 mutarit
704 2811 738 2874 in
764 2807 988 2897 trisyllabum,
1008 2829 1083 2870 nam
1106 2806 1224 2871 Grecis
1240 2826 1288 2872 est
1298 2822 1384 2882 ψλςίςς
1402 2811 1453 2875 bi·

393 2925 588 3015 «syllabum.
606 2917 798 3008 Apollonius
817 2914 981 2996 Rhodius,
996 2913 1026 2996 I,
1043 2911 1121 2994 115,

533 3041 642 3134 ιιῷλςίςις
657 3068 683 3125 d'
697 3068 752 3125 αὖτ’
769 3070 810 3124 lari
827 3074 903 3122 τοῖσιν
918 3052 1092 3139 dpurdupltltr
1107 3069 1196 3122 ἷκανιν·

395 3255 408 3280 ι
421 3222 589 3311 Orpheus,
605 3221 725 3305 Argon.
743 3229 820 3298 ¹9⁹⁹

536 3394 545 3414 t
562 3369 636 3429 Φλίας
652 3363 679 3418 δ’
693 3365 831 3436 lineium

398 3547 411 3572 t
423 3515 576 3590 alterum,
590 3505 679 3594 quod
692 3506 829 3592 primam
844 3503 997 3591 syllabam
1010 3506 1184 3593 produxit:
1203 3509 1351 3590 tertium,
1367 3509 1456 3597 quod

398 3618 570 3682 «ultimam
589 3609 763 3698 corripuit;
779 3633 815 3672 as
834 3610 921 3672 enirn
938 3610 1131 3698 producitur
1145 3636 1164 3676 a
1179 3614 1273 3678 bonis
1288 3615 1391 3702 poetis
1403 3614 1417 3703 (
1426 3639 1456 3681 r.

400 3757 413 3780 tt
424 3723 517 3788 Voss.
529 3720 568 3783 Α.
581 3717 619 3780 G.
633 3714 801 3803 11‚36);a
816 3715 905 3780 malis
918 3731 1025 3780 autem
1037 3718 1220 3806 corripitur,
1229 3719 1316 3782 velut
1325 3735 1458 3785 auctore

400 3860 412 3886 tt
427 3845 537 3893 versus
553 3823 594 3888 ab
608 3821 755 3911 Hygino,
769 3821 792 3886 f.
807 3842 881 3903 221,
895 3822 1085 3886 memorati:

539 4003 552 4023 2
563 3973 655 4028 Plures
669 3993 723 4027 eme
733 3973 816 4026 malos
826 3977 885 4025 Bias
895 3972 995 4027 indicat
1007 3974 1051 4028 ille
1064 3973 1194 4027 Prieneus.

401 4169 413 4192 tt
426 4133 499 4198 Vid.
509 4129 672 4211 Munclter,
687 4129 770 4193 Diss.
784 4128 825 4194 de
841 4129 959 4218 Hygin.
972 4151 1004 4216 p.
1017 4151 1047 4215 7.
1063 4127 1236 4191 Enimvero
1251 4126 1457 4194 scribendum

401 4239 548 4318 ..Ptltm
564 4237 671 4326 priore
687 4236 800 4324 longa,
818 4233 908 4323 quod
923 4234 974 4299 vel
985 4233 1178 4322 Apollonius
1191 4247 1224 4298 et
1238 4233 1389 4323 Orpheus
1405 4233 1460 4298 do·
