3198 5106
390 590 1451 614 mnssflhmfflmmmmmmfflmmm

502 811 555 930 J.
604 809 854 934 AGST.
885 807 1337 934 WAGNERI

678 1130 680 1134 ,
762 1075 1079 1144 PROOEMIUM

902 1269 951 1316 DE

561 1363 618 1535 c}
655 1433 972 1537 vanarn
1023 1431 1290 1535 relect

680 1663 796 1730 VITA
824 1663 886 1731 ET
915 1661 1161 1731 CARMINE.

804 1877 1041 1904 ιιι-*ιιι-

392 2030 501 2158 Qun
523 2068 669 2154 pluribus
686 2065 762 2129 olim
779 2065 855 2128 inde
871 2088 889 2129 a
905 2067 950 2129 M.
961 2066 1088 2130 Valerio
1103 2067 1265 2155 Poplicola
1276 2070 1398 2132 saeculis
1410 2069 1454 2132 ob

392 2195 442 2236 res
460 2173 610 2260 praeclare
626 2171 715 2235 domi
735 2172 919 2259 militiaeque
940 2189 1042 2259 gestas
1063 2172 1253 2236 inclaruerat
1270 2195 1349 2261 gens
1362 2176 1456 2238 Vale·

392 2280 456 2359 ria,
473 2299 540 2342 non
558 2277 703 2341 eamdem
719 2279 753 2340 in
769 2279 904 2366 singulis
921 2279 1048 2342 familiis
1061 2279 1225 2342 fortunam
1241 2296 1370 2366 experta
1392 2297 1453 2345 est.

300 2411 303 2416 ·
392 2385 538 2448 Messalis
555 2383 643 2447 enim
662 2404 765 2471 quum
781 2385 986 2473 contingeret
1001 2385 1175 2473 pristinum
1199 2385 1260 2448 sub
1277 2385 1454 2473 imperato·

392 2491 483 2554 ribus
502 2489 598 2578 primi
617 2513 686 2554 aerae
716 2489 906 2556 Christianae
933 2491 1040 2555 saeculi
1065 2488 1269 2580 splendorem
1300 2513 1453 2576 servare,

394 2617 580 2682 nomenque
591 2595 792 2658 Valeriorum
807 2595 848 2658 ad
863 2597 1099 2660 Diocletianum
1112 2594 1210 2676 adeo,
1227 2597 1454 2677 Constantios,

394 2702 645 2781 Constantinos,
664 2701 873 2788 Galeriosque
892 2723 1085 2789 propagare3
1106 2701 1210 2765 Flacci
1225 2717 1338 2765 contra
1360 2702 1453 2767 bellis

395 2805 540 2869 civilibus
555 2803 596 2868 ad
612 2804 840 2868 obscuritatem
856 2822 1053 2891 tenuemque
1069 2827 1203 2869 censum
1219 2804 1339 2870 redacti
1355 2823 1454 2894 atque

307 2904 309 2912 ’
395 2910 536 2996 depressi
551 2908 704 2973 ridentur
720 2910 851 2990 vixisse3
871 2933 937 2997 quo
953 2908 1094 2992 factum,
1113 2925 1168 2991 ut,
1185 2932 1251 2996 quo
1268 2927 1357 2997 patre
1374 2934 1451 3000 pro·

396 3032 512 3106 gnatus
530 3017 647 3098 fucrit,
665 3039 761 3104 quem
780 3017 889 3080 denuo
906 3017 940 3079 in
962 3017 1131 3105 publicum
1148 3017 1343 3099 emittimus,
1360 3036 1452 3106 poeta

397 3125 434 3186 C.
451 3123 614 3186 Venustus
634 3122 791 3198 Fuscus,
806 3123 900 3210 plane
912 3123 1110 3210 ignoremus.

439 3225 536 3292 Haud
549 3227 653 3290 multo
667 3227 802 3290 certiora
815 3242 911 3307 sunt,
929 3249 1000 3313 quae
1016 3224 1056 3290 de
1072 3227 1173 3314 patria
1187 3227 1255 3307 ejus
1269 3227 1451 3292 traduntur.

397 3331 496 3414 Quod
509 3332 535 3395 si
554 3332 639 3395 enim
653 3329 778 3394 codices
791 3353 981 3418 sequamur,
991 3333 1047 3418 qui
1062 3331 1096 3396 C.
1109 3332 1225 3396 Valerii
1237 3332 1340 3396 Flacci
1352 3334 1452 3398 Setini

394 3439 484 3501 Balbi
499 3460 621 3501 nomen
638 3436 700 3523 (de
717 3459 783 3524 quo
801 3436 881 3524 quid
895 3435 1102 3500 sentiendum
1119 3439 1177 3518 sit,
1193 3437 1265 3501 vide
1280 3441 1453 3502 Commen-

396 3544 514 3606 tarium
530 3543 570 3606 ab
588 3542 703 3629 initio)
718 3543 913 3630 praeferunt,
930 3544 1069 3624 Setiam,
1083 3545 1264 3630 Campaniae
1277 3543 1453 3632 oppidum,

395 3647 494 3710 hodie
519 3649 635 3728 Sezza,
655 3649 788 3737 patriam
813 3649 980 3737 agnovisse
1006 3648 1106 3712 videri
1127 3649 1231 3736 possit
1254 3665 1357 3737 poeta.
1385 3650 1454 3713 Nec

396 3753 507 3817 deesse
523 3755 641 3818 honori
655 3755 747 3817 istius
759 3755 847 3818 urbis
862 3753 959 3841 (sunt
975 3756 1061 3817 enim
1077 3753 1257 3840 cupidiores
1271 3754 1406 3816 omnino
1419 3755 1453 3817 iu

397 3858 574 3923 asserendis
594 3859 653 3922 sibi
678 3859 769 3922 claris
786 3859 862 3921 olim
888 3859 963 3922 viris
987 3859 1128 3922 civitates
1144 3857 1264 3942 ltaliae)
1282 3856 1385 3920 voluit
1401 3856 1453 3936 ju-

396 3965 608 4029 risconsultus
621 3965 761 4046 Setinus,
774 3980 883 4052 postea
894 3979 984 4053 pater
993 3979 1199 4051 purpuratus,
1208 3963 1275 4025 Pet.
1285 3961 1454 4027 Marcellus

396 4070 609 4152 Corradinus,
625 4073 788 4135 Valerium
811 4072 903 4135 Setiae
920 4069 1082 4136 vindicare
1104 4083 1239 4135 conatus
1261 4069 1295 4132 in
1312 4067 1396 4132 libro
1413 4067 1454 4132 de

396 4180 522 4245 civitate
545 4193 577 4240 et
595 4176 725 4240 ecclesia
742 4177 865 4258 Setina,
882 4180 1008 4256 Romae,
1026 4196 1126 4262 1702,
1141 4171 1247 4254 edito;
1261 4175 1453 4238 sententiam

397 4305 503 4351 tamen
521 4305 612 4349 suam
639 4305 706 4346 uon
729 4285 791 4347 nisi
807 4284 1023 4350 recentiorum
1049 4280 1294 4358 auctoritatibus
1318 4281 1456 4370 scripto·
