3246 5112
349 527 408 566 ron
468 501 519 567 IN
549 503 634 566 LIB.
659 499 855 564 PRIMUM
885 502 1279 569 ARGONAUTICON

345 615 416 669 mine
428 613 498 686 apud
509 614 644 668 Valerium
658 611 753 666 desunt
768 625 867 685 septem
879 627 956 681 sunt,
965 617 1086 670 Coronus
1102 615 1212 678 scilicet,
1225 616 1406 686 Enrydemu,

345 701 483 761 Laocoon,
495 698 612 769 Iphiclus
627 697 729 750 Thestii
743 697 831 763 filius,
842 699 1024 764 Palemonim,
1037 700 1146 762 Anius,
1160 703 1272 772 Augeae.
1291 703 1407 775 Apparet

344 801 402 834 eam
418 781 525 835 Valerio
542 794 655 834 mentem
675 781 774 845 fuisse,
789 792 818 833 ut
833 801 884 855 pro
898 782 1057 855 quibusdam
1068 783 1236 839 subobscuris
1255 784 1407 838 nominibus

344 865 442 938 inclyta
456 877 604 937 reponeret.

376 987 412 1038 V.
428 987 478 1055 489
485 1023 650 1038 ..........
666 989 735 1038 leuud
749 989 821 1037 aliter
832 990 908 1036 salnes
922 1000 1072 1054 vesanaque
1080 990 1174 1055 pernix

488 1077 595 1121 Venator
612 1089 684 1138 quum
704 1074 779 1121 lustra
790 1071 874 1139 firgit,
891 1073 1038 1138 dominoque
1054 1073 1174 1130 minentem

487 1159 562 1222 Urget
579 1173 681 1222 equum,
695 1169 790 1206 terrerem
801 1173 951 1223 compressus
965 1167 1063 1220 pectore
1074 1155 1148 1221 tigres

485 1243 552 1305 Quas
567 1253 622 1290 astru
635 1241 715 1308 rapuit
726 1242 834 1307 pauidor
851 1241 908 1288 dum
922 1255 987 1288 soeva
1002 1239 1091 1288 relictis
1321 1265 1330 1296 t

481 1327 561 1374 Mater
574 1327 600 1374 in
619 1327 721 1376 adverso
735 1326 820 1374 caudis
832 1336 940 1373 venamr
953 1327 1062 1372 Amano.

341 1424 472 1495 Singulari
484 1423 597 1477 artificio
605 1424 722 1496 perfectu
733 1435 771 1476 est
781 1422 825 1475 illa
838 1421 1010 1494 comparatio.
1019 1421 1120 1474 Acriter
1132 1437 1269 1493 expressus
1277 1435 1316 1473 est
1327 1441 1407 1475 veur-

343 1507 407 1560 toris
421 1525 506 1580 pavor
523 1507 631 1562 incitato
643 1526 713 1579 equo
729 1507 854 1578 fugientiu
869 1525 931 1560 cum
943 1505 1033 1578 preda
1047 1523 1054 1556 τ
1068 1519 1124 1558 tum
1138 1525 1221 1578 equus
1238 1505 1283 1558 ilie
1298 1505 1408 1558 domino

342 1603 461 1644 metuens
481 1591 609 1662 exquisito
626 1590 725 1644 effectu
741 1590 822 1662 plena
834 1590 991 1662 exoogitutio
1008 1601 1056 1642 est.

377 1675 454 1728 Mons
471 1677 589 1728 Amanus
607 1675 731 1746 frequens
752 1686 809 1728 eret
826 1674 899 1728 feris.
913 1674 1033 1736 Tullius,
1049 1691 1133 1744 quum
1153 1673 1250 1727 cilicie
1267 1674 1409 1745 provincie

343 1769 478 1830 preesset,
489 1757 763 1830 plurimarpantheras
775 1770 870 1812 venatu
883 1757 1028 1831 capiendas
1038 1759 1141 1810 curavit
1152 1795 1160 1820 ,
1172 1777 1237 1830 quus
1247 1757 1327 1810 Caelio
1338 1757 1409 1812 sedili

342 1840 429 1894 curuli
446 1839 567 1894 mitteret.
577 1839 644 1893 vide
657 1839 714 1894 Cic.
728 1841 811 1913 Epist.
828 1841 862 1895 nd
875 1843 940 1895 ium.
957 1843 999 1906 11,
1017 1860 1058 1894 rr.
1147 1887 1151 1894 .

377 1925 503 1977 Nonnulli
516 1922 612 1992 eruditi
629 1924 678 1978 viri
693 1938 789 1998 putent
806 1938 922 1979 montem
936 1928 1069 1978 Amanum
1088 1923 1221 1995 designari
1238 1923 1290 1977 hoc
1305 1923 1409 1977 Cantici

343 2006 506 2060 canticorum
517 2007 592 2071 loeo,
602 2027 661 2078 cap.
675 2009 762 2072 1v‚v.
776 2010 792 2062 8
804 2027 811 2060 :
826 2009 911 2061 «Veni
922 2009 956 2061 de
966 2008 1083 2070 Libano,
1098 2026 1194 2078 sponna
1209 2025 1268 2060 men
1278 2046 1286 2070 ‚
1297 2007 1359 2059 veni
1375 2005 1409 2059 de

344 2090 446 2144 Libano
460 2109 466 2142 :
477 2092 538 2144 veni
548 2130 555 2155 ‚
564 2094 731 2146 coronaberis
741 2091 867 2163 decapite
877 2096 993 2155 Amana,
1004 2090 1038 2144 de
1048 2091 1145 2144 vertice
1154 2091 1229 2144 Sanir
1239 2102 1265 2142 et
1275 2091 1408 2150 Hermon,

344 2173 377 2228 de
388 2175 518 2228 cubilibus
529 2177 634 2229 leonum
647 2215 654 2240 ‚
669 2175 702 2229 de
716 2177 848 2230 montibus
867 2175 1021 2248 pardorum.
1040 2199 1051 2219 ι

380 2305 414 2357 V.
434 2307 493 2359 5oo.
508 2311 581 2358 Panii
589 2328 668 2375 neque
684 2305 747 2358 eniri
760 2311 851 2376 probat
862 2311 912 2358 oria
921 2310 1045 2374 regni—
1056 2306 1157 2376 Jupiter
1171 2324 1225 2358 non
1242 2304 1301 2356 sinit
1312 2306 1409 2357 otiosos

345 2408 400 2445 esee
414 2389 555 2443 mortales:
571 2392 644 2462 juvet
657 2408 718 2442 eum
736 2390 865 2443 industrie
882 2406 940 2461 que
953 2401 1022 2442 artes
1034 2388 1135 2441 invenit
1147 2387 1311 2460 perficitque.
1332 2387 1410 2440 Hanc

345 2472 495 2542 opinionem
510 2472 645 2544 antiquum
661 2471 792 2542 preclaris
810 2473 925 2526 versibus
944 2473 1034 2525 extulit
1048 2472 1132 2525 latinu
1146 2489 1256 2546 poeseos
1271 2472 1409 2542 princeps,

346 2555 441 2627 Georg.
457 2556 502 2609 lib.
516 2557 547 2618 Ι,
559 2576 585 2608 v.
603 2573 671 2608 121:

488 2696 728 2708 ................
748 2671 815 2724 peter
825 2662 875 2723 ipse
887 2661 981 2708 colendi

479 2736 548 2784 lirnd
558 2737 650 2784 t‘ueilem
658 2751 708 2783 esse
716 2737 777 2784 riam
787 2736 875 2789 voluit,
886 2737 1021 2796 primusque
1029 2751 1073 2797 per
1082 2744 1156 2781 artem

484 2811 560 2857 Movit
569 2827 649 2873 agros,
658 2810 720 2858 euris
729 2825 814 2857 aenens
823 2810 930 2856 mortalia
939 2810 1010 2856 eorde
1021 2825 1027 2854 :

484 2887 532 2932 Neo
543 2895 636 2947 torpere
648 2885 713 2946 gravi
723 2901 804 2946 pessus
816 2901 857 2930 sur
868 2900 940 2946 regne
950 2894 1053 2931 veterno.

381 3006 415 3053 V.
431 3001 490 3054 510.
513 3006 568 3052 Non
583 3004 690 3069 improba
704 3005 755 3069 legi
773 3005 856 3054 Divitis
872 3021 932 3052 arva
940 3005 1035 3068 plagae.
1050 3031 1085 3040 --
1095 2998 1196 3052 Divitia
1210 2997 1329 3051 homines
1343 3017 1410 3070 stupe

347 3086 446 3137 fuciunt
455 3085 589 3156 improbos
603 3085 765 3157 injustosque
780 3103 786 3135 :
801 3085 846 3136 sot
859 3083 895 3135 ibi
907 3084 1027 3154 queritur
1039 3083 1190 3156 injustitiam
1201 3081 1353 3134 Graecorum
1364 3083 1411 3152 qui

347 3169 432 3223 filium
451 3189 529 3222 suum
540 3173 642 3222 AEetnm
662 3169 731 3222 bello
750 3169 885 3221 lacessant.
907 3169 966 3219 Vox
979 3172 1086 3236 improba
1105 3179 1189 3240 potest
1207 3165 1250 3220 hio
1263 3165 1411 3248 siguificare

348 3273 402 3321 puae
411 3257 528 3324 improbos
534 3255 645 3322 faciunt.

381 3391 414 3438 V.
431 3385 479 3438 511
487 3419 863 3436 ......................
882 3396 968 3432 tenant
982 3385 1100 3433 menime
1122 3387 1218 3442 Teucer,

488 3473 519 3518 m
530 3470 614 3532 Libys,
630 3468 740 3517 eruesti
757 3468 849 3534 Pelopis
867 3469 963 3516 domus.

350 3577 403 3622 vox
417 3573 487 3634 Libys
503 3579 588 3641 potest
604 3569 655 3620 hoe
672 3567 732 3620 loeo
750 3567 884 3638 genticum
902 3587 997 3620 nomen
1020 3586 1092 3632 esse,
1105 3579 1130 3620 et
1144 3568 1243 3620 incolas
1259 3566 1352 3621 Africa
1362 3565 1409 3620 de-

348 3654 466 3723 signare,
480 3648 704 3724 quemadmodum
721 3651 748 3702 in
764 3649 815 3704 hoc
832 3650 886 3705 Silii
904 3651 987 3704 Italici
1000 3671 1092 3715 versu,
1108 3652 1154 3704 lib.
1169 3652 1199 3715 1,
1215 3651 1286 3721 657:

485 3769 567 3816 Omnis
580 3769 610 3815 rb
622 3769 721 3816 sestit'oro
733 3771 811 3817 sitiens
822 3771 892 3830 Libye
905 3770 1011 3818 imminet
1022 3786 1079 3824 exe.

348 3878 393 3920 unt
406 3866 537 3936 privatum
555 3885 667 3930 nomen,
684 3867 750 3920 sicut
765 3880 790 3920 et
804 3869 906 3922 Teucer
923 3880 948 3921 et
960 3867 1057 3939 Pelops
1070 3868 1167 3939 quibus
1180 3866 1349 3939 adjungitur,
1364 3865 1410 3918 he-

349 3969 473 4022 roemque
489 3949 626 4022 designare
644 3971 659 4004 a
677 3971 731 4024 quo
748 3953 837 4025 Libye
851 3971 958 4005 nomeu.
979 3952 1116 4023 vulgatior
1130 3953 1200 4005 seme
1220 3946 1259 4004 est
1268 3952 1380 4022 Libyam
1396 3954 1411 4000 zi

349 4034 465 4106 quadum
480 4035 599 4107 nympha
613 4054 709 4088 nomen
723 4037 863 4108 accepisse.

384 4167 416 4226 V.
433 4163 482 4215 515
490 4198 688 4213 ............
708 4165 754 4212 sed
766 4165 827 4213 erube
843 4166 925 4230 rigens
946 4181 976 4212 ac
994 4163 1078 4211 nescia
1094 4179 1173 4210 rerum

417 4279 422 4286 -
489 4250 540 4296 Stat
552 4265 629 4313 super,
650 4261 672 4296 et
689 4259 782 4298 nostros
796 4251 852 4315 jum
871 4266 934 4298 zona
949 4247 1082 4298 reverberat
1099 4249 1178 4311 ignes.
