3116 5102
399 529 463 612 390
507 525 557 589 IN
588 525 673 588 LIB.
699 523 930 605 QUINTUM
961 524 1356 589 ARGONAUTICON

399 645 478 696 ulam
493 659 572 702 vero,
588 637 853 711 inquitWagnerus,
870 640 1037 710 pervenimus
1050 638 1084 692 ad
1102 657 1163 692 enm
1179 639 1307 692 meminis
1320 645 1406 695 sosoi
1424 645 1463 698 lo-

398 745 478 789 cum,
495 725 541 776 ubi
553 724 650 776 Medea
667 735 754 793 panes
771 740 847 794 agere
864 721 1007 794 prescipuas
1020 723 1121 793 incipit
1141 722 1219 776 Haud
1233 723 1317 776 dubie
1334 745 1398 778 reo
1415 727 1464 781 bac

398 809 514 862 maxime
523 808 550 860 in
561 819 636 878 parte
648 806 758 859 feliciter
768 808 915 861 elaborasse
927 818 1005 878 poeta
1019 805 1167 860 censendus
1180 818 1219 860 est
1231 845 1239 872 ,
1251 821 1305 860 tam
1319 809 1388 863 veris
1397 811 1463 864 rivi·

399 891 492 962 disque
505 889 637 942 coloribus
648 888 776 941 muliebre
789 888 909 961 depinxit
919 890 1055 960 ingenium
1066 889 1118 952 ,ita
1131 889 1167 942 ad
1177 901 1302 944 nansram
1315 911 1465 948 accommo-

399 974 460 1026 data
484 973 605 1044 exponit,
622 989 701 1043 quam
718 973 773 1026 rim
787 973 902 1026 habeant
920 991 1029 1038 murus,
1047 973 1145 1043 quibus
1156 974 1235 1027 nimis
1255 973 1462 1044 indulserimus,

399 1076 514 1130 pugnam
527 1057 650 1110 virtutem
662 1057 766 1108 interes
778 1055 945 1128 cupidinem,
959 1067 986 1107 et
998 1073 1051 1126 quo
1064 1055 1150 1108 delabi
1168 1056 1283 1123 semim,
1294 1060 1378 1110 semel
1392 1078 1463 1112 ams-

398 1141 444 1194 bili
466 1140 511 1194 illa
528 1140 691 1212 simplicitate
703 1141 814 1210 riteque
828 1139 978 1195 innocentia
993 1138 1129 1209 deposita,
1145 1141 1227 1192 semel
1243 1154 1325 1196 exuto
1344 1141 1462 1212 pudore,

399 1223 489 1295 possit.
502 1250 513 1271 .

435 1345 467 1394 V.
479 1345 537 1397 332.
547 1349 625 1412 Rapsa
637 1347 694 1394 soris
701 1383 708 1403 ,
716 1345 791 1411 primi
793 1346 869 1411 jubar
881 1344 1046 1408 adplacabile
1054 1345 1135 1392 Plsoeli

551 1431 620 1487 Ibat,
635 1441 658 1478 et
670 1431 806 1478 horrendas
820 1429 951 1476 lustrantia
956 1427 1065 1495 flumina
1075 1440 1167 1476 noctes.

399 1541 524 1595 Solebant
529 1540 638 1592 Veteres
647 1557 714 1611 aqua
724 1557 751 1590 se
760 1556 838 1590 mane
851 1539 958 1592 abluere
968 1579 975 1602 ,
987 1557 1070 1610 quum
1080 1558 1121 1592 res
1131 1551 1250 1608 posceret
1260 1580 1268 1606 ,
1278 1558 1311 1592 ac
1323 1543 1464 1611 praesertim

400 1635 459 1696 post
473 1624 582 1675 somnia.
597 1625 707 1686 AEneas,
720 1623 790 1693 apud
801 1622 956 1693 Virgilium,
970 1621 1107 1684 lib.VlII,
1129 1624 1181 1690 68,
1198 1642 1283 1693 quum
1292 1623 1425 1696 Thybrim
1439 1627 1463 1677 in

400 1726 492 1759 somno
504 1705 620 1770 vidisset,

567 1816 658 1876 Surgit,
674 1825 697 1862 et
707 1814 794 1862 atlierii
805 1823 911 1874 spectans
921 1813 1019 1859 orientis
1033 1815 1087 1859 solis

565 1890 673 1946 Lumina,
686 1891 729 1936 rite
740 1890 801 1935 casis
810 1887 896 1934 undam
906 1888 935 1933 de
947 1887 1042 1934 flumine
1054 1887 1136 1949 palmis

568 1965 671 2014 Sustulit.

398 2077 508 2148 Respicit
517 2077 587 2130 hunc
598 2097 697 2130 rnorem
712 2077 813 2129 Persius
826 2079 853 2128 in
865 2077 982 2148 sequenti
997 2078 1055 2128 loco
1065 2119 1072 2142 ,
1082 2078 1158 2130 Satir.
1173 2078 1200 2131 ll
1212 2117 1220 2140 ,
1235 2079 1282 2131 15:

570 2195 623 2238 llaec
632 2201 710 2236 sancte
720 2201 745 2236 ut
755 2205 848 2251 poscas,
858 2190 968 2237 Tiberino
978 2192 1002 2235 in
1013 2192 1105 2252 gurgite
1114 2191 1201 2252 mergis

568 2267 638 2312 blane
647 2275 718 2326 eaput
726 2266 761 2312 bis
770 2277 866 2327 terque,
875 2276 899 2313 et
908 2275 1001 2313 uocum
1013 2267 1107 2312 flumine
1118 2282 1220 2328 purgas:

401 2371 694 2442 EtPropertius,IV,4
704 2409 713 2435 ,
725 2373 775 2424 23:
841 2383 843 2388 '

567 2477 633 2536 Sapo
644 2475 683 2521 illa
693 2475 812 2522 immerita
823 2487 916 2522 ssnssts
927 2487 961 2523 est
974 2478 1051 2522 omina
1067 2480 1150 2530 liuuae,

602 2553 630 2596 llt
639 2549 684 2596 sibi
693 2551 831 2611 tinguendas
842 2551 900 2596 dixit
909 2554 931 2597 in
941 2567 1009 2598 amne
1018 2567 1103 2597 comas.

398 2659 466 2710 Vide
483 2657 616 2709 somnium
631 2655 794 2727 iphigeniae,
815 2621 886 2725 apud
898 2655 1015 2726 Euripid.
1034 2654 1119 2726 Ipbig.
1142 2656 1169 2706 iu
1184 2654 1299 2710 Taurid.
1324 2678 1350 2710 v.
1373 2659 1424 2724 43,
1445 2671 1467 2710 et

398 2741 528 2795 somnium
538 2739 756 2812 Clytemnestre,
766 2737 793 2789 in
802 2736 938 2808 Sophoclis
947 2737 1050 2790 Electra
1061 2775 1069 2799 ,
1081 2756 1105 2789 v.
1119 2743 1167 2800 401
1184 2747 1210 2788 et
1224 2743 1288 2808 ⁴²7·

433 2862 467 2914 V.
478 2863 537 2926 344.
547 2865 632 2912 Florea
638 2879 685 2930 per
695 2863 768 2911 verni
780 2861 860 2924 qesalis
867 2862 930 2926 juga
942 2863 1015 2909 duxit
1025 2862 1142 2924 Hymetti,

546 2951 596 2996 Aue
607 2946 689 2994 Sicula
698 2947 741 2994 sul
751 2959 809 3012 rupe
820 2945 920 3005 choros,
933 2944 989 2992 lrlne
1000 2945 1120 3010 gressibus
1132 2946 1228 2994 haerens

542 3031 674 3087 Pallados,
686 3030 742 3077 dinc
756 3025 823 3075 carce
833 3025 975 3091 Proserpina
982 3028 1072 3093 juncta
1086 3027 1183 3076 Dianoe.

397 3141 456 3194 Non
475 3140 607 3191 immerito
630 3139 739 3192 niolam
759 3151 783 3190 et
805 3137 913 3190 Pallada
936 3139 1044 3190 comites
1064 3137 1228 3208 Proserpinae
1253 3139 1322 3192 lacit
1332 3140 1466 3204 Valerius,

397 3223 495 3295 quippe
511 3240 576 3292 quas
591 3221 684 3273 fabulae
699 3221 785 3273 lerunt
800 3219 879 3273 simul
893 3240 954 3273 cunr
969 3221 1041 3273 eain
1057 3221 1145 3274 Sicilia
1157 3219 1286 3275 educatae
1299 3223 1402 3288 brisse3
1416 3225 1466 3278 vid.

397 3303 507 3357 Diodor.
522 3302 600 3356 Sicul.
617 3304 663 3355 lib.
672 3303 709 3366 V,
725 3323 752 3374 p.
772 3321 830 3356 ooo.
850 3303 947 3358 Statius
967 3307 1073 3376 quoque
1083 3305 1268 3372 Proserpinam
1280 3344 1287 3369 ,
1300 3307 1411 3361 Pallada
1424 3347 1431 3370 ,
1445 3321 1468 3360 et

398 3390 506 3440 Dianam
516 3389 620 3461 jungit,
634 3387 729 3439 Achill.
744 3387 789 3449 ΙΙ,
807 3387 870 3440 150:

569 3523 575 3534 .
586 3523 590 3533 .
602 3523 606 3533 .
617 3524 622 3534 .
633 3487 717 3548 unalis
729 3487 811 3533 Siculae
823 3489 867 3534 sub
878 3489 976 3549 rupibus
987 3491 1065 3534 nessa

564 3562 649 3608 Naides
658 3563 749 3608 Enneas
759 3562 819 3608 iuter
829 3562 919 3616 Diana,
931 3561 1044 3623 ferorque

565 3638 653 3689 Pallas,
664 3645 688 3682 et
696 3635 767 3695 Elysii
775 3637 869 3683 lucebat
879 3651 964 3699 sponsa
973 3637 1075 3696 tyranni.

394 3747 556 3802 Claudianus
569 3748 606 3800 ait
620 3745 822 3818 Proserpinam,
836 3746 920 3798 Diana
934 3757 959 3797 et
972 3745 1081 3798 Pallade
1093 3747 1254 3814 comitibus,
1270 3749 1469 3810 ambulantem,

395 3851 410 3882 a
420 3830 531 3882 Plutone
540 3841 644 3901 raptam
659 3829 739 3881 luisse
749 3867 757 3890 ,
769 3828 803 3881 de
813 3830 896 3900 Raptu
911 3828 1033 3899 Proserp.
1048 3829 1092 3890 Π,
1108 3829 1153 3881 36;

563 3942 626 3999 Quas
637 3941 698 3987 iuter
709 3939 800 3986 Cereris
810 3940 901 4000 proles,
914 3953 978 3986 nunc
987 3939 1063 4000 gloria
1073 3939 1168 3993 matris,

565 4017 622 4060 Mox
632 4014 712 4068 dolor,
721 4013 804 4074 equali
813 4013 887 4059 tendit
897 4029 940 4074 per
952 4013 1058 4074 gramina
1067 4029 1153 4076 passu,

562 4091 611 4137 Nec
622 4089 734 4135 membris
742 4104 786 4134 nes
795 4089 883 4135 bonore
893 4088 983 4142 minor,
993 4090 1116 4151 potuitque
1126 4088 1200 4134 rideri

562 4164 644 4216 Pallas,
660 4163 812 4224 siolypeum,
827 4163 846 4208 si
856 4162 927 4210 lsrrst
935 4163 1036 4225 spicula,
1046 4163 1138 4210 Phobe.

390 4297 424 4308 -
437 4271 518 4318 Sicula
528 4285 598 4333 rupes
619 4284 694 4318 mons
710 4279 748 4318 est
765 4267 792 4317 in
803 4284 858 4337 quo
869 4267 954 4336 posita
964 4279 1020 4320 erat
1030 4269 1093 4321 urbs
1104 4267 1196 4330 Enna,
1209 4270 1288 4339 juxta
1297 4289 1384 4341 quam
1394 4282 1466 4342 rapta
