3192 5128
353 551 409 600 cvr
660 515 811 584 PETRI
837 515 1111 586 BURMANNI

354 658 429 738 cui,
448 669 487 717 ut
508 651 543 714 in
561 650 695 735 laqueos
716 643 824 727 cadat,
849 645 946 710 offert
965 662 998 710 et
1017 646 1152 710 suscitat
1174 665 1325 729 cervum,
1346 647 1421 735 qui,

352 764 443 829 velut
461 769 669 834 mansuetus,
685 752 776 816 lento
792 750 896 840 gradu
910 750 1115 840 ingrediens,
1133 753 1239 841 Hylan
1255 752 1370 819 invitat
1381 754 1422 818 ad

354 861 615 955 insequendum,
628 858 848 950 paulatimque
860 880 937 922 eum
950 881 990 922 ex
1002 859 1104 924 oculis
1117 859 1266 924 Herculis
1279 858 1422 941 abducit,

353 978 460 1044 donec
471 971 512 1037 ad
522 991 651 1035 amnem
661 967 822 1056 Nymphas
833 967 1038 1055 perveniens,
1049 988 1117 1030 uno
1129 967 1211 1030 saltu
1222 989 1299 1030 eum
1308 969 1424 1032 transi-

352 1084 454 1162 liens,
470 1099 563 1168 spem
578 1073 670 1164 pueri
682 1072 794 1138 eludit.
809 1071 912 1148 Puer,
928 1072 1032 1136 fessus
1047 1095 1165 1154 cursu,
1180 1073 1369 1160 procumbit
1381 1073 1422 1138 ad

354 1207 502 1266 amnem,
522 1198 560 1246 ut
579 1181 666 1246 sitim
682 1178 791 1261 sedet;
810 1177 1002 1244 inclinatum
1021 1194 1132 1243 autern
1142 1178 1294 1268 Nympha
1314 1179 1422 1245 detra·

315 1328 320 1348 .
353 1295 412 1358 bit.
425 1289 579 1358 Hercules
592 1286 724 1352 interim
735 1285 906 1350 arboribus
923 1283 1097 1350 evellendis
1110 1303 1301 1373 occupatus,
1319 1286 1423 1351 credit

352 1401 458 1488 Hylan
475 1397 538 1460 alio
557 1393 635 1458 calle
651 1413 837 1471 reversum,
853 1391 989 1480 etipse,
1008 1391 1159 1456 confecto
1174 1391 1235 1456 sibi
1251 1415 1362 1474 remo,
1379 1392 1419 1457 ad

352 1506 458 1571 socius
480 1498 674 1591 regreditur.
693 1499 807 1582 Quum
829 1514 940 1562 autem
961 1497 1067 1586 Hylan
1085 1519 1151 1561 non
1169 1499 1342 1588 reperiret,
1358 1500 1421 1564 ite·

351 1635 427 1677 rum
442 1611 477 1673 in
494 1608 606 1672 silvam
626 1604 808 1686 revertitur,
830 1620 863 1668 et
878 1625 1011 1671 omnem
1030 1605 1156 1668 ululatu
1172 1622 1205 1670 et
1225 1607 1421 1672 clamoribus

351 1718 482 1805 implet,
499 1733 603 1801 quum
618 1710 749 1775 interim
763 1710 867 1774 ventis
879 1708 1031 1774 secundis
1044 1707 1197 1776 flantibus
1211 1711 1291 1775 socii
1303 1711 1422 1777 vellent

350 1825 421 1889 vela
436 1820 532 1902 dare;
548 1816 606 1882 sed
622 1817 787 1883 absentem
804 1837 918 1879 omnes
935 1816 1109 1880 Herculem
1126 1816 1274 1904 lacrymis
1290 1832 1323 1880 et
1337 1817 1421 1881 votis

350 1942 537 2018 reposcunt.
566 1925 654 1988 luno
676 1923 813 2003 iterum,
830 1923 962 1986 Herculi
983 1922 1127 2004 infensa,
1149 1937 1264 1986 ventos
1282 1923 1423 1987 ferentes

351 2039 485 2117 excitat,
504 2050 537 2097 et
553 2053 595 2096 ne
619 2029 756 2116 amplius
780 2051 905 2094 moram
929 2029 1051 2092 ferrent
1071 2031 1284 2118 Argonautae,
1304 2029 1418 2094 efficit:

351 2164 459 2230 neque
475 2138 619 2226 Tiphys,
635 2135 694 2222 qui
710 2133 862 2222 magister
877 2147 945 2196 erat
966 2132 1097 2214 oennae,
1115 2132 1241 2198 desinit
1255 2135 1422 2222 increpare

352 2247 482 2314 desidias
503 2260 537 2308 et
558 2241 693 2331 ignaviae
714 2240 828 2304 socios
846 2239 911 2302 Tot
928 2239 1084 2302 machinis
1102 2255 1305 2329 expugnatus
1323 2241 1420 2305 lason

351 2353 485 2418 demum
509 2345 550 2412 ad
572 2345 679 2410 socios
701 2345 815 2424 refert,
834 2365 875 2406 an
897 2341 1086 2406 abeundum
1102 2365 1172 2408 esse
1189 2361 1360 2428 censeant,
1378 2368 1421 2409 an

349 2455 499 2526 Herculis
517 2473 612 2518 causa
634 2450 757 2515 diutius
778 2447 995 2514 morandum?
1011 2448 1177 2514 Scinditur
1191 2450 1348 2529 juventus
1367 2474 1423 2516 va·

350 2563 407 2630 riis
427 2558 559 2647 studiis,
583 2572 615 2620 et
632 2554 782 2645 plurimi,
800 2554 858 2642 qui
880 2577 914 2618 se
935 2556 1075 2620 Hercule
1099 2578 1169 2620 non
1188 2556 1357 2620 inferiores
1373 2557 1422 2636 ja»

351 2683 462 2747 ctant,
486 2666 570 2730 inire
598 2663 664 2726 vias
688 2662 813 2726 volunt.
841 2661 979 2725 Alterius
1004 2661 1156 2727 factionis
1175 2661 1243 2728 dux
1264 2663 1421 2728 Telamon

351 2795 479 2840 summa
495 2793 558 2860 cpe
575 2767 756 2847 obnititur3
773 2765 831 2830 sed
853 2787 871 2828 a
887 2766 1051 2856 Meleagro
1073 2783 1107 2830 et
1127 2767 1251 2855 reliqua
1271 2769 1421 2833 multitu·

351 2880 428 2946 dine
446 2879 551 2943 victus
573 2876 691 2952 Iason,
713 2869 845 2935 tandem
870 2871 998 2960 cogitur
1022 2872 1161 2936 Hercule
1184 2874 1297 2938 relicto
1320 2874 1420 2939 abire.

350 2986 456 3066 Vide,
483 2983 529 3046 mi
551 2981 672 3059 lector,
698 2993 822 3065 quanto
846 2975 996 3065 ingenio,
1015 2992 1049 3040 et
1070 2999 1168 3064 quam
1190 2979 1275 3042 felici
1296 2979 1422 3059 judicio

352 3093 485 3157 Flaccus
500 3101 632 3176 superet
645 3083 873 3171 Apollonium,
895 3083 952 3169 qui
972 3099 1085 3146 eontra
1106 3105 1239 3148 omnem
1260 3087 1329 3150 veri
1346 3109 1421 3174 spe·
1506 3138 1508 3142 .

353 3190 443 3262 ciem
456 3197 658 3282 Argonautas
678 3186 796 3274 cupide
813 3187 987 3251 Herculem
1006 3186 1185 3253 deseruisse
1202 3189 1313 3280 fingit,
1329 3194 1420 3256 laso-

353 3322 429 3366 nem
455 3322 524 3365 non
551 3296 691 3361 multum
715 3292 864 3356 Herculis
891 3314 1001 3358 caussa
1026 3294 1220 3377 sollicitum,
1242 3297 1421 3384 etreliqua

353 3405 468 3497 frigide
489 3399 666 3467 admodum
687 3413 720 3461 et
738 3398 847 3478 jejune
863 3399 1060 3486 exsequitur.
1077 3402 1195 3466 Valerii
1212 3401 1299 3466 fictio
1312 3404 1420 3467 omni·

351 3513 416 3578 bus
432 3510 576 3574 numeris
589 3506 755 3585 absoluta,
773 3520 805 3568 et
820 3505 943 3592 poetica
958 3507 1110 3594 gravitate
1124 3508 1219 3596 plena
1234 3525 1291 3572 est.
1309 3510 1420 3573 Iamsi

350 3621 438 3708 ipsos
454 3636 566 3680 versus
581 3611 686 3676 Flacci
701 3610 835 3699 singulis
849 3611 1012 3699 Apollonii
1028 3635 1195 3702 opponere
1211 3615 1342 3696 liberet,
1356 3637 1421 3678 ma-

353 3726 401 3816 gis
425 3721 516 3788 latini
538 3719 618 3784 vatis
640 3717 826 3783 excellentia
848 3718 998 3783 eluceret.
1021 3721 1106 3785 Huic
1130 3722 1225 3785 etiam
1245 3720 1420 3810 adjungere

351 3849 521 3920 possemus
537 3841 700 3890 certamen
716 3824 832 3912 Amyci
846 3841 879 3888 et
891 3824 1050 3908 Pollucis,
1067 3843 1100 3891 et
1112 3826 1302 3910 ostendere,
1321 3849 1420 3915 quam

352 3936 469 4001 misere
480 3949 513 3997 et
524 3933 632 4020 inepte
643 3930 835 4018 Apollonius
847 3931 882 3994 in
894 3952 934 3996 eo
944 3947 1136 4020 argumento
1149 3949 1306 4016 versetur,
1321 3956 1420 4022 quam

353 4043 479 4134 egregie
493 4057 603 4105 autem
615 4055 646 4104 et
657 4038 831 4104 liberaliter
837 4039 969 4104 Flaccus
984 4040 1045 4105 hos
1057 4040 1191 4106 athletas
1202 4043 1421 4123 commiserit,

353 4167 385 4214 et
408 4147 612 4214 verissimum
640 4144 762 4209 barthii
781 4143 963 4228 judicium,
988 4146 1080 4234 quod
1106 4147 1159 4211 ille
1184 4147 1225 4212 ad
1254 4148 1335 4214 Stat.
1356 4149 1419 4226 vl,

353 4256 456 4320 Theb.
476 4254 542 4343 746
552 4301 561 4336 ,
579 4252 706 4334 tulerit,
724 4275 813 4338 esse,
829 4250 1052 4318 demonstrare
1070 4275 1259 4342 possemus3
1278 4255 1336 4320 sed
1351 4254 1422 4318 haec
