3198 5106
370 495 629 572 PRAEFATIO
657 505 905 575 SECUNDA.
1065 531 1171 578 ctxxt

96 629 185 697 nihii
198 632 391 722 praetermisi
406 631 525 697 laboris
542 649 575 697 et
590 633 774 716 industria,
788 657 850 722 qua
873 636 906 698 in
928 634 1054 702 abditos
1072 655 1174 727 ροοιω

97 763 220 805 sensus
232 756 453 827 penetrarem,
465 755 499 803 et
509 739 685 804 faciliorem
693 740 988 830 iucundioremque
997 745 1066 824 ejus
1076 767 1174 812 usum

97 847 184 910 mihi
205 862 240 911 et
255 845 433 914 lectoribus
450 847 606 912 iacerem:
618 861 651 911 et
667 867 770 935 quum
788 869 917 929 omnes,
935 871 1014 936 ques
1032 855 1173 918 nancisci

97 952 212 1033 licuit,
225 951 387 1017 editiones
402 952 632 1034 contulissem,
645 951 702 1016 has
718 952 751 1014 in
768 968 897 1040 poetam
912 955 1066 1020 eximium
1081 975 1173 1023 notas

98 1057 237 1124 andem
251 1055 428 1132 elaboravi,
441 1073 508 1122 non
522 1079 592 1122 uno
604 1058 719 1145 spiritu
733 1073 766 1122 et
777 1060 932 1124 continua
944 1064 1154 1130 contentione
1166 1114 1176 1147 ,

100 1164 161 1230 sed
179 1166 241 1229 ubi
266 1163 308 1228 ab
332 1163 401 1228 aliis
422 1163 561 1251 negotiis
579 1164 683 1227 otium
704 1163 947 1228 concederetur.
967 1169 1016 1230 An
1039 1187 1172 1236 ervom

100 1270 298 1336 successerit
313 1289 409 1352 cura,
425 1269 493 1333 aliis
507 1268 753 1349 dijudicandum
772 1271 939 1358 relinquo,
954 1273 1010 1360 qui
1024 1295 1091 1338 non
1108 1297 1176 1340 ma·

102 1375 223 1466 gnifioe
239 1375 374 1440 dardeis
388 1375 560 1440 conatibus
575 1376 695 1439 sentire
709 1376 816 1458 soleo,
827 1391 859 1440 et
871 1377 898 1440 sl
911 1376 992 1464 quid
1000 1380 1175 1470 voluptatis

103 1503 143 1546 ex
153 1502 243 1546 nova
255 1491 371 1544 etrera
382 1475 514 1544 obscuri
526 1480 590 1544 loci
603 1480 869 1568 interpretatione
880 1484 1096 1570 perceperim,
1107 1507 1175 1550 non

104 1587 216 1650 mnus
226 1583 337 1648 adhuc
348 1583 470 1648 doloris
482 1584 590 1673 capio,
601 1582 691 1672 qtrod
704 1599 754 1648 tot
765 1585 934 1672 depravata
948 1602 981 1652 et
991 1586 1176 1656 difficillima

104 1706 211 1779 pocta
234 1688 339 1754 nostri
362 1689 504 1752 carmina
528 1687 676 1753 noudum
695 1705 770 1777 post
791 1705 841 1753 tot
857 1708 949 1755 curas
968 1708 1024 1756 aut
1038 1694 1177 1760 medita·

105 1797 231 1878 dones,
245 1795 321 1859 licet
335 1794 466 1884 longas,
479 1815 498 1858 a
511 1813 568 1858 me
579 1794 758 1875 intellecta,
770 1793 968 1860 felicioribus
982 1815 1016 1864 et
1029 1797 1181 1864 doctiori·
1233 1867 1235 1872 ,

107 1901 169 1966 bus
186 1899 359 1966 enodanda
374 1900 558 1988 relinquere
574 1915 705 1963 coactus
722 1900 850 1965 fuerim
868 1899 907 1964 ld
920 1921 999 1966 vcro
1014 1903 1047 1966 in
1064 1905 1176 1991 primis
1235 1882 1237 1891 ,

107 2023 240 2096 operam
264 2005 358 2087 dedi,
378 2027 421 2069 ue
445 2005 605 2070 temerarii
628 2006 728 2069 critici
753 2021 865 2070 notam
888 2008 1099 2091 sustinerem,
1121 2027 1178 2075 aut

108 2114 311 2194 conjecturas
333 2111 419 2175 leves
442 2125 475 2174 et
496 2109 735 2197 incertas(quo
759 2109 876 2176 morbo
901 2111 1070 2178 Heinsium
1094 2135 1177 2203 sepe

109 2220 269 2284 laborasse
286 2216 397 2308 negari
415 2237 483 2282 nou
502 2215 627 2305 potest)
646 2215 760 2280 lectori
775 2216 1001 2301 obtruderem;
1017 2220 1075 2290 sed
1093 2242 1177 2308 quo·

108 2323 454 2414 uaecumqucvulgatae
465 2339 540 2388 ante
553 2323 708 2388 lectiones
717 2323 922 2389 commodam
932 2326 1177 2414 explicationem

109 2434 308 2521 reciperent,
325 2453 379 2495 eas
397 2452 522 2496 serrare
540 2445 572 2494 et
589 2431 749 2495 illustrare
767 2432 946 2496 maluerim.
960 2433 1024 2498 Sed
1040 2434 1125 2516 haec,
1140 2451 1178 2500 ut

110 2540 217 2602 omnia
228 2553 356 2618 noum,
369 2537 528 2601 lectorum
537 2535 661 2615 judicio
674 2536 911 2625 permittimus,
923 2539 1045 2604 conscii
1058 2539 1177 2605 laboris

110 2661 142 2710 et
152 2643 389 2724 molestiarum,
398 2663 478 2730 quas
489 2643 524 2705 in
537 2642 600 2705 hoc
610 2657 743 2706 attctore
756 2641 876 2730 experti
890 2663 1013 2708 sumus.
1028 2645 1177 2710 Subsidia

109 2769 202 2832 rm,
216 2769 290 2838 quae
304 2747 399 2811 nobie
412 2747 453 2812 ad
466 2767 600 2811 manum
613 2746 704 2809 luere
714 2793 723 2826 ,
735 2767 802 2809 non
817 2747 917 2810 multa
931 2748 1045 2830 luisse,
1058 2749 1176 2814 fateor:

109 2871 224 2944 preter
236 2854 327 2918 enim
342 2852 499 2917 ediuones
513 2849 613 2914 modo
627 2866 848 2933 enumeratos,
861 2871 956 2939 quas,
968 2867 1084 2939 praeter
1097 2853 1177 2919 duas

110 2977 213 3026 tresve
228 2958 486 3046 antiquissimas,
498 2971 573 3020 ente
587 2956 700 3020 oculos
716 2977 842 3043 semper
857 2953 1049 3037 habuimus,
1064 2973 1097 3021 et
1110 2960 1177 3022 col-

111 3067 245 3130 lationes
261 3063 344 3129 MSS
360 3063 510 3128 codicum
522 3109 531 3144 ‚
545 3083 628 3149 quos
644 3061 795 3128 Heinsius
810 3061 990 3143 consuluit,
1004 3083 1072 3126 non
1087 3062 1179 3128 licuit

112 3173 253 3238 multum
267 3167 378 3236 auxilii
392 3171 433 3234 ab
446 3170 514 3234 aliis
527 3167 693 3232 codicibus
708 3183 835 3254 petere,
848 3187 951 3254 quum
962 3168 996 3230 in
1008 3166 1180 3232 bibliothe-

111 3279 172 3360 cis,
187 3279 285 3345 edam
299 3275 575 3357 instructissimis,
588 3273 740 3338 rarissimi
755 3272 835 3354 sint,
849 3287 887 3336 ut
903 3294 942 3336 ex
957 3273 1081 3338 Heinsii
1095 3293 1178 3362 prae·

113 3383 234 3448 latione
257 3384 372 3471 liquet.
395 3382 508 3446 Unum
533 3380 764 3460 adhibuimus,
788 3377 845 3442 sed
869 3399 977 3466 neque
998 3393 1178 3461 vetustum,

115 3511 220 3577 neque
240 3487 334 3553 valde
359 3503 565 3567 aceruatum,
590 3483 682 3563 cujus
707 3505 805 3548 usum
835 3499 910 3546 ante
932 3483 1048 3572 viginti
1074 3503 1178 3549 annos

112 3594 242 3684 quidam
258 3592 355 3659 nobis
369 3591 547 3674 concessit,
563 3605 595 3654 et
609 3613 647 3654 ex
661 3610 728 3677 quo
740 3586 842 3652 varias
856 3587 1011 3675 quasdam
1023 3589 1178 3654 lectiones

112 3701 340 3789 excerpsimus.
354 3699 494 3764 Alterim
511 3711 659 3786 excerpta
671 3693 712 3758 ad
726 3712 786 3758 uos
800 3694 887 3757 misit
900 3695 1179 3782 prestantissimae

111 3805 178 3887 vir,
193 3805 388 3870 Dominicus
407 3793 588 3884 Ferramus,
609 3801 666 3889 qui
684 3799 825 3863 Londini
842 3819 953 3862 curam
971 3798 1036 3887 agit
1055 3800 1179 3864 instru-

111 3911 263 3975 ctissime
277 3910 500 3991 bibliothece,
511 3929 609 3997 quam
623 3903 792 3970 rarissimis
807 3903 914 3985 libris,
927 3903 1074 3990 undique
1087 3906 1180 3972 colle·

111 4017 186 4099 ctis,
201 4019 330 4081 ornavit
342 4017 392 4080 vir
404 4015 536 4084 ilhastrit
553 4014 689 4080 Thomas
714 4009 811 4090 Coie,
829 4010 881 4073 cui
905 4031 944 4073 eo
969 4011 1103 4074 nomine
1126 4031 1177 4076 me

112 4123 252 4189 malmin
264 4123 452 4188 deriocmm
465 4141 534 4188 esse
545 4117 709 4209 profiteor.
720 4115 886 4180 variantes
897 4115 993 4180 etiam
1005 4116 1184 4196 lectiones,

110 4227 167 4291 sed
187 4248 324 4316 paucas,
344 4249 445 4292 manu
457 4225 621 4292 Theodori
640 4219 776 4305 Groerii,
792 4222 886 4285 amici
908 4221 984 4284 olim
1007 4237 1040 4285 et
1061 4220 1178 4284 sodalis

1004 4325 1040 4390 k.
