3196 5120
376 513 438 576 226
675 511 710 572 C.
734 509 932 576 VALERII
959 512 1137 578 FLACCl

416 643 489 707 Vox
504 641 584 705 mihi
601 642 750 706 mentitas
771 643 880 706 tulerit
894 644 1048 718 Parnasia
1066 662 1186 710 sortes:

415 759 553 846 Agmine
571 755 613 821 de
630 773 722 838 toto,
740 758 847 822 socius
864 759 922 844 qui
940 760 1098 824 maximus
1114 763 1210 824 armis

415 870 564 952 Alloret,
578 871 668 940 bunc
683 871 769 936 Iovis
786 871 929 959 imperiis
948 873 1080 959 fatoque
1100 875 1218 956 teneri,
1403 904 1441 940 cm

416 989 502 1050 Ante
518 985 734 1073 procellosum
753 985 895 1072 scopulis
913 985 1095 1051 errantibus
1114 990 1240 1076 aequor!

413 1101 483 1165 Nec
499 1099 578 1164 dum
596 1099 681 1164 fama
696 1099 773 1179 viri,
790 1121 851 1163 nec
866 1099 985 1163 certior
1000 1101 1120 1166 exstitit
1138 1119 1261 1169 auctor.

413 1217 536 1279 Verum
554 1215 657 1302 agite,
672 1230 722 1294 et,
735 1213 843 1278 dubiis
862 1215 987 1277 variant
1002 1215 1077 1302 quia
1096 1233 1227 1304 pectora
1246 1223 1349 1304 curis,

414 1329 598 1409 Consulite,
611 1345 663 1408 et,
675 1329 771 1392 motis
787 1351 844 1392 seu
860 1351 918 1392 ros
935 1330 987 1393 via
1001 1327 1127 1395 flatibus
1146 1349 1255 1420 urget,

411 1446 557 1534 pergite,
575 1459 608 1508 et
623 1443 769 1532 inceptos
788 1465 915 1508 mecum
933 1461 1081 1509 revocate
1097 1446 1241 1528 labores;
1398 1475 1435 1512 ms

407 1561 477 1626 -Seu
493 1561 602 1648 plures
622 1559 757 1622 tolerare
777 1581 902 1640 moras,
916 1583 1093 1648 rursusque
1111 1563 1303 1651 propinquis

410 1674 604 1757 Quaesivisse
617 1673 717 1762 jugis,
731 1674 872 1760 pretium
890 1674 978 1739 haud
992 1677 1062 1740 leve
1077 1678 1230 1765 temporis
1245 1681 1306 1744 acti
1318 1711 1341 1742 n.

455 1789 607 1870 Dixerat,
627 1803 659 1851 et
677 1786 792 1852 studiis
808 1788 873 1866 jam
894 1787 1021 1853 dudum
1033 1791 1114 1854 freta
1127 1791 1282 1871 juventus

410 1908 490 1970 Orat
506 1905 589 1967 inire
604 1903 686 1984 vias3
705 1925 810 1967 unum
829 1919 920 1966 tanto
938 1903 1049 1968 abfore
1068 1921 1169 1987 cortu,

410 2022 479 2085 Nec
497 2019 606 2082 minus
621 2018 655 2080 in
672 2040 741 2081 sese
757 2017 900 2106 generis,
916 2016 1109 2107 dextrasque
1125 2035 1275 2109 potentes
1395 2043 1432 2081 σω

407 2135 487 2198 Esse
500 2132 620 2196 ferunt.
639 2130 707 2194 Tali
724 2145 864 2194 ruentem
881 2153 956 2218 pars
972 2133 1110 2197 maxima
1129 2133 1206 2199 llatu

408 2247 529 2337 Erigit,
545 2262 577 2310 et
593 2267 676 2309 vana
689 2245 830 2333 gliscunt
843 2246 1017 2333 praecordia
1030 2248 1150 2338 lingua.
1174 2335 1176 2340 Ι

407 2363 549 2427 Saltibus
566 2377 604 2424 ut
619 2360 734 2423 mediis
755 2377 825 2424 tum
840 2359 973 2426 demum
989 2362 1058 2426 laeta
1074 2363 1200 2428 reducit

395 2562 449 2622 619.
467 2560 563 2605 socium.
576 2557 650 2603 Vatic.
667 2565 692 2603 et
706 2559 795 2602 Boron.
814 2557 883 2604 codd.
901 2583 932 2592 -
950 2557 1004 2606 623.
1029 2562 1126 2608 Variam!
1143 2553 1185 2622 qui
1201 2571 1301 2622 pectora.
1316 2563 1393 2610 vatic.
1407 2573 1430 2608 et

363 2643 453 2687 bonon
463 2637 531 2686 codd.
544 2640 634 2685 eonon.
646 2637 663 2681 l.
675 2640 739 2683 Junt.
752 2639 838 2682 liner.
855 2639 954 2685 Variam
962 2640 1016 2701 quis
1022 2649 1122 2701 pectora.
1133 2639 1223 2686 Bouon.
1236 2641 1267 2686 11.
1279 2641 1330 2688 Col.
1343 2642 1430 2702 Qnr'hus

362 2722 435 2768 amrin
441 2729 544 2782 pectem.
555 2717 622 2763 Cart.
635 2717 665 2760 In
676 2715 751 2762 dubiis
763 2717 855 2761 variam
866 2718 907 2778 qdr'
912 2727 1015 2780 pectora.
1027 2717 1081 2764 dld.
1100 2719 1142 2764 En.

361 2913 435 2966 doris
444 2911 610 2981 relinquatur
619 2946 627 2971 ‚
637 2907 712 2980 prius
720 2925 800 2979 quam
808 2908 874 2979 Cya-
908 2908 994 2976 freta,
1005 2907 1092 2961 dedita
1097 2948 1104 2972 ,
1106 2913 1219 2978 juvencas
1229 2921 1285 2962 orat
1293 2912 1429 2976 larionem,

361 2987 696 3062 neossoopulosnobiscum
704 2987 871 3057 superaverit.
916 2998 945 3040 ut
964 2989 991 3040 in
1014 2989 1108 3042 itinere
1130 2999 1219 3061 pergat
1226 3007 1234 3054 ;
1261 3009 1335 3040 unum
1361 3007 1428 3042 :aneo

398 3075 459 3124 622.
474 3073 583 3122 Necdum
585 3067 662 3135 sama
672 3069 723 3117 virr'
731 3103 741 3128 ,
752 3068 871 3120 nondum
916 3069 1000 3135 abfore
1009 3083 1082 3130 emor,
1097 3069 1125 3120 iu
1135 3079 1207 3122 tauto
1219 3087 1330 3120 numero
1343 3088 1428 3122 unum

359 3150 475 3212 scimus,
490 3147 555 3220 quid
569 3147 593 3199 ei
603 3142 743 3207 acciderit,
759 3165 804 3196 nec
817 3166 869 3196 cer»
915 3163 969 3198 non
985 3144 1127 3200 desiderari
1141 3187 1148 3211 ,
1162 3166 1240 3218 aeque
1251 3147 1362 3200 Herculi
1379 3169 1428 3200 nec

359 3230 673 3284 tiorexstititauctor‚nec
687 3221 869 3288 adhucdum,
913 3241 1007 3294 genere
1027 3225 1142 3289 cedere,
1166 3244 1214 3278 nec
1238 3226 1342 3278 virtute.
1374 3232 1429 3280 Tali

358 3326 413 3378 quo
423 3305 541 3378 gentium
555 3301 664 3365 abierit,
678 3312 749 3355 certo
762 3301 868 3355 scimus.
904 3303 989 3372 stam,
1004 3315 1057 3356 tam
1071 3305 1183 3376 superbe
1194 3305 1287 3368 dictis,
1293 3327 1356 3374 pars
1372 3329 1426 3358 ma-

394 3387 456 3440 623.
481 3384 572 3449 Quum
593 3380 673 3453 igitur
695 3382 751 3451 ipse
774 3379 870 3433 dubius
914 3383 984 3432 xima
993 3398 1096 3435 mentem
1111 3387 1192 3452 erigit,
1205 3389 1427 3454 etvanagliscum

358 3465 426 3528 sim,
437 3461 503 3536 quid
522 3479 616 3532 agam,
635 3477 680 3512 ros
701 3458 767 3510 mihi
783 3461 869 3513 consi·
907 3465 1049 3527 praecordia
1062 3465 1161 3532 lingna,
1179 3463 1266 3516 inanis
1277 3465 1329 3517 oris
1341 3467 1425 3536 jacta·

357 3543 423 3595 lium
437 3540 526 3616 detis,
545 3550 571 3592 et
593 3537 616 3590 si
634 3538 763 3610 placuerit
786 3540 869 3593 ventis
912 3539 950 3592 tio
961 3539 1087 3610 paulatim
1102 3541 1155 3594 rim
1167 3541 1249 3596 habet
1259 3542 1293 3596 ad
1306 3544 1425 3596 animum

357 3621 396 3674 uti
406 3619 545 3682 secundis,
556 3636 599 3670 me
607 3615 737 3669 babebitis
746 3617 869 3671 comitem
911 3617 1008 3690 ipsum.
1020 3619 1081 3671 vid.
1093 3621 1137 3683 11,
1153 3623 1212 3692 278.

355 3698 598 3773 promptissimum
616 3695 656 3748 sin
668 3697 796 3750 sententia
816 3707 867 3750 ste·
948 3699 1076 3752 633-636.
1092 3698 1218 3773 Adjungit
1233 3713 1310 3772 poeta
1324 3700 1424 3764 simile,

356 3779 416 3838 terit
425 3778 497 3840 brec,
511 3788 540 3828 ut
550 3773 702 3846 aliquandiu
712 3773 801 3828 adbuc
812 3794 867 3828 mo·
911 3777 1010 3849 inquo
1032 3789 1120 3830 tamen
1147 3779 1375 3832 comminiscendo
1400 3793 1426 3832 et

354 3866 625 3926 remur,montesque
633 3855 767 3925 proximos
775 3873 866 3908 rursus
910 3854 1128 3910 adornandonon
1138 3857 1283 3910 admodum
1291 3857 1425 3911 lelixfuis-

354 3935 794 4009 pervestigamua,lortasseoperae
803 3953 865 4006 pre·
911 3953 938 3986 se
948 3934 1062 3988 ridetur.
1078 3943 1108 3988 Ut
1121 3958 1192 3990 cerva
1207 3953 1257 3990 tum
1271 3943 1367 3990 demrm
1389 3959 1426 3990 re·

354 4017 421 4068 tium
434 4016 481 4078 sit,
499 4015 637 4086 paululum
651 4026 815 4086 exspectare,
829 4032 864 4066 au
910 4017 976 4064 ducit
990 4033 1113 4081 gregem,
1128 4032 1199 4084 utque
1207 4020 1283 4084 gestit
1295 4038 1368 4086 aper,
1384 4037 1425 4066 nr-

355 4094 633 4148 lortetantuntrirum
646 4094 777 4165 possimus
790 4111 864 4145 recu·
908 4111 986 4158 saque
1008 4095 1091 4144 reboat
1105 4099 1115 4162 (
1128 4115 1181 4147 non
1202 4107 1263 4165 apta
1286 4114 1336 4146 vox
1357 4097 1425 4147 ursis

352 4193 451 4246 perere.
578 4194 583 4206 ·
908 4172 1156 4240 murmurantibus),
1166 4177 1300 4224 comminus
1311 4178 1375 4242 lupis
1385 4195 1425 4224 sn·

389 4249 861 4324 6²8.Studir's‚partiumsnctionibus‚
901 4251 982 4318 perdis
1007 4249 1080 4316 (haec
1097 4251 1234 4323 equidem,
1254 4251 1355 4314 sateor,
1368 4271 1423 4304 nou
