3196 5120
386 501 448 542 soa
691 483 726 543 C.
751 481 947 546 VALERll
975 484 1146 546 FLACCl

427 609 639 700 Exstinguine
655 633 727 676 mea
745 609 838 698 (latis
855 613 918 677 hoc
934 612 1036 678 defuit
1055 615 1181 701 unum)

428 726 558 814 Speravi
575 741 606 788 te
620 747 717 814 posse
733 727 853 790 manu?
871 729 980 792 talisve
996 729 1112 816 reliqui
1408 757 1443 806 ηε

426 842 491 904 llas
507 862 585 928 ego,
596 840 717 924 amice,
733 840 871 906 domos?
883 842 973 930 quod
986 844 1012 907 si
1024 843 1089 923 jam
1105 844 1189 908 bella
1203 847 1394 933 manebant,

425 955 467 1017 Et
480 954 633 1041 placitum
645 955 711 1020 hoc
722 957 863 1044 superis,
877 979 989 1050 nonne
1003 957 1074 1023 haec
1087 981 1159 1022 mea
1168 959 1286 1040 justius
1297 981 1403 1028 essent

425 1069 571 1149 Funera,
585 1092 703 1158 meque
719 1086 794 1135 tuus
812 1073 921 1160 potius
936 1095 1026 1138 nunc
1041 1073 1208 1162 plangeret
1224 1078 1338 1142 error?

424 1183 494 1248 Nec
509 1182 606 1247 Clarii
625 1206 714 1248 nunc
729 1200 821 1250 antra
835 1184 908 1266 dei,
928 1208 1132 1274 quercusque
1151 1188 1308 1254 Tonantis

425 1298 627 1388 Arguerem?
641 1298 761 1364 talesne
779 1301 880 1380 acies,
897 1301 1017 1365 talesne
1035 1302 1218 1391 triumphos
1407 1328 1442 1368 ni

424 1413 517 1477 Sorte
533 1411 674 1476 dabant?
690 1429 860 1478 tantumne
878 1416 967 1478 nefas
986 1438 1078 1480 mens
1094 1418 1222 1492 conseia
1237 1434 1347 1482 vatum

424 1527 602 1608 Conticuit,
618 1527 729 1615 patriae
747 1528 882 1592 exitium
898 1528 1028 1593 crudele
1047 1546 1200 1612 senectae,

423 1643 465 1707 Et
480 1658 529 1707 tot
546 1642 659 1707 acerba
676 1642 815 1707 canens?
829 1643 896 1707 heu
912 1643 994 1708 divis
1011 1645 1079 1710 visa
1097 1647 1234 1712 sinistris

423 1759 533 1846 Regna
549 1759 649 1822 mihi!
671 1759 805 1845 quinam
821 1758 967 1824 reditus?
983 1783 1055 1848 quae
1073 1783 1126 1826 me
1140 1762 1270 1851 hospita
1285 1767 1379 1831 tellus

422 1873 589 1962 Accipiet?
607 1897 679 1963 quae
695 1897 764 1938 non
783 1876 894 1963 primis
914 1876 1101 1964 prohibebit
1116 1880 1242 1945 arenis?
1405 1905 1441 1945 aas

424 1988 573 2053 Invidere
589 1989 659 2071 dei,
674 2012 734 2071 nc,
750 1989 896 2055 Phasidis
913 2014 988 2056 arva
1007 1994 1123 2056 remoti

424 2103 467 2166 Et
481 2103 646 2192 Scythicas
661 2103 833 2193 populatus
853 2128 946 2194 opes,
963 2106 1032 2170 haec
1047 2129 1159 2172 rursus
1173 2107 1295 2174 adirem

424 2217 550 2302 Litora,
566 2239 648 2282 neve
667 2233 741 2281 tuos
757 2219 838 2282 irem
858 2235 937 2283 tunc
951 2220 1038 2284 ultor
1053 2222 1087 2284 in
1104 2221 1225 2288 hostes.

423 2331 483 2396 Fas
499 2345 606 2395 tamen
625 2345 674 2396 est
686 2329 834 2395 conferre
854 2355 969 2421 genas3
984 2334 1030 2398 las
1045 2334 1181 2424 jungere
1199 2352 1307 2402 tecurn

422 2445 571 2527 Pectora,
590 2461 622 2510 et
636 2467 814 2536 exsangues
830 2447 965 2513 miscere
983 2447 1184 2537 amplexibus
1200 2467 1300 2516 artus.
1406 2474 1441 2514 u·

411 2652 466 2706 apt.
485 2647 539 2692 Jam
552 2644 630 2708 defuit
637 2645 712 2692 Vatia.
723 2655 747 2693 st
757 2646 848 2694 bonon.
863 2647 934 2693 codd.
947 2650 1037 2695 Borion.
1051 2649 1068 2695 l.
1084 2651 1148 2696 Junt.
1160 2650 1214 2696 ΔΜ.
1225 2651 1258 2696 Id
1267 2651 1345 2714 despit.
1354 2652 1440 2699 Boaoa.

379 2725 412 2770 11.
422 2724 487 2778 Pius,
501 2725 600 2786 lingent.
611 2734 655 2772 eto.
668 2751 700 2762 —
715 2726 769 2788 298.
781 2727 864 2774 Potius
875 2727 962 2774 absita
970 2728 1046 2774 Vatia.
1057 2728 1110 2774 cod.
1121 2729 1204 2776 Melias
1214 2745 1282 2778 mino.
1295 2733 1383 2778 Βοιιοιι,
1392 2733 1442 2778 cod.

379 2813 404 2850 et
415 2803 468 2851 edd.
478 2813 532 2850 aute
544 2805 609 2852 Cirr.
622 2830 649 2840 -
661 2805 713 2852 Sor.
725 2807 873 2869 Tantumque.
882 2806 957 2853 codd.
968 2815 993 2854 et
1003 2807 1057 2855 edd.
1070 2817 1125 2854 aute
1133 2807 1212 2856 lleins.
1220 2835 1250 2846 ·-
1259 2811 1312 2858 305.
1326 2811 1443 2859 cohibebit

382 2884 447 2930 Cttr.
459 2883 512 2930 cod.
525 2892 549 2930 at
557 2884 596 2930 ed.
607 2885 638 2930 ll.
650 2885 694 2930 En.

408 3062 478 3122 ¹294.
494 3059 659 3124 Exstinguina
674 3075 729 3108 maa
740 3062 848 3126 speravi,
859 3058 890 3110 ti·
936 3064 1067 3122 Tonantis,
1082 3059 1171 3124 ioris,
1183 3081 1324 3144 aspirem,
1337 3062 1442 3116 incon·

379 3151 451 3187 mere
468 3135 543 3206 potui
559 3139 645 3202 (nam
668 3155 767 3203 sperare
787 3136 890 3190 Latinis
933 3149 1008 3195 mm,
1020 3150 1079 3203 qua
1095 3132 1159 3185 milri
1177 3133 1237 3186 talu
1253 3131 1359 3204 prelia,
1382 3133 1444 3187 tale·

379 3212 489 3264 omniuo
501 3225 541 3266 est
555 3212 672 3265 futurum
686 3212 787 3284 aliquid
799 3232 891 3286 ertpe-
934 3207 1083 3280 triumphos
1099 3209 1289 3281 prodicerent?
1312 3216 1362 3264 Gur
1378 3232 1444 3264 niens

379 3292 479 3359 ctare),
491 3300 693 3359 apostematis?
706 3296 780 3354 Talis,
789 3304 843 3344 tarn
851 3293 891 3344 in-
934 3292 1139 3351 consciavaaon,
1150 3301 1219 3342 rates
1229 3289 1445 3361 futurorumpras

378 3381 469 3440 patira
480 3371 574 3441 hospes
582 3409 590 3434 ,
599 3383 629 3423 ut
640 3389 701 3423 mox
709 3381 833 3425 cruentus
846 3391 889 3426 re.
933 3365 1000 3430 scii,
1012 3371 1054 3436 qni
1061 3371 1150 3436 patria
1163 3383 1267 3420 senecta
1279 3372 1379 3420 exitium
1388 3389 1443 3420 cra·

380 3445 576 3502 diremhoatii?
933 3447 1202 3520 dald,necempatris
1217 3448 1443 3512 seniscanebant,

417 3531 637 3597 297.Nonaeltoec
648 3532 796 3598 meajustt'us
809 3528 891 3583 esiam
935 3543 983 3577 cur
996 3525 1047 3579 hoc
1061 3537 1162 3579 tantum
1173 3527 1248 3580 neiat
1260 3525 1445 3580 reticuere?—

376 3607 495 3674 funera,
517 3605 583 3659 mihi
609 3605 697 3676 potius
724 3607 891 3662 moriendum
936 3602 1021 3669 Vide,
1037 3604 1070 3658 ad
1083 3605 1182 3658 calcem
1197 3605 1276 3679 hujus
1288 3606 1367 3670 libri,
1382 3605 1444 3660 novi

381 3694 453 3746 erat,
465 3718 501 3736 .,.
510 3703 595 3752 meque
606 3699 660 3736 mus
669 3705 737 3738 emp·
745 3707 811 3738 nunc
818 3693 892 3756 plan.
935 3681 1042 3736 edllorls
1054 3695 1110 3737 noi.
1127 3686 1187 3738 302.
1199 3685 1250 3738 El).

379 3775 463 3831 garet,
479 3775 507 3814 tu
519 3763 607 3834 potius
620 3783 689 3817 mea
707 3776 733 3816 tc
749 3765 834 3818 inscio
849 3767 891 3819 in-
972 3763 1031 3822 304.
1054 3768 1113 3830 Qua
1128 3783 1167 3814 rna
1184 3767 1293 3833 hospita,
1312 3762 1442 3834 hospitio,

379 3841 518 3894 terfectnm
531 3841 663 3913 plorares?
934 3844 1004 3894 retius
1013 3845 1128 3912 accipiet,
1147 3861 1204 3913 qun
1222 3861 1276 3895 non
1286 3841 1374 3914 primo
1386 3860 1402 3893 a
1414 3841 1444 3893 li-

414 3936 476 3987 299.
491 3925 543 3973 Nec
561 3925 635 3973 Clarii
652 3941 718 3974 nunc
737 3939 809 3974 onem
833 3927 887 3985 dei,
934 3932 991 3974 tore
999 3921 1119 3974 arcebit?
1134 3925 1246 3974 Invidere
1253 3925 1295 3972 dei
1299 3959 1308 3982 ‚
1321 3939 1394 3990 spem
1404 3919 1444 3972 lat·

377 3997 522 4069 Apollinis,
548 4001 595 4070 qui
617 4013 711 4072 proter
736 4001 787 4054 alia
809 4000 888 4068 loca,
933 4009 988 4052 tam
1008 4021 1023 4054 a
1042 4019 1084 4053 me
1103 4011 1274 4072 conceptam,
1296 4001 1371 4063 lore,
1399 4010 1442 4064 ut,

375 4077 455 4132 etiam
465 4076 493 4129 in
509 4078 575 4131 urbe
588 4080 817 4151 Colophoniorum
827 4081 887 4134 Cla·
932 4097 1053 4132 reversus
1064 4097 1095 4132 ex
1107 4078 1230 4150 Scythia,
1244 4090 1302 4132 tuas
1312 4089 1396 4130 terras
1405 4095 1445 4130 re·

375 4175 427 4220 ro,
443 4167 469 4208 et
488 4174 519 4212 tx
539 4167 615 4210 anuo
639 4158 762 4231 quidem
781 4160 888 4213 oracula
932 4157 1065 4222 viserem,
1083 4157 1184 4228 tibique
1201 4157 1231 4211 in
1260 4158 1331 4210 bello
1352 4169 1444 4212 contu

375 4235 490 4301 edebat,
506 4257 656 4307 quercusque
671 4239 741 4293 silva
758 4239 889 4294 Dodonae
933 4237 1056 4310 Pelasgos
1068 4236 1159 4290 liorem
1167 4254 1265 4292 comes.
