3116 5102
355 513 419 578 368
663 518 700 580 C.
723 517 921 581 VALERII
953 519 1128 584 FLACCI

398 645 468 718 ‚Iam
485 645 652 734 Phryxum
671 644 779 728 dolet,
799 663 833 712 et
847 647 985 736 Scythiae
997 651 1131 738 periisse
1145 651 1292 718 timores.

398 753 639 849 Nune'quassat
653 777 769 849 caput,
787 785 825 826 ac
837 762 966 842 juvenis
985 787 1057 852 spes
1074 764 1158 831 ridet
1171 766 1304 849 inanes,

399 875 490 958 Quid
503 897 641 942 vesanus
653 893 744 966 agat,
761 878 852 966 quod
865 879 984 944 vellera
998 897 1111 969 poscat
1125 883 1167 947 ab
1183 907 1301 974 angue.

396 993 471 1056 Urit
488 1008 521 1056 et
537 973 679 1082 autiquae
696 1015 876 1060 memorem
894 1019 958 1060 vox
975 999 1105 1085 praescia
1121 1000 1235 1080 sortis,

397 1109 464 1172 Cur
477 1108 575 1172 simul
587 1124 644 1174 aut
654 1108 776 1174 Persen
790 1110 878 1175 illine
890 1111 951 1175 sihi
963 1113 1119 1195 moverit,
1134 1115 1281 1180 anthino
1395 1137 1433 1176 πο

395 1220 612 1285 Thessalicam
625 1222 772 1287 Fortuna
786 1240 908 1308 ratem3
924 1248 1004 1289 num
1021 1225 1152 1292 debitus
1162 1229 1224 1294 ista

357 1360 360 1370 ¹
396 1334 488 1399 Finis
500 1351 589 1425 agat,
607 1358 760 1425 soevaeque
774 1353 886 1426 petant
897 1338 962 1418 jem
976 1341 1093 1406 vellera
1104 1341 1220 1407 Parcae.

441 1451 587 1533 Interea,
604 1455 760 1538 quoniam
777 1453 853 1518 belli
871 1477 1057 1544 pugnaeque
1074 1459 1267 1547 propinquae

396 1566 484 1630 Cura
495 1541 602 1653 prior,
621 1563 714 1655 fingit
730 1565 863 1654 placidis
879 1569 947 1632 fera
961 1585 1092 1657 pectora
1104 1571 1215 1656 dictis,

395 1678 517 1743 Reddit
527 1696 560 1744 et
575 1679 664 1744 haee:
679 1681 865 1769 «Cuperem
876 1681 966 1747 haud
977 1683 1032 1748 tali
1042 1708 1102 1758 ros
1114 1701 1261 1775 tempore
1278 1691 1371 1755 tectis
1389 1712 1427 1752 su

396 1793 576 1860 Advenisse
593 1795 693 1877 meis,
711 1819 778 1884 quo
795 1819 848 1861 me
864 1799 969 1888 gravis
985 1799 1103 1865 assidet
1117 1801 1231 1868 hostis.

394 1909 509 1974 Frater
525 1910 613 1974 enim
633 1909 773 2001 (sceptri
787 1913 833 1978 sic
846 1914 999 1979 omnibus
1013 1939 1079 1980 una
1093 1917 1235 2007 cupido)

396 2023 568 2090 Excidium
580 2041 686 2114 parat,
699 2043 731 2090 et
742 2030 854 2092 eastris
866 2052 919 2094 me
930 2031 1117 2121 ingentibus
1128 2049 1234 2124 urget.

394 2141 526 2222 Quare,
541 2161 619 2230 age,
636 2158 788 2230 cognatas
801 2144 946 2232 primum
959 2145 1123 2213 defendite
1135 2149 1247 2233 sedes,

394 2255 464 2319 Nec
479 2254 580 2320 decus
596 2255 699 2320 oblati
715 2256 873 2324 dimiseris
886 2260 1008 2326 advena
1024 2263 1118 2346 belli,
1390 2287 1428 2334 uo

380 2439 435 2501 527.
453 2438 591 2502 sejmnu.
604 2443 695 2488 Bouon.
705 2441 759 2488 eod.
769 2452 793 2490 et
804 2443 858 2490 edd.
869 2455 924 2494 ante
935 2448 1001 2494 Gerr.
1013 2449 1045 2496 11.
1056 2451 1147 2499 Inertis.
1158 2453 1250 2502 Bonum
1259 2463 1283 2500 et
1296 2457 1423 2503 limane.

349 2517 422 2566 codd.
430 2521 495 2564 lunt.
503 2519 606 2589 lingent.
618 2547 649 2556 -
658 2521 713 2570 530.
727 2524 773 2568 Cur
786 2525 857 2570 umal
865 2541 901 2571 ae.
914 2527 1175 2579 redemtionem.
1186 2533 1257 2588 eodd.
1270 2543 1295 2581 et
1303 2537 1396 2583 Bonon.
1405 2539 1424 2584 1.

355 2597 409 2646 535.
418 2597 489 2645 Haud
496 2597 531 2645 aii
540 2614 586 2661 pro
597 2599 659 2646 haud
667 2601 718 2647 eati.
728 2600 805 2652 Vntie.
815 2603 869 2652 eod
886 2606 956 2652 Haud
970 2607 1022 2654 atti.
1040 2609 1132 2656 Bonom
1150 2612 1204 2659 eod.
1217 2614 1310 2660 Boron.
1327 2617 1339 2662 t
1353 2626 1378 2662 et
1393 2617 1423 2663 tt.

346 2679 414 2724 dunt.
433 2678 519 2724 Meter.
534 2678 590 2726 ΔΜ.
607 2680 708 2741 Engeut.
729 2706 760 2718 -·
788 2683 841 2732 ⁵36.
863 2684 965 2733 otstdee.
985 2689 1074 2736 Bonum
1090 2690 1144 2738 cod.
1159 2692 1251 2740 Bonou.
1269 2693 1311 2750 11,
1330 2704 1355 2742 et
1369 2695 1422 2744 edd.

347 2765 403 2806 ente
418 2756 499 2804 usim.
515 2757 559 2804 En.

384 2905 444 2976 5²7·
457 2910 531 2958 Nunc
545 2923 659 2978 quassat,
673 2911 807 2978 concutit,
820 2931 863 2963 ca·
905 2921 986 2978 terius
1001 2925 1095 2978 AEeten
1108 2925 1251 2980 subdolum
1265 2927 1359 2994 fluxim
1376 2929 1420 2986 sed

343 2998 403 3052 put,
414 3005 445 3036 ac
446 2987 545 3054 juvenis
555 3007 609 3056 spes
617 2991 679 3040 ridet
688 2990 766 3042 tacite
772 3008 861 3044 secum
905 3001 1073 3074 Apollonios,
1083 3017 1188 3072 contre,
1200 3005 1387 3062 vehementem
1397 3021 1422 3062 et

347 3066 451 3125 inanes,
470 3070 539 3132 quod
553 3069 649 3118 vellera
659 3083 751 3136 poscat
766 3071 798 3122 ab
811 3091 860 3123 an·
904 3080 1314 3159 iracundumfleririmiliusque,
1325 3101 1422 3163 utpote

345 3161 409 3210 grae,
423 3161 438 3195 a
453 3142 586 3211 dracone,
602 3157 658 3200 tam
667 3146 727 3201 diro
744 3149 861 3206 custode.
905 3161 1059 3216 hulmum.
1075 3165 1126 3218 En,

384 3221 444 3288 5²9.
456 3225 524 3284 Urit,
541 3223 632 3296 ungit,
650 3229 794 3296 etantiqua
807 3249 860 3282 me·
941 3241 1001 3296 535.
1019 3241 1128 3296 Mallem
1151 3245 1205 3298 alio
1224 3257 1344 3319 tempore
1367 3249 1420 3304 hue

346 3306 860 3374 moremvoxproesct'atortinorflcuium,
904 3319 1054 3384 venisseti33
1074 3327 1159 3390 gravis
1180 3327 1239 3392 J'am
1263 3345 1305 3377 me
1327 3334 1422 3384 assidet

346 3378 862 3453 cujusmemor,jamvideresibivide·
903 3402 995 3451 hom.-
1021 3400 1214 3476 infrequentior
1241 3416 1284 3464 τοῦ
1308 3415 1419 3465 assidere

346 3457 438 3524 batur,
458 3480 502 3512 cur
519 3465 626 3514 Fortuna
643 3467 728 3528 simul,
749 3484 804 3521 uno
814 3487 859 3522 eo·
903 3489 997 3548 quarto
1009 3482 1082 3534 casui
1089 3486 1175 3555 juncti
1185 3506 1257 3543 usus.

346 3533 462 3609 demque
476 3549 606 3610 tempore,
619 3546 677 3594 hinc
686 3550 790 3608 Persen,
801 3551 859 3600 hinc
939 3557 998 3628 537.
1009 3565 1103 3629 Scepur'
1114 3567 1150 3615 sie
1166 3573 1276 3622 omnibus
1287 3593 1340 3625 una
1352 3578 1417 3643 eupi-

348 3619 512 3670 messarim
531 3634 608 3672 ratem
627 3639 743 3685 moveret,
766 3637 859 3680 contra
902 3639 943 3689 do.
952 3638 1027 3692 Voce
1044 3646 1154 3696 omnibus
1172 3649 1250 3702 tacite
1264 3663 1291 3706 et
1309 3653 1418 3726 oblique

345 3713 374 3747 se
383 3696 689 3764 excitaret5numdebinas
691 3705 858 3776 finis,fatum
902 3717 1103 3788 comprehendit
1112 3722 1184 3794 ipsos
1193 3729 1418 3801 tsgomumstn

345 3775 397 3829 sibi
405 3773 579 3845 destinatum,
589 3782 650 3843 ista,
662 3781 719 3836 hec
727 3800 802 3856 apat,
813 3805 859 3836 εω-
902 3813 957 3866 quo
977 3800 1158 3870 preferendus
1172 3808 1296 3866 Valerius
1309 3813 1418 3885 Apollo-

345 3875 429 3924 voeque
434 3871 521 3924 petant
521 3859 579 3926 jam
588 3865 684 3916 vellera
691 3869 785 3918 Paruce.
901 3874 965 3940 nio,
979 3881 1026 3952 qui
1038 3899 1128 3954 aperte
1143 3886 1195 3942 hoc
1206 3890 1302 3946 iisdem
1321 3911 1419 3967 expro-

381 3933 442 3990 533.
459 3942 571 4000 Interea,
589 3946 705 4008 quoniam
727 3949 857 4000 bellicum
901 3954 977 4021 brat,
991 3961 1048 4027 111,
1061 3965 1148 4034 375et
1158 3968 1218 4038 597.

339 4017 423 4106 prior,
437 4017 523 4086 potior
530 4022 635 4090 fingit,
648 4023 745 4078 somnat
755 4025 856 4096 dolose,
938 4037 997 4104 539.
1010 4045 1092 4106 Quare
1099 4063 1161 4114 age,
1171 4065 1306 4116 cognatas,
1318 4071 1418 4126 cogua-

344 4091 558 4162 dissimulanter,
567 4102 626 4166 sera
639 4120 740 4172 pectora
749 4111 856 4176 placidis
900 4125 956 4166 tum
965 4118 1036 4170 enim
1047 4132 1072 4174 te
1080 4136 1156 4178 antee
1169 4129 1306 4197 professus
1318 4151 1346 4186 es
1354 4171 1364 4196 ‚
1373 4139 1418 4187 do·

344 4175 430 4236 dictis,
445 4175 480 4228 nd
493 4178 575 4230 verba
592 4182 712 4251 placido,
726 4198 805 4259 atque
817 4188 855 4242 sic
890 4195 973 4263 sende
988 4213 1080 4265 terras,
1098 4223 1185 4278 neque
1202 4228 1292 4264 rerum
1312 4211 1417 4268 fortiter

343 4253 484 4324 respondet
506 4256 613 4318 tandem
633 4262 731 4316 Jasoui.
749 4297 784 4307 -
798 4269 853 4320 Va·
898 4278 1072 4344 gerendarum
1085 4289 1158 4338 decus
1169 4292 1287 4342 dimittas.
