3246 5112
438 403 826 468 ARGONAUTICON
855 403 942 466 LIB.
965 403 991 466 1.
1203 402 1245 470 65

217 539 351 628 Smgnat
365 534 491 617 honos,
511 557 660 622 sectoque
674 550 769 600 vocat
785 534 951 625 grandaera
966 539 1111 602 tumultu

218 650 381 718 Thessalis
398 649 560 714 exanimes
576 665 701 731 atavos,
719 671 908 738 magnoque
926 665 1080 740 nepotem

218 766 394 831 Pleiones:
413 764 526 843 etjam
543 778 656 828 tenues
674 761 715 830 ad
732 762 873 827 carmina
887 765 996 828 vultus

222 879 413 959 meulent,
432 892 629 964 moestosque
646 893 741 942 tuens
758 893 955 966 uotumque,
969 901 1174 969 mirumque,

220 993 309 1058 Talia
326 993 426 1056 libato
442 990 605 1080 pandebat
622 992 780 1081 sanguine
798 992 972 1058 Cretheus:
1207 1019 1245 1070 ,re

222 1107 335 1172 «Mitte
344 1121 465 1171 metus:
475 1106 562 1171 volat
571 1107 623 1170 ille
636 1106 731 1190 muri3
740 1121 965 1195 quantumque
972 1108 1179 1196 propinquat,

223 1223 294 1286 Jam
310 1219 411 1310 magis
430 1235 528 1308 atque
542 1220 642 1309 magis
656 1220 751 1284 variis
766 1235 874 1309 stupet
887 1220 948 1284 AEa
962 1220 1100 1286 deorum

225 1333 401 1424 Prodigiis,
416 1334 632 1422 quatiuntque
649 1351 756 1398 truces
774 1335 903 1398 oracula
921 1335 1070 1400 Colchos.

226 1448 436 1536 Heuquibus
452 1446 633 1536 ingreditur
648 1448 735 1512 latis!
752 1448 809 1536 qui
825 1450 976 1538 gentibus
990 1449 1109 1515 horror

227 1564 350 1654 Pergit!
365 1583 442 1626 mox
454 1561 591 1651 Scythiae
604 1562 715 1650 spoliis
731 1562 933 1650 nuribusque
949 1565 1108 1653 superbus
1210 1587 1249 1640 ets

231 1678 404 1758 Adveniet3
424 1699 578 1766 cuperem
594 1677 661 1766 ipse
677 1699 788 1766 graves
803 1693 875 1742 turn
892 1701 1044 1768 rumpere
1059 1696 1169 1746 terras.

228 1792 292 1859 Sed
307 1792 367 1856 tibi
383 1791 475 1856 triste
491 1790 597 1872 nefas,
611 1791 816 1879 fraternaque
831 1792 982 1858 turbidus
998 1815 1085 1858 arma

230 1909 301 1972 Rex
318 1919 422 1994 parat,
441 1920 473 1969 ct
488 1927 588 1969 saeros
604 1905 725 1969 irarum
744 1905 886 1994 concipit
900 1907 1001 1996 ignes.

231 2021 322 2106 Quin
335 2021 418 2109 rupis
432 2019 681 2102 haucanimnm,
693 2036 724 2085 et
733 2020 870 2084 famulos
884 2020 966 2085 citus
980 2022 1095 2111 effugis
1111 2024 1220 2090 urttrsl

219 2255 271 2309 742.
283 2249 353 2294 Aeta.
363 2245 439 2294 codd.
450 2253 473 2292 ot
487 2243 540 2291 edd.
550 2261 638 2292 omnes.
648 2247 704 2292 AEa.
718 2244 857 2297 Gronovius.
869 2271 899 2282 ··
911 2253 964 2309 749·
977 2248 1038 2294 ΨΜ
1048 2248 1159 2295 animm·
1172 2248 1247 2296 c⁰⁴13·
1259 2208 1262 2215 Ι

187 2336 210 2374 et
220 2326 273 2374 edd.
284 2339 365 2373 omnes
376 2335 430 2370 unte
438 2323 556 2370 Alrrdnm.
568 2321 611 2369 En.

222 2529 283 2599 736.
298 2526 414 2581 Adsum
428 2529 550 2580 Thessalis
563 2525 696 2581 Alcimede
739 2523 844 2602 ptisque
853 2529 959 2583 lerninis
972 2529 1248 2601 superbiens,reditu-

186 2612 325 2677 grandem
350 2625 429 2660 senex
454 2625 552 2677 magno
582 2606 697 2660 clamore
740 2625 804 2672 rus,
817 2610 1249 2683 cultriumphoutinamipsepos·

188 2699 316 2760 provocet
327 2706 417 2740 munes
429 2683 557 2758 majorum
568 2722 576 2748 ,
587 2705 698 2752 magne·
742 2688 791 2739 rim
805 2687 905 2740 adeese.

189 2787 237 2834 que
250 2781 358 2835 nepotem
373 2768 494 2825 Pleiones,
517 2763 697 2827 Mercurium,
778 2771 839 2836 747.
855 2767 946 2818 Celare
959 2777 1047 2819 tamen
1058 2785 1113 2820 nou
1126 2786 1249 2840 possum,

188 2847 266 2918 cujus
281 2856 307 2897 et
327 2843 400 2916 apud
419 2843 518 2896 inferos
536 2861 632 2913 magna
649 2843 698 2894 tuit
734 2845 841 2913 fratrem
858 2846 1003 2915 patruelem
1017 2845 1106 2898 Pelian
1123 2843 1179 2898 diro
1193 2865 1250 2899 om·

188 2925 322 2995 potentin,
335 2923 474 2995 implorat,
484 2933 512 2974 ut
524 2921 626 2974 umbris
638 2941 699 2974 con·
742 2921 841 2975 niatibi
851 2962 858 2986 ,
869 2924 907 2974 rrri
914 2927 994 2976 AEeon
1003 2961 1011 2988 ,
1021 2939 1124 2996 parcre.
1135 2925 1178 2975 Tu
1188 2943 1250 2978 vero

188 3003 292 3056 cederet
314 3003 501 3074 aliquantisper
520 2999 553 3053 sd
574 3019 700 3071 supernus
741 3002 1249 3076 prevertacroluntariamorte,euque

187 3082 306 3153 regiones
317 3081 412 3138 redire¹
470 3130 473 3136 .
742 3083 811 3144 citu,
825 3086 907 3150 rapias
921 3085 1029 3132 animam
1036 3121 1043 3143 ,
1061 3097 1085 3133 et
1087 3083 1200 3150 famulos
1215 3087 1254 3154 ef.

224 3163 287 3232 738.
298 3163 357 3214 lem
366 3165 486 3222 Cretheus,
497 3160 601 3213 AEsonis
611 3171 698 3231 pater,
733 3161 825 3229 firgr‘os
839 3175 915 3213 ornes.
937 3161 1065 3228 (Fornulos
1081 3162 1162 3213 refert
1181 3161 1250 3215 Bur·

188 3239 384 3294 hienleimedee
391 3239 554 3293 carminibus
561 3240 698 3304 excitatus,
743 3258 855 3293 mannus
866 3238 901 3294 ad
909 3239 998 3292 Pelion
1008 3280 1015 3305 ‚
1027 3238 1079 3292 hoc
1089 3258 1167 3291 sensu
1179 3257 1186 3291 ε
1199 3242 1252 3298 uisi

190 3335 272 3371 unctes
280 3323 353 3389 (nam
361 3318 699 3390 spudinferosomninsunt
742 3321 900 3392 prevenias,
914 3331 1040 3392 perpetuo
1051 3331 1077 3372 te
1090 3320 1195 3372 servitio
1206 3319 1252 3374 ille

190 3399 280 3464 exilia,
295 3398 698 3468 tennic,leriu,inmidorum
743 3399 856 3454 addicet.
879 3401 936 3470 Ego
958 3418 1021 3452 vero
1045 3399 1136 3452 malim
1159 3403 1251 3451 anirrioe

190 3480 274 3547 effert,
291 3477 430 3549 liliumque
442 3497 592 3550 nurumque
605 3478 642 3530 itu
658 3478 697 3529 ul·
741 3482 870 3552 jungere,
885 3477 945 3540 cui,
963 3478 1033 3549 parti
1050 3478 1164 3531 hominis
1181 3477 1251 3532 diri·

191 3561 280 3612 latur:
294 3558 382 3612 Nolite
395 3557 528 3611 timerede
540 3557 613 3621 lilio,
627 3561 700 3608 volat
740 3556 1251 3628 niori,corpusterrestredebetparere3

191 3641 232 3690 itte
246 3656 294 3708 per
307 3638 408 3701 merim
427 3641 492 3700 AEu,
509 3637 573 3688 urbs
587 3635 699 3690 Colcho·
742 3637 787 3707 qui
807 3654 898 3688 sensns
911 3635 1005 3688 melius
1019 3635 1086 3688 adeo
1102 3647 1215 3707 pateret,
1231 3636 1253 3689 si

191 3735 268 3782 rum,
291 3717 450 3788 Colchisque
473 3727 528 3768 tota
554 3714 697 3786 trepidant.
744 3734 793 3787 pro
802 3717 894 3784 effugis
902 3733 1029 3786 reponere
1037 3717 1101 3768 velis
1110 3721 1201 3786 exuis).
1209 3717 1252 3771 Sic

130 3787 135 3796 ’
191 3799 362 3862 -eratiunt,
374 3796 535 3867 percellunt,
549 3795 644 3847 timore
654 3793 702 3844 im·
745 3794 834 3864 igitur,
845 3794 881 3844 mi
894 3793 945 3856 fili,
959 3793 1050 3847 lucius.
1065 3795 1253 3868 Exspectamus

191 3874 263 3946 plent
275 3875 393 3946 (vidll,
407 3893 471 3939 1223
483 3876 519 3939 V,
533 3875 595 3944 ²73)
611 3871 702 3946 prodi·
746 3885 789 3935 te,
808 3891 857 3943 ego
870 3885 955 3945 pater,
973 3885 998 3925 et
1012 3878 1112 3936 AEolus,
1128 3895 1182 3929 non
1199 3893 1254 3946 qua

190 3953 233 4023 gin
243 3973 335 4008 omnes
346 3967 372 4007 et
382 3954 500 4008 oracula.
509 3957 597 4019 -Qur'
607 3957 701 4014 honor,
746 3963 885 4004 ventorum
897 3951 962 4005 deus
970 3990 977 4015 ‚
986 3951 1030 4004 sed
1039 3971 1102 4006 avus
1112 3958 1252 4019 molitores,

191 4049 272 4102 quarn
290 4031 442 4098 timendus,
453 4038 537 4102 pergit
549 4033 576 4085 in
591 4032 700 4084 itinere!
746 4041 875 4102 quotenus
899 4032 993 4083 umbra
1023 4042 1077 4098 est,
1106 4033 1134 4085 in
1159 4031 1254 4104 Elysiis

191 4129 250 4163 mox
272 4111 386 4184 Scythiae
405 4113 495 4184 spoliis
512 4124 638 4177 onustus,
660 4129 702 4182 cu·
746 4109 854 4180 campis.

300 4209 327 4271 l.
569 4252 572 4258 ·
936 4206 1079 4270 ·5
