3198 5106
358 509 365 527 ’
422 504 814 572 ARGONAUTICON
846 509 933 574 LIIl.
958 511 985 575 Ι.

121 649 133 678 ·
207 635 395 717 Conticuit;
411 651 518 701 certus
535 637 680 726 scythico
695 659 889 704 concurrere
905 657 1008 730 ponto

210 757 371 843 Cyaneas,
386 767 542 842 tantoque
556 755 628 818 silet
641 777 787 842 possessa
801 755 941 821 dracone

209 868 353 948 Vellera,
369 865 543 931 multifidus
558 867 642 956 regis
655 889 754 955 quem
768 867 832 932 filia
847 870 973 958 linguas

213 982 403 1054 vibrantem
417 1004 458 1044 ex
471 980 574 1071 adytis
589 997 687 1046 cantu
703 981 906 1071 dapibusque
920 983 1068 1066 vocabat,

212 1099 254 1160 Et
267 1096 364 1160 dabat
376 1096 529 1160 hesterno
544 1095 678 1165 liventia¹
689 1097 782 1161 mello
796 1119 934 1162 veneno.

258 1213 336 1276 illex
349 1212 436 1274 taciti
452 1209 887 1298 patuered01i3neevellera
903 1233 987 1276 curte

215 1327 291 1389 Esse
304 1325 392 1405 vir0,
405 1323 463 1388 sed
477 1347 546 1388 sese
560 1323 643 1388 odiis
657 1324 811 1388 immania
825 1326 898 1414 cogi

214 1443 253 1504 In
268 1441 348 1503 freta
360 1463 368 1504 :
382 1462 446 1527 qua
456 1437 563 1518 jussos
578 1439 623 1502 sic
638 1438 768 1502 tandem
784 1463 927 1527 quaerere
941 1441 1081 1506 Colchos

213 1558 292 1620 Arte
306 1554 422 1642 queat?
436 1577 525 1617 nuno
538 1554 616 1617 aerii
630 1555 785 1644 plantaria
798 1557 893 1620 vellet

212 1671 365 1751 Perseos,
381 1684 438 1734 aut
451 1691 599 1749 currurn,
615 1685 653 1732 ut
666 1692 765 1733 saeros
779 1669 920 1734 frenasse
935 1671 1090 1738 dracones

215 1785 379 1865 Creditus,
391 1785 517 1873 ignaras
531 1784 655 1847 Cereris
670 1783 726 1871 qui
740 1806 871 1847 vomere
887 1800 986 1850 terras

215 1901 353 1981 imbuit,
365 1915 397 1963 et
411 1898 489 1964 flava
503 1921 660 1986 quercum
676 1896 839 1962 damnavit
852 1900 957 1964 aristo.
1218 1941 1243 1979 7·

201 2087 240 2134 63.
252 2084 443 2132 Extemvetie.
454 2084 507 2130 eod.
518 2087 608 2130 bonon.
618 2084 638 2129 l.
649 2083 766 2130 Curionis
775 2083 829 2130 eod.
837 2109 866 2118 -
875 2084 914 2131 66.
924 2087 1141 2135 sectantemvnie.
1151 2091 1241 2136 Boron.

172 2177 194 2212 et
204 2167 269 2213 cur.
281 2164 350 2211 codd.
364 2165 453 2209 Borion.
466 2164 484 2208 Ι.
496 2165 559 2208 Junt
575 2187 606 2198 -
623 2161 661 2208 68.
671 2165 720 2208 Aut
728 2177 794 2207 earm
802 2175 879 2208 mor.
889 2163 963 2209 vatio.
976 2164 1029 2210 eod.
1042 2166 1129 2212 bouem
1148 2167 1159 2212 Ι
1175 2177 1199 2214 et
1211 2165 1242 2214 ΙΙ.

172 2247 235 2290 Juut.
250 2243 302 2289 llo.
315 2245 347 2290 Et
357 2257 423 2288 cem
434 2257 504 2288 steros
513 2243 603 2288 Bouorn
613 2239 666 2286 eod.
682 2243 732 2286 Aut
745 2255 810 2285 curm
823 2251 848 2284 ut
860 2256 939 2288 rmus.
955 2243 1020 2290 Gerr.
1030 2243 1083 2290 cod.
1098 2269 1128 2280 -
1139 2244 1179 2308 69.
1192 2248 1242 2309 Qua

172 2324 327 2369 vomerevst.
339 2321 392 2368 eod.
403 2323 494 2367 bouem
504 2321 522 2366 Ι.
533 2322 598 2367 Juut.
611 2320 652 2366 cat
662 2335 760 2365 nomm.
772 2318 826 2365 ΙΙΙ.
841 2320 885 2365 Eo.

172 2478 200 2529 in
218 2476 324 2550 cyneis
342 2476 453 2547 rupibus
469 2474 608 2548 objiceret,
622 2477 686 2525 stlec-
728 2473 827 2528 habere
843 2471 1016 2536 crediderim,
1034 2475 1130 2528 sicum
1143 2479 1244 2528 Heinsio

173 2575 232 2624 que,
246 2557 338 2608 reticet
352 2568 457 2608 vastum
474 2555 567 2619 illum,
581 2552 685 2605 velleris
729 2564 755 2604 et
766 2555 829 2604 noea
839 2555 953 2606 Biblioth.
960 2556 1047 2622 philol.
1058 2555 1122 2624 1782
1131 2556 1203 2618 ,'vol.
1214 2557 1243 2620 Ι,

172 2635 308 2688 custodem
334 2634 550 2704 horrendumque
579 2630 685 2684 sibilan·
728 2631 1103 2704 p.258,postqeeeteignum
1113 2635 1245 2704 ponesin·

173 2727 243 2777 tem,
261 2713 422 2774 draconem,
442 2731 521 2785 quem
540 2709 636 2763 Medea
654 2727 687 2762 ex
729 2709 895 2780 terrogendi‚
908 2722 933 2762 et
946 2714 981 2762 sie
993 2712 1114 2764 nonroei
1129 2717 1242 2774 tandem,

172 2793 279 2847 latebris
298 2805 377 2846 cautu
399 2793 510 2863 ciboque
527 2790 684 2851 excitatum,
729 2787 776 2840 sed
781 2793 863 2857 jussos
874 2791 973 2861 jungas
981 2826 989 2851 ,
1004 2801 1030 2843 et
1043 2789 1079 2842 ita
1092 2789 1245 2862 interprete-

173 2877 243 2923 melle
256 2871 398 2940 (viuvnt
405 2910 413 2936 ,
427 2875 477 2940 97)
495 2869 629 2940 inprimis,
643 2870 685 2918 Ire-
730 2868 764 2921 ris
774 2883 781 2918 ε
792 2885 846 2938 qun
857 2865 965 2920 tandem
975 2866 1177 2938 (demum)erte
1187 2870 1248 2923 Col-

172 2944 684 3023 semovenmpasoebutlivenemquod,
729 2945 794 3000 ehoe
809 2958 897 3017 petere
915 2958 1013 3018 queat,
1030 2958 1084 3000 tem
1102 2947 1170 3003 dura
1186 2951 1246 3022 lege

173 3049 256 3101 quum
265 3029 350 3103 pridie
363 3041 486 3100 peretum
499 3038 580 3090 esset,
595 3043 626 3077 ex
645 3025 685 3078 in·
729 3035 809 3096 utque
820 3025 988 3088 conditione,
1002 3037 1040 3078 tot
1051 3027 1176 3098 perieulis
1186 3049 1247 3101 pro-

174 3110 235 3162 tn'to
253 3129 355 3162 veneno
371 3108 481 3162 livorem
502 3115 685 3167 contr-exeret,
729 3105 821 3177 positis
835 3103 908 3158 edire
916 3104 1019 3176 jussos?

175 3207 319 3262 succosque
329 3188 467 3261 pestiferos
480 3185 594 3258 penitius
608 3184 685 3238 imbi·
764 3189 809 3256 67.
820 3188 904 3236 Persei
905 3187 1036 3252 plantaria
1045 3186 1155 3252 (Perseus
1160 3193 1248 3255 penui.

175 3269 258 3324 berae,
725 3264 1246 3332 pes,Cetul.Corm.LV‚25),soleuale-

210 3353 253 3412 64.
269 3354 332 3399 Mox
344 3351 416 3399 taciti
426 3363 531 3415 patuere
548 3349 613 3405 doli,
629 3343 686 3397 cui?
729 3354 786 3407 tus,
800 3343 896 3415 quibus
907 3361 967 3396 aera
977 3381 984 3407 ,
996 3341 1029 3396 ed
1040 3343 1157 3397 Medoen
1166 3360 1245 3418 ceput

173 3427 274 3480 losoni.
293 3429 386 3490 Recte,
406 3425 452 3478 sed
472 3425 579 3478 mallem
600 3423 686 3476 nomi·
731 3425 922 3496 amputandum
940 3422 1193 3496 Andromedemque
1212 3428 1249 3482 ab

174 3516 262 3559 nasset
276 3517 369 3576 poete;
384 3505 456 3558 unde
469 3506 584 3565 sactum,
596 3514 626 3555 ut
639 3521 687 3572 pro
730 3517 849 3558 monstro
869 3503 972 3558 marino
991 3502 1174 3568 liberandum,
1191 3526 1248 3578 per·

174 3589 246 3636 taciti
265 3586 374 3638 fortasse
388 3588 474 3653 juveni
494 3582 596 3636 dedisse
610 3582 687 3634 Vale-
729 3584 845 3647 volaret,
861 3583 921 3654 quis
936 3581 1058 3654 ignorat?
1075 3586 1165 3636 Currus
1183 3605 1248 3640 vero

172 3665 242 3718 rium
258 3665 433 3736 conjicerern3
450 3661 496 3716 sed
511 3660 616 3714 codices
632 3679 687 3714 nou
718 3663 884 3733 ¹Triptolemi
895 3673 950 3724 est,
965 3680 1044 3732 quem
1054 3681 1101 3731 per
1111 3664 1247 3735 periphra.

173 3743 310 3796 addicunt.
732 3743 772 3794 sin
787 3743 932 3813 elegentem
946 3751 1023 3810 poete
1037 3739 1100 3792 dicit
1110 3747 1178 3795 sevis
1188 3748 1248 3796 dra·

208 3825 253 3876 66.
270 3826 411 3891 Qnojnssos
421 3825 456 3872 sie
470 3823 569 3872 tandem
581 3838 688 3885 quarere
732 3824 842 3881 cornibus,
856 3820 1020 3890 serpentibus
1029 3819 1119 3885 aletis,
1129 3823 1248 3876 aCerwe

176 3903 276 3953 Colchos
288 3917 341 3952 arte
354 3916 436 3969 queat.
444 3901 556 3952 Varient
570 3899 648 3961 libri,
663 3907 689 3950 et
733 3899 861 3968 acceptis,
872 3908 976 3950 vectum
984 3936 992 3960 ,
1000 3899 1097 3969 quippe
1106 3911 1188 3955 terres
1197 3903 1250 3956 fru-

81 4029 95 4040 ,
174 3999 224 4050 pro
241 3985 276 4032 sic
291 3984 390 4032 tandem
407 3978 529 4032 nonnulli
547 3978 689 4048 presserunt
733 3978 814 4032 menti
821 3976 1097 4047 nesciusegriculturee
1104 3980 1247 4049 primeele·

174 4075 318 4119 sectantem,
338 4058 411 4130 quod
434 4071 522 4112 temen
545 4058 689 4110 incommo·
733 4068 821 4110 menta
834 4055 925 4108 docuit
935 4057 1056 4123 (imbuit),
1071 4071 1095 4106 et
1095 4059 1169 4126 flava
1181 4078 1248 4125 quer·

174 4138 239 4192 ‹lurn
254 4139 316 4192 satis
329 4138 416 4191 fundit
427 4157 549 4200 sensum,
565 4137 615 4190 nisi
629 4155 689 4188 curn
733 4153 789 4187 eum
796 4137 1081 4204 &meritoriumque
1091 4134 1248 4191 adumbrata

176 4219 328 4271 Burmanno
348 4237 398 4290 pro
419 4237 526 4286 quarere
544 4217 620 4269 malis
635 4235 690 4282 per-
735 4234 764 4268 ex
775 4213 881 4286 Virgilii
893 4213 991 4284 Georg.
1003 4213 1034 4275 l,
1049 4213 1084 4266 8:

175 4303 242 4352 dere.
254 4299 312 4370 Ego
323 4297 458 4370 vulgatam
470 4296 610 4350 lectionem
621 4306 691 4350 recte
735 4303 845 4345 Chaonum
857 4301 929 4356 pingui
943 4300 1035 4354 gurm
1045 4301 1132 4342 muru
1141 4301 1210 4345 nebu.
