3246 5112
374 511 434 576 106
495 510 545 575 IN
574 510 659 574 LIB.
684 511 881 577 PRIMUM
910 515 1300 583 ARGONAUTICON

370 641 412 696 ld.
434 642 542 696 Metam.
560 639 606 694 lib.
626 639 708 705 ll,v.
725 654 798 710 7t2:

513 773 751 789 ................
767 743 806 789 cui
819 744 853 790 sic
864 746 987 806 respondit
994 747 1094 793 Atlantis

508 814 661 875 Pleionesque
671 829 753 877 nepos.

404 933 437 980 V.
448 926 510 997 751.
520 931 667 998 secretisque
679 933 727 982 siet
736 933 845 982 volitans
853 946 928 1000 peter
939 937 1025 985 AEclus
1039 939 1126 987 anuis.
1135 965 1169 978 -
1179 935 1364 1011 ldauuscriptl,
1377 959 1435 992 om·

369 1030 467 1084 necque
481 1013 709 1067 antecessionem
723 1013 852 1068 editiones
865 1015 963 1070 habent
973 1021 1038 1072 anta
1049 1038 1098 1092 pro
1109 1024 1198 1072 anuis.
1210 1022 1349 1093 Antiquior
1357 1024 1437 1078 lectio
1511 1011 1526 1029 ⁸

370 1095 436 1148 mihi
454 1096 560 1150 videtur
572 1109 598 1150 et
618 1099 717 1171 potior.

402 1216 439 1269 V.
457 1217 517 1280 752.
536 1221 633 1270 Homeri
646 1222 738 1270 interea
744 1221 873 1288 famulum
887 1223 994 1272 chinone
1008 1241 1118 1290 supremo

527 1307 615 1354 Moesta
626 1307 723 1355 husus.

370 1403 449 1470 Quod
462 1406 618 1480 Wagnerus
631 1406 665 1461 (le
678 1409 753 1461 Pelle
764 1409 835 1480 regie
846 1447 853 1472 ,
865 1429 915 1462 nos
927 1408 960 1462 de
975 1409 1056 1464 domo
1067 1411 1172 1464 AEsonis
1189 1423 1214 1464 et
1230 1411 1327 1467 familia
1341 1413 1436 1468 intelli·

369 1491 454 1562 gimus
467 1510 473 1544 :
485 1511 567 1564 Qum
578 1493 646 1545 enim
661 1506 758 1566 auctor,
764 1496 821 1566 jam
837 1507 914 1548 antea
932 1493 1010 1547 Pelise
1025 1495 1252 1566 desperationem,
1265 1498 1436 1570 impotentem
1533 1525 1548 1561 ·.

370 1575 511 1646 satellitum
525 1580 582 1649 ejus
598 1576 714 1629 furorem
723 1580 734 1645 (
744 1596 771 1630 v.
785 1596 833 1647 7⁰²
844 1596 851 1630 τ
861 1582 951 1630 Fremit
961 1582 1038 1648 objice
1047 1583 1119 1648 ponti
1140 1584 1227 1632 clausa
1240 1585 1347 1650 .οοΙιονε)
1362 1582 1436 1635 exhi-

369 1659 474 1722 buerit,
491 1672 676 1731 praeposterum
692 1673 758 1714 esset
771 1660 848 1713 Peliae
866 1660 963 1716 domus
978 1661 1215 1716 consternationem
1228 1664 1272 1716 hic
1284 1665 1436 1738 appingere.

370 1743 474 1796 AEsouis
487 1762 551 1796 vero
569 1743 683 1807 ramuli,
697 1743 786 1797 hostili
802 1747 871 1817 regis
888 1757 1017 1818 apparatu
1036 1748 1190 1812 conterriti,
1208 1747 1285 1801 simul
1302 1747 1438 1802 audientes

369 1827 474 1881 AEsonis
485 1839 565 1898 caput
580 1826 622 1880 his
638 1826 718 1881 armis
730 1841 795 1882 tunc
808 1830 880 1901 peti,
902 1829 1030 1883 clamores
1043 1831 1156 1894 tollunt,
1170 1833 1318 1904 periturum
1328 1833 1437 1907 jamjam

369 1911 465 1965 herum
482 1913 689 1985 complorantes.

405 2023 441 2082 V.
462 2029 522 2101 753.
547 2065 730 2082 ...........
745 2032 975 2101 regeretquesregor
981 2053 1030 2102 per
1042 2036 1132 2084 moenia
1145 2033 1233 2103 differt

539 2117 608 2166 uitta
620 2117 685 2166 ciere
696 2132 798 2176 manca,
813 2119 899 2184 etjam
913 2121 975 2168 darc
982 2120 1057 2185 jussa
1071 2119 1178 2168 voeatis.

372 2218 403 2272 ld
414 2231 470 2283 est,
487 2237 579 2273 rumor
589 2239 637 2292 per
649 2232 731 2274 totam
744 2221 837 2274 urbem
847 2233 967 2293 vagatum,
983 2240 1072 2293 regem
1084 2232 1199 2275 armatos
1213 2241 1383 2294 comparare,
1395 2223 1440 2295 qui

370 2307 495 2358 AEsonem
507 2303 674 2358 interficiant.

406 2428 439 2475 V.
464 2425 524 2488 755.
540 2428 688 2492 Nereusque.
701 2453 733 2463 —
742 2427 833 2474 Nemes
846 2434 884 2475 est
901 2422 1004 2493 lignum
1018 2422 1147 2476 sacrificio
1162 2434 1295 2494 paratum.
1312 2421 1354 2477 Sic
1369 2421 1440 2495 apud

371 2508 510 2572 Senecam,
528 2507 608 2561 llere.
628 2507 683 2560 lur.
696 2526 722 2558 v.
737 2509 823 2559 1216:

896 2590 1012 2652 Aggerem

461 2669 465 2676 '
512 2666 818 2724 Quinctrncmmaecmnc
829 2679 927 2711 nemore
934 2673 1053 2726 congesto.

372 2761 492 2815 Valerius
505 2761 613 2816 adhibet
628 2761 722 2816 eodem
736 2779 815 2815 sensu
832 2760 993 2814 vocabulum
1009 2763 1090 2823 silva,
1107 2759 1153 2813 lih.
1171 2761 1232 2827 ΠΙ,
1245 2781 1273 2813 ν.
1286 2765 1356 2821 tati:

513 2869 606 2916 Circum
615 2869 714 2916 humiles
723 2869 789 2922 aris,
800 2869 928 2930 ignotaque
938 2867 1033 2915 nomina
1045 2867 1123 2914 divum

513 2945 626 2999 lnstituit‚
639 2945 743 3006 silvaque
753 2959 824 3007 super
835 2942 958 2990 contristat
966 2958 1048 3004 opaca.

408 3046 441 3094 V.
456 3043 536 3112 768..
555 3046 671 3110 utensque
686 3061 767 3111 genas
782 3055 805 3092 et
817 3043 909 3092 lwnine
921 3043 1020 3110 pressit.
1031 3039 1136 3092 -lloec
1152 3039 1233 3092 vetbtt
1252 3057 1281 3091 os
1296 3037 1380 3094 leonis
1403 3043 1441 3093 ira

372 3139 535 3180 contractum
544 3127 667 3200 pingunt.
688 3127 765 3178 llecte
773 3123 836 3178 Pius
847 3125 989 3196 imaginem
1007 3123 1044 3177 sic
1056 3123 1166 3195 explieat
1179 3142 1185 3174 :
1198 3127 1269 3186 ricae,
1281 3122 1356 3175 hiatu
1369 3125 1441 3187 oris;

372 3210 471 3265 scilicet
484 3209 593 3264 diducto
608 3230 654 3263 ore
670 3227 750 3280 genas
762 3220 788 3262 et
801 3209 901 3260 lumina
915 3207 1208 3280 comprimit,·stringit.

408 3337 441 3384 V.
458 3336 509 3401 767
516 3365 806 3383 .................
823 3342 846 3378 et
854 3330 912 3395 jem
925 3329 1085 3395 ciretmtspisit
1103 3331 1181 3378 AEson

514 3415 648 3466 Proeveniat
665 3431 713 3478 quo
721 3414 779 3482 fine
799 3413 893 3471 minas,
909 3431 957 3478 qrso
970 3411 1034 3478 sota
1047 3425 1161 3478 capessat

515 3500 600 3564 Digna
619 3499 687 3546 satis.

375 3593 569 3667 Apollodotus,
582 3595 628 3648 lib.
651 3596 681 3660 I,
696 3613 755 3668 cap.
776 3614 810 3663 9,
829 3607 892 3648 sect.
913 3615 962 3664 29,
977 3596 1059 3648 relert
1076 3597 1213 3658 AEsonem,
1231 3613 1265 3647 ne
1282 3595 1356 3647 l'elioe
1369 3599 1443 3669 jussu

374 3679 582 3745 interficeretur,
595 3681 680 3750 ipsum
699 3679 749 3733 sihi
761 3693 874 3733 mortem
885 3679 1041 3734 conscivisse
1061 3680 1215 3751 sanguinem
1230 3679 1299 3732 tauri
1311 3677 1443 3746 bibend03

377 3761 531 3815 Alcimeden
540 3781 604 3815 vero
611 3803 619 3829 ,
633 3763 712 3816 Pelia
721 3765 793 3817 mala
804 3763 893 3817 omnia
908 3777 1057 3836 precatam,
1070 3762 1212 3836 suspendio
1223 3763 1304 3817 vitam
1317 3762 1443 3817 finivisse.

410 3847 499 3912 Quum
513 3849 596 3901 exitus
604 3847 760 3901 miserabilis
769 3867 800 3902 ac
813 3849 949 3902 luctuosus
959 3851 1062 3905 Senecae
1072 3887 1080 3912 ,
1089 3847 1192 3901 Lucani
1206 3860 1231 3900 et
1245 3847 1371 3911 aliorum,
1384 3848 1444 3919 qui,

376 3932 486 3986 Neronis
493 3933 569 4004 jussu
576 3970 584 3997 ,
597 3945 709 3987 mortem
721 3933 768 3987 sibi
782 3932 901 3986 conscire
915 3934 1000 3987 coacti
1015 3944 1090 3994 sunt,
1108 3943 1174 4008 tum*
1185 3930 1333 4001 exemplum
1345 3931 1445 3995 Arriae,

375 4015 545 4089 Paulineque
567 4017 654 4070 uxoris
672 4017 798 4082 Senecae,
819 4037 878 4090 que
897 4016 997 4072 maritis
1021 4034 1156 4088 superesse
1175 4034 1229 4067 non
1247 4013 1445 4077 sustinuerunt,

375 4100 511 4153 Valerium
525 4101 714 4166 hortabantur,
729 4114 759 4154 ut
768 4102 906 4156 occasione
920 4101 982 4155 data
996 4111 1113 4154 uteretur
1126 4111 1243 4154 atrocem
1256 4099 1328 4153 exitu
1340 4115 1445 4152 scenam

376 4183 558 4248 describendi,
570 4186 661 4256 quales
678 4187 845 4258 nuperrime,
859 4197 992 4257 spectante
1004 4185 1103 4256 populo
1114 4201 1245 4245 romano,
1259 4196 1388 4254 tyrannus
1401 4200 1445 4234 ex-

378 4267 507 4322 hibuerat.
