3122 5126
347 570 369 617 x
475 538 829 617 PRAEMONITIO
856 540 988 618 NOVl
1017 539 1269 618 EDITORIS

347 678 507 758 l'erenda
534 708 623 757 cum
644 680 856 787 Apollonio
876 681 1051 758 Maronis
1072 681 1246 758 carmina
1272 684 1410 764 recita-

346 833 427 880 rem
439 803 508 907 (1).
523 801 695 880 Proinde
709 831 831 911 quum
839 804 985 880 Valerii
998 802 1126 880 Flacci
1140 806 1409 909 Argonautica

346 957 428 1006 non
456 928 568 1006 novis
597 945 749 1006 tantum
772 930 900 1036 typis,
927 928 994 1007 sed
1020 929 1126 1006 curis
1151 929 1268 1007 etiam
1295 934 1409 1009 novis

345 1069 501 1129 auctum
523 1051 837 1159 illustratumque
853 1052 1002 1158 publici
1019 1052 1120 1160 juris
1141 1050 1266 1131 lacere
1286 1052 1408 1133 desti-

345 1203 500 1271 narem,
534 1176 666 1252 statim
692 1176 820 1254 virum
848 1177 955 1254 hunc
981 1175 1164 1254 doctrina
1193 1178 1342 1283 pariter
1368 1197 1408 1256 et

343 1298 491 1403 ingenii
507 1296 1039 1376 dotibuscommendabilem
1056 1297 1136 1377 adii
1155 1317 1406 1405 precaturus,

343 1422 375 1499 si
397 1421 498 1499 forte
520 1423 561 1499 in
580 1439 733 1528 partem
754 1422 936 1501 laborum
959 1450 1136 1500 meorum
1149 1424 1301 1522 venire,
1324 1425 1406 1502 exi-

331 1546 517 1652 miasque
537 1563 667 1641 notas,
690 1547 904 1624 maximum
926 1545 1046 1653 hujus
1071 1544 1258 1625 editionis
1282 1549 1406 1626 iucre-

343 1685 536 1764 mentum,
560 1666 675 1745 edere
694 1666 942 1772 dignaretur3
962 1694 1088 1775 neque
1103 1668 1314 1748 verendum
1329 1699 1404 1777 pu-

341 1792 437 1885 tavi,
460 1818 530 1886 ne,
550 1818 673 1897 quum
692 1792 843 1898 peritus
864 1790 967 1869 idem
991 1792 1043 1869 sit
1064 1792 1243 1870 Arabicae
1262 1794 1404 1898 linguae

340 1912 541 2019 professor
562 1930 600 1990 et
621 1914 663 1990 in
680 1913 832 1990 diversa
847 1912 977 1991 studia
993 1915 1157 1992 omnino
1174 1913 1404 2012 distractus,

341 2037 447 2114 hunc
468 2036 677 2114 Pharsaliae
696 2064 849 2114 versum
873 2035 961 2138 (lib.
976 2037 1053 2131 ΙΙΙ,
1078 2038 1193 2140 247),
1218 2039 1315 2134 mihi
1337 2066 1403 2116 ro·

341 2161 449 2263 ganti
473 2159 569 2236 male
591 2158 728 2237 feriata
747 2159 963 2236 succineret
984 2158 1152 2238 invidia:

458 2363 592 2436 Ignotum
608 2355 707 2429 vobis,
725 2361 845 2426 Arabes,
862 2358 979 2415 venistis
995 2359 1023 2414 in
1038 2360 1143 2414 orbem.

340 2559 440 2634 Nam
472 2556 676 2662 utriusque
703 2555 808 2633 illius
835 2555 936 2632 orbis
963 2559 1231 2660 Argonautzcc'
1254 2553 1400 2634 nullam

341 2707 420 2756 non
441 2679 658 2783 regionem,
675 2677 734 2754 vel
752 2677 949 2772 Graecam,
968 2675 1026 2754 vcl
1046 2676 1244 2772 Latinam,
1267 2677 1403 2754 lustra-

340 2819 418 2879 tam
450 2819 567 2908 atque
595 2817 838 2906 perspectam
866 2798 996 2876 habet.
1188 2905 1191 2912 Ι

391 2923 468 3002 Sed
492 2923 684 3029 plurimus
711 2922 825 3000 labor
851 2921 1107 3028 corporisque
1132 2920 1314 3001 valetudo
1342 2924 1400 2998 in-

338 3049 469 3142 lirma,
491 3075 613 3153 quum
635 3047 718 3151 ipse
740 3045 846 3123 bona
867 3045 1070 3123 voluntate
1090 3073 1163 3122 nos
1188 3073 1399 3153 proseque-

339 3189 462 3261 retur,
484 3167 768 3274 impedimento
788 3169 911 3264 lucre,
937 3196 986 3244 ne
1007 3167 1167 3272 longum
1186 3171 1400 3275 susciperet

339 3321 456 3399 opus,
472 3293 535 3369 cui
554 3291 743 3397 imparem
766 3288 958 3368 modestia
978 3307 1129 3368 tantum
1151 3319 1219 3368 sua
1239 3319 1327 3370 eum
1349 3293 1400 3370 l'a-

340 3415 479 3494 ciebat.
505 3417 596 3516 Qua
625 3441 693 3520 spe
721 3411 914 3520 dejectus,
942 3413 1050 3490 nolui
1080 3431 1209 3490 tamen
1235 3415 1399 3493 lectores

338 3541 458 3618 tantis
480 3538 626 3644 opibus
645 3537 810 3616 omnino
833 3535 1081 3634 defraudari,
1109 3535 1398 3616 doctissimum·

337 3691 414 3771 que
439 3663 700 3769 professorem
727 3662 883 3766 rogavi,
914 3680 958 3738 ut
982 3677 1119 3756 notas,
1140 3687 1237 3768 quas
1263 3689 1398 3739 omnes

337 3785 472 3891 gallice
509 3785 736 3890 scripserat,
769 3812 920 3862 mecum
955 3783 1243 3862 communicare
1273 3783 1395 3862 vellet.

278 3947 282 3956 ·
338 3911 413 3988 Eas
434 3909 556 4012 igitur
575 3937 698 4016 quum
717 3908 814 3986 mihi
839 3937 912 4014 pro
928 3909 1111 3986 comitate
1132 3935 1199 3985 sua
1219 3924 1258 3984 et
1278 3905 1396 3984 bene-

375 4174 416 4252 (r)
429 4171 494 4232 Vid.
510 4193 574 4251 pag.
591 4175 665 4244 633,
681 4173 787 4232 volum.
798 4176 867 4243 Vll,
884 4185 988 4228 nostrae
1002 4171 1135 4228 editionis
1148 4170 1327 4247 Virgilianae,
1346 4168 1397 4228 ubi

334 4292 387 4352 per
399 4273 563 4344 transitum,
576 4270 642 4328 anui
653 4284 683 4328 et
694 4283 860 4346 argumenta
875 4269 976 4328 harum
996 4269 1151 4326 lectionum
1165 4267 1338 4326 indicantur.
