3192 5128
378 492 526 594 ‘estvm
611 466 613 468 ¹
656 523 960 594 nunovrous
988 522 1220 595 carmon

394 657 538 720 fructum
553 678 589 720 ea
603 677 655 720 res
669 655 774 722 adfert
788 658 956 722 communi
969 658 1057 742 vius,
1069 655 1231 746 optimum
1248 655 1337 722 enim
1352 677 1474 745 quern·

396 783 460 849 que
473 785 599 828 summa
616 785 678 852 ope
696 763 756 828 ulti
772 763 881 846 decet,
895 779 933 830 ut
948 763 1088 852 reipubl.
1100 763 1155 830 cul
1170 774 1265 830 uatus
1282 778 1348 840 est,
1365 783 1471 852 quam

395 869 532 933 maxime
553 870 665 959 prosit.
689 869 831 934 Proinde
850 885 887 934 tu
905 869 986 934 mihi
1005 869 1156 958 praeclare
1172 869 1309 933 sensisse
1327 868 1472 948 videris,

393 977 451 1063 qui
470 973 567 1040 nullis
589 975 791 1063 sumptibus,
810 975 907 1042 nullis
923 975 1089 1042 laboribus
1109 973 1309 1070 parcendum
1328 973 1472 1056 duxisti,

394 1079 474 1144 dum
486 1079 658 1169 aliquando
674 1082 756 1171 grati
772 1081 849 1146 civis
870 1079 978 1145 officio
992 1080 1179 1169 defungaris
1190 1129 1199 1163 ,
1210 1097 1243 1145 et
1254 1096 1304 1146 tot
1316 1095 1471 1145 vetemm
1553 1131 1555 1138 t

396 1188 623 1277 theologorum
640 1189 862 1253 monumentis
876 1188 1066 1277 conquisitis
1080 1186 1172 1277 (quae
1183 1185 1473 1276 partimateedita

396 1311 490 1372 sunt,
515 1295 637 1393 partim,
654 1294 795 1362 edentur
809 1294 959 1385 postea),
979 1297 1101 1385 Bruges
1115 1311 1186 1361 tuas
1208 1293 1411 1383 amplissimis
1433 1307 1473 1357 et

395 1422 564 1488 nunquam
585 1400 838 1465 intermorituris
856 1399 978 1464 meritis
996 1421 1104 1465 ornes.
1126 1399 1210 1465 Nam
1226 1420 1342 1464 eorum
1354 1398 1470 1463 consi·

392 1506 473 1569 lium
489 1527 660 1595 nunquam
677 1503 808 1572 laudare
827 1506 940 1594 potui,
959 1505 1018 1594 qui
1031 1527 1135 1572 novos
1148 1505 1183 1570 in
1198 1503 1283 1588 dies,
1297 1503 1378 1570 alius
1389 1518 1472 1592 post

337 1647 340 1656 ι
391 1611 507 1693 alium,
531 1610 627 1676 nobis
653 1611 778 1677 libellos
800 1612 947 1676 certatim
978 1609 1142 1694 afferunt,
1165 1633 1183 1675 e
1206 1611 1326 1699 quibus
1349 1630 1410 1676 nce
1430 1609 1471 1672 in

392 1718 553 1805 rempubl.
568 1717 690 1784 utilitas
710 1719 793 1800 ulle,
806 1739 867 1784 neo
888 1718 923 1782 in
940 1735 1110 1783 auctorem
1122 1716 1233 1806 ipsum
1254 1714 1395 1805 dignitas
1410 1729 1474 1778 aut

392 1823 492 1912 gratia
503 1826 677 1912 perveniat.
695 1826 768 1891 Mea
780 1827 827 1890 sic
842 1840 892 1891 est
902 1826 1003 1890 ratio:
1020 1824 1102 1889 dum
1115 1845 1199 1889 nova
1213 1821 1363 1913 quotidie
1375 1843 1473 1886 excu·

393 1929 527 2014 dunurr,
543 1947 576 1995 et
589 1931 628 1995 iis
638 1979 648 2013 ,
659 1954 731 2019 quae
747 1953 790 1996 ne
806 1932 957 1996 umbram
971 1929 1104 2019 quidem
1119 1930 1242 1996 habent
1255 1929 1472 2016 antiquorum

392 2051 583 2119 auctorum,
607 2053 763 2125 tanquam
790 2036 832 2101 ad
854 2037 1003 2102 sireneos
1026 2037 1177 2125 scopulos
1198 2049 1473 2100 consenescentes

392 2142 616 2225 immoramur,
641 2166 710 2209 non
735 2166 851 2232 parum
880 2143 1083 2232 antiquitati,
1108 2165 1180 2231 quse
1197 2142 1303 2206 multo
1327 2139 1472 2228 amplius

393 2246 494 2331 vidit,
512 2246 659 2338 derogari
675 2249 835 2314 existimo.
856 2248 985 2333 Quibus
1003 2249 1091 2313 enim
1107 2264 1242 2337 propter
1257 2246 1359 2312 solam
1379 2246 1474 2310 novi·

393 2368 492 2416 tatem
505 2353 634 2416 aurium
650 2375 748 2443 opera
765 2352 834 2418 dari
847 2354 1033 2435 consuerit,
1046 2377 1083 2416 ea
1100 2354 1207 2440 primo
1222 2350 1355 2440 quidem
1368 2365 1472 2440 gustu

394 2474 575 2546 utcumque
590 2460 788 2524 tolerantur:
802 2477 956 2524 caeterum
969 2459 1105 2547 repetita
1118 2458 1208 2523 haud
1216 2459 1283 2539 jam
1293 2453 1472 2522 ferendum

395 2564 559 2630 fastidium
572 2565 725 2632 afferunt.
738 2571 846 2654 Atque
859 2566 939 2630 hinc
952 2564 1023 2630 lieri
1036 2563 1152 2646 credo,
1165 2580 1204 2628 ut
1215 2579 1264 2630 tot
1275 2563 1473 2653 proletarios

394 2688 428 2735 et
443 2672 547 2760 eapite
556 2694 683 2755 censos,
695 2673 788 2738 liceat
800 2675 839 2737 iis
852 2672 958 2736 verbis
972 2671 1034 2754 uti,
1049 2670 1222 2758 scriptores
1237 2669 1336 2734 hodie
1348 2667 1473 2733 habea·

395 2801 484 2860 mus3
498 2777 668 2843 classicum
682 2801 762 2842 vero
780 2794 814 2843 et
828 2779 1017 2867 posteritate
1033 2776 1171 2866 dignum
1185 2777 1239 2840 vix
1249 2797 1355 2844 unum
1370 2791 1473 2864 atque

397 2883 545 2950 alterum.
558 2885 647 2973 Ego,
657 2883 837 2967 mehercle,
847 2883 905 2972 qui
916 2897 983 2958 tam
996 2882 1081 2948 bene
1093 2882 1342 2948 humanioribus
1353 2882 1471 2947 studiis

396 2990 511 3079 cupio,
525 3013 624 3079 quam
638 2989 696 3079 qui
709 2990 849 3080 optime,
861 2989 964 3055 nolim
979 2988 1142 3080 quidquid
1156 2989 1335 3078 unicuique
1344 2989 1396 3055 vel
1410 3011 1474 3078 pen

398 3097 564 3164 somnium
586 3099 619 3162 in
640 3114 784 3164 mentem
807 3099 915 3181 venit,
933 3097 1085 3190 protinus
1099 3097 1280 3187 posteritati
1299 3119 1472 3162 commen·

398 3202 485 3286 deri,
497 3219 805 3292 sacrosanctumque
817 3203 947 3271 haberi:
959 3225 1031 3293 quae
1044 3219 1152 3269 tamen
1166 3201 1372 3269 eonsueutdo
1386 3201 1473 3268 adeo

397 3309 569 3375 invaluisse
579 3308 718 3394 videurr,
728 3325 767 3374 ut
774 3310 956 3400 periculum
968 3311 1092 3388 existat,
1103 3311 1328 3376 neVeteribus
1336 3331 1473 3399 pessun-

399 3415 498 3498 datis,
508 3415 585 3481 solis
598 3417 769 3483 neotericis
784 3416 1017 3484 adherendum
1027 3417 1070 3482 sit
1081 3439 1089 3484 t
1100 3416 1134 3482 id
1145 3417 1172 3482 si
1186 3416 1256 3500 fiat,
1268 3415 1348 3506 quid
1361 3437 1474 3504 supen-

397 3537 457 3604 est,
471 3520 533 3586 nlsi
548 3536 586 3600 ut
597 3523 740 3610 politiori
754 3510 927 3589 literatur'm
940 3523 1142 3613 epitaphium
1156 3523 1345 3606 scribamus,
1358 3535 1472 3611 postea¹

398 3651 568 3718 uunquam
580 3629 768 3694 revicturae?
780 3629 853 3695 Mea
867 3628 1000 3718 quidem
1011 3631 1173 3699 sententia
1185 3629 1339 3695 omnibus
1356 3642 1472 3716 eptam

396 3731 477 3796 dnm
488 3748 588 3818 esset,
598 3733 660 3798 nisi
672 3735 818 3824 plerique
830 3735 998 3817 mortales,
1012 3736 1129 3808 insano
1140 3733 1281 3825 quodam
1296 3733 1347 3798 sui
1359 3750 1472 3797 amore

398 3860 529 3904 sursum
539 3862 577 3903 ac
592 3837 747 3906 deorsum
759 3841 861 3928 repti,
875 3862 894 3903 a
906 3840 1034 3928 pietatis
1051 3863 1088 3905 uc
1099 3839 1197 3904 officii
1209 3838 1365 3928 religione
1376 3836 1473 3902 decli·

399 3959 531 4026 nerent,
546 3963 585 4011 nt
600 3945 658 4034 qui
670 3947 715 4012 ita
727 3932 961 4036 seripturiunt,
972 3947 1123 4013 homines
1137 3945 1309 4033 caeteroqui
1320 3944 1472 4032 hequen·

398 4069 447 4117 ter
455 4068 489 4118 et
497 4051 616 4118 eruditi
624 4070 658 4119 et
666 4053 834 4144 diligentes
843 4053 884 4120 ad
890 4054 1024 4120 Veteres
1032 4053 1193 4120 eruendos
1202 4049 1472 4117 scemendandos

399 4175 486 4224 totos
500 4181 569 4224 sese
582 4161 779 4225 conferrent.
793 4160 1025 4226 Detraheretur
1041 4157 1175 4248 quidem
1190 4181 1257 4223 non
1273 4157 1355 4222 nihil
1368 4156 1470 4222 libros

401 4287 474 4329 rum
495 4265 714 4348 multitudini,
733 4289 805 4354 quae
823 4267 907 4348 jam,
930 4267 1014 4337 sicut
1033 4265 1087 4344 ille
1107 4264 1231 4354 iuquit,
1246 4259 1473 4354 magnitudine
