3116 5102
345 549 414 620 326
551 549 796 632 intutus
828 549 969 619 uteru
1001 547 1196 636 Qururr.

381 672 508 750 principi
519 675 620 746 scyro,
632 670 771 745 nid-259.
783 669 888 728 Omina
900 670 1041 730 nonnulle
1054 670 1146 729 tristia
1161 672 1287 746 fuciunt,
1303 684 1336 730 ut
1348 691 1406 731 non

381 763 516 824 sacerdos
530 775 641 822 tuntum
658 759 771 822 tradere
781 762 888 841 vellus,
911 762 962 820 sed
973 768 1074 822 Perses
1089 763 1193 836 etiam,
1214 765 1289 842 regis
1306 764 1406 837 freter,

381 855 514 926 suadent,
530 854 566 912 de
582 873 641 932 quo
657 855 764 914 texite
779 848 936 912 excanduit
950 853 1010 928 irs,
1034 866 1068 912 ut
1080 859 1187 914 Persen
1201 874 1269 914 ense
1286 869 1405 935 peteret

381 951 436 1008 Hic
450 967 520 1005 vero
535 948 655 1026 effugit,
669 967 738 1006 mox
753 947 874 1006 collecto
888 947 1017 1006 exercitu
1034 945 1125 1020 redit,
1140 947 1337 1027 impetumque
1347 948 1406 1026 jum

381 1043 411 1099 in
426 1040 529 1100 urbem
544 1041 665 1116 fecerat,
680 1039 731 1099 sed
748 1041 870 1113 fumun,
887 1040 1031 1113 ndo-278.
1047 1041 1111 1103 uoc
1125 1041 1335 1124 ipso-tempore
1350 1041 1405 1100 ed-

380 1133 460 1193 venit
473 1139 571 1193 iason.
585 1138 662 1193 Juno
678 1145 707 1192 et
719 1134 812 1192 Pallas
828 1133 948 1192 consilia
961 1133 1130 1205 conferunt,
1147 1133 1254 1207 utrius,
1267 1139 1358 1194 AEetae
1370 1153 1414 1198 ιιι.

381 1232 492 1300 Persae,
511 1225 643 1304 partibus
659 1226 749 1292 velint
767 1223 920 1297 accedere,
938 1237 968 1283 et
983 1229 1072 1285 AEetae
1088 1224 1222 1296 tandem,
1242 1223 1280 1283 κά
1296 1239 1407 1303 tempus

363 1318 513 1403 quidem,
526 1319 623 1377 iuvere
636 1319 823 1404 constituunt.
836 1321 1029 1387 incommune
1039 1337 1116 1376 nova
1128 1317 1183 1376 sibi
1197 1315 1331 1376 adeunda
1345 1318 1407 1375 sore

383 1411 511 1489 pericula
529 1411 718 1488 praesagiens,
736 1409 831 1469 socios
850 1422 945 1468 temen
963 1407 1043 1468 bono
1053 1407 1138 1487 jubet
1151 1409 1247 1466 animo
1261 1427 1336 1480 esse,
1351 1427 1407 1465 no-

381 1523 505 1580 vemque
518 1517 598 1562 sorte
611 1502 707 1581 eligit,
718 1503 769 1580 qui
784 1502 821 1560 κά
835 1522 934 1582 regem
946 1502 1134 1574 comitentur,
1146 1503 1289 1579 279-329.
1303 1499 1407 1560 Medea

382 1595 451 1654 diris
466 1596 585 1654 somniis
602 1608 631 1653 et
646 1596 709 1672 ipsa
725 1594 841 1654 turbate
857 1593 895 1653 κά
910 1593 1034 1666 flumen,
1053 1608 1087 1652 nt
1105 1594 1202 1654 omina
1220 1605 1406 1672 procuraret,

382 1707 465 1745 mene
487 1701 549 1746 erut
569 1706 731 1765 progressa.
751 1693 838 1762 Quae,
857 1707 947 1765 quum
968 1707 985 1746 e
1004 1687 1164 1765 longinquo
1184 1686 1262 1745 viros
1282 1699 1407 1745 armatos

382 1780 618 1857 appropinquare
638 1777 903 1852 animadvertisset,
923 1779 1056 1838 extimuit
1078 1779 1194 1857 prium
1217 1773 1268 1836 sed
1290 1776 1406 1848 nutrix,

382 1871 490 1948 Phryxi
508 1869 674 1941 recordata,
688 1877 807 1930 Grecos
823 1872 911 1930 hosce
927 1871 1054 1930 advenas
1074 1889 1136 1929 esse
1154 1868 1322 1942 confirmat,
1336 1869 1408 1926 330-

378 1963 449 2022 363.
468 1967 557 2022 Jnsou
570 1981 648 2022 novo
661 1961 878 2040 pulchritudine
892 1983 910 2022 ιι
926 1968 1042 2024 Jnnone
1061 1961 1270 2021 condecoratus
1287 1961 1409 2040 propius

381 2054 494 2114 accedit
515 2054 552 2113 ed
576 2053 710 2118 Medeam
730 2053 947 2126 mirabundam,
963 2053 1136 2132 blandisque
1157 2051 1194 2112 ub
1219 2071 1255 2110 es
1275 2051 1409 2130 alioquiis

382 2148 471 2227 petit,
487 2161 519 2208 nt
532 2147 607 2227 regis
625 2145 750 2208 adeundi
765 2148 841 2206 viam
856 2159 1027 2226 tempusque
1044 2143 1178 2216 edoceu,
1199 2143 1341 2220 3⁶4·³91·
1361 2143 1408 2204 ud

382 2238 444 2298 bec
457 2238 563 2298 Medea
577 2258 608 2298 se
621 2239 696 2317 regis
709 2237 826 2318 quidem
840 2239 928 2298 filiam
941 2257 1004 2296 esse
1019 2238 1142 2310 fatetur,
1158 2255 1218 2294 non
1231 2250 1328 2296 tamen
1342 2255 1408 2294 eum

382 2329 491 2407 ipsein
506 2328 609 2390 urbem
624 2330 760 2403 deducit,
779 2330 831 2390 sed
846 2349 934 2390 unam
950 2351 966 2389 e
983 2327 1137 2388 comitibus
1152 2329 1207 2388 vire
1223 2327 1275 2388 dat
1291 2327 1409 2402 ducem,

382 2441 448 2500 quae
464 2421 564 2482 urbem
579 2423 699 2482 intranti
713 2423 789 2483 Solis
803 2424 944 2502 templum
957 2436 1115 2494 monstrnt,
1129 2422 1160 2480 in
1173 2440 1233 2500 qno
1247 2440 1314 2494 rex,
1335 2421 1410 2481 Solis

382 2515 493 2593 quippe
505 2515 596 2588 iilius,
607 2526 738 2574 senatum
752 2516 844 2574 soient
856 2513 981 2586 habere,
993 2517 1137 2590 θρα-407.
1156 2519 1246 2574 Jeson
1259 2514 1319 2572 boc
1333 2525 1408 2572 tem-

383 2605 464 2683 plum
489 2606 599 2666 intretis
622 2618 736 2684 stupet,
757 2621 844 2685 etque
865 2606 1029 2686 anaglypha
1051 2607 1081 2665 in
1105 2607 1207 2685 primis
1231 2618 1260 2665 et
1284 2607 1316 2664 in
1336 2607 1410 2666 atrio

382 2710 413 2759 et
430 2699 461 2756 in
475 2698 568 2759 vulvis
581 2700 754 2778 conspicua,
774 2717 840 2778 quse
853 2701 960 2778 pnrtim
973 2699 1012 2758 ed
1026 2700 1139 2771 Solem,
1159 2701 1266 2777 partim
1280 2698 1319 2757 nd
1335 2699 1409 2758 nnti-

383 2791 523 2868 quitetem
535 2790 717 2865 Colchicsm,
728 2793 837 2871 partim
850 2793 924 2852 adeo
944 2792 983 2852 ad
1001 2793 1098 2851 firmrn
1113 2789 1261 2851 Colchidis
1270 2791 1331 2848 fetu
1341 2791 1409 2868 spe-

383 2897 511 2956 ctarent,
530 2883 703 2958 admiratum,
724 2886 865 2955 [ωδ-456.
877 2885 1009 2944 Tandem
1028 2905 1080 2944 rex
1102 2885 1165 2962 ipse
1188 2901 1254 2942 oum
1274 2883 1337 2941 filio
1355 2881 1411 2941 Ab

383 2991 479 3054 syrte,
496 2977 595 3037 futuro
617 2997 723 3055 genero
743 2983 844 3056 Styro,
866 2979 976 3057 Phryxi
995 2978 1061 3036 filiis
1080 2995 1239 3055 mugituque
1257 2995 1410 3054 procerum

384 3081 501 3128 caterva
511 3069 633 3148 stipatus
646 3083 776 3150 apparet.
788 3077 878 3132 Jnson
886 3070 977 3130 verba
988 3072 1056 3129 facit
1066 3092 1074 3128 t
1084 3089 1114 3130 sc
1126 3082 1279 3147 cognatum
1290 3068 1410 3141 venisse,

325 3199 328 3204 -
385 3181 446 3220 nou
459 3176 578 3239 sponte,
595 3163 646 3222 sed
656 3159 768 3240 jussum
785 3177 872 3242 utque
886 3178 1035 3236 cosmum,
1050 3175 1083 3221 ut
1093 3161 1188 3220 relius
1198 3174 1344 3239 repeteret
1358 3179 1410 3220 au-

386 3273 483 3328 reum,
494 3253 601 3332 quibus
612 3253 697 3314 dictis
707 3270 737 3315 et
747 3255 824 3314 donn
835 3256 926 3328 nddit,
940 3255 1082 3332 idq-519.
1095 3260 1175 3314 Inutr
1184 3253 1305 3331 quidem
1316 3253 1412 3311 fremit

386 3366 453 3418 rex,
464 3346 538 3405 iram
552 3359 648 3406 temen
659 3347 839 3421 dissimulat,
851 3363 881 3407 et
894 3362 961 3406 ente
977 3347 1074 3406 omnin
1087 3347 1230 3424 postolat,
1246 3360 1280 3404 nt
1292 3345 1323 3403 in
1336 3365 1410 3424 prae-

386 3439 473 3498 sentis
485 3436 556 3498 belli
568 3439 733 3500 societatem
749 3441 845 3499 veniet
857 3445 960 3514 Iason,
976 3439 1124 3507 bno-542.
1137 3442 1263 3497 Coactus
1278 3437 1327 3495 bic
1341 3455 1410 3494 eon-

387 3534 490 3603 sentit,
502 3531 660 3609 mittitque,
671 3535 723 3611 qui
732 3539 916 3612 Argonautas
928 3533 967 3592 de
981 3533 1038 3592 hoc
1051 3532 1128 3611 regis
1140 3530 1261 3589 oonsilio
1276 3529 1411 3587 certiores

387 3625 490 3691 saciat,
505 3628 668 3698 Castorem,
684 3627 827 3696 trs-558.
840 3631 997 3706 Insurgunt
1007 3643 1121 3695 omnes,
1134 3636 1164 3681 et
1175 3623 1291 3701 egregio
1302 3621 1412 3700 agmine

387 3715 541 3787 incedunt,
556 3715 606 3776 ubi
618 3738 670 3776 rex
680 3719 782 3798 epulas
794 3721 936 3792 instituit,
951 3719 980 3776 in
997 3717 1106 3796 quibus
1116 3721 1204 3776 Juson
1215 3715 1335 3774 comites
1347 3733 1414 3773 suos

387 3810 466 3886 regi,
485 3809 533 3868 hic
551 3829 689 3888 proceres
707 3813 834 3871 vicissim
856 3832 924 3871 suos
940 3812 1030 3884 sistit,
1048 3809 1188 3886 559618.
1205 3812 1319 3866 Interea
1334 3811 1415 3865 Mars

387 3903 451 3961 edit
468 3907 587 3974 Jovsm,
607 3904 777 3982 questurus,
794 3905 875 3982 quod
898 3903 1027 3976 deabus,
1042 3921 1107 3981 qute
1127 3919 1176 3959 ees
1194 3919 1255 3957 non
1276 3899 1413 3969 deceant,

388 3994 546 4068 concedet,
575 4009 605 4054 et
627 3997 658 4054 in
684 3997 831 4055 Palladem
857 3996 989 4074 inprimis
1016 3993 1171 4052 invehitur.
1198 3997 1269 4054 Haec
1294 3990 1416 4068 inmugit
1497 4010 1503 4030 ¹

389 4098 500 4146 contra.
523 4089 638 4164 Jupiter
661 4090 775 4168 utrique
797 4089 942 4148 silentium
969 4087 1100 4165 imponit.
1131 4091 1223 4144 Musae
1243 4084 1280 4142 ad
1304 4099 1415 4142 mensas

390 4177 529 4240 secundus
544 4179 668 4254 hymnos
684 4196 805 4253 canunt,
820 4181 927 4259 Apollo
940 4180 1036 4257 pulset
1047 4181 1155 4256 lyram,
1167 4175 1349 4254 Ganymedes
1360 4193 1415 4253 po-

389 4271 455 4332 ctdn
468 4271 621 4343 ministrat,
639 4273 735 4332 donec
751 4271 787 4332 sd
803 4293 920 4334 somnos
935 4285 1058 4351 surgunt
1073 4269 1115 4330 dii
1129 4268 1262 4347 denque,
1273 4266 1416 4347 ⁶¹9&-
