3226 5114
379 539 441 600 otia
680 537 715 598 C.
740 534 933 598 VALERII
966 537 1139 600 FLACCI

421 667 554 745 Jamjam
571 664 638 727 alite
656 663 754 744 vires,
772 663 956 752 majoraque
971 665 1128 753 sanguine
1144 682 1257 730 nostro

420 781 566 845 Vincunt
580 779 643 842 fata
658 777 764 858 Iovis,
781 778 889 865 potior
904 779 956 842 cui
973 801 1049 842 eura
1065 783 1200 843 suorur'n
1216 797 1274 846 est.

420 898 527 981 Atque
544 891 643 974 adeo,
659 911 765 978 neque
780 912 841 981 ego
856 892 940 955 hanc
957 893 1053 955 motis
1071 907 1213 957 avertere
1229 895 1335 958 ventis

422 1008 554 1071 Tentavi
565 1055 574 1088 ,
587 1005 717 1070 tenuive
732 1023 852 1070 ratem:
869 1029 929 1069 nec
943 1005 1008 1085 jam
1025 1027 1115 1069 mora
1134 1009 1231 1070 morti

422 1123 505 1186 Hinc
521 1125 582 1185 erit
598 1121 662 1184 ulla
677 1137 751 1184 tuae.
765 1121 868 1208 Reges
885 1140 1014 1207 preme,
1034 1119 1131 1202 dure,
1146 1121 1342 1187 secundos».
1405 1143 1443 1180 ,ιο

421 1229 565 1300 Abstulit
580 1235 656 1300 inde
672 1236 803 1316 oeulos,
821 1251 997 1321 natumque
1015 1249 1048 1298 et
1066 1235 1168 1299 tristia
1185 1236 1336 1324 linquens

420 1351 545 1432 Praelia,
566 1351 742 1438 sanguineo
759 1365 858 1414 terras
875 1365 966 1437 pater
980 1349 1070 1413 alluit
1085 1367 1175 1414 aestu.

462 1464 625 1552 Principio
640 1462 770 1545 fluvios,
787 1477 1000 1551 gentemque,
1015 1480 1046 1527 et
1060 1464 1154 1528 litora
1171 1464 1289 1530 ductor

420 1578 596 1666 Explorare
610 1578 722 1660 jubet;
738 1577 947 1665 paullumque
965 1599 1110 1665 egressus
1127 1579 1273 1661 Echion,

422 1693 551 1757 Invenit
566 1692 704 1755 obscura
721 1691 858 1780 gemitus
874 1692 908 1754 in
923 1691 1003 1754 valle
1019 1693 1201 1758 trahentem
1404 1719 1442 1758 sss

423 1805 512 1870 Clam
524 1805 697 1885 juvenem,
714 1819 747 1866 et
762 1805 832 1867 caesi
850 1821 1038 1868 moerentem
1056 1827 1176 1869 nomen
1196 1809 1299 1872 aurici.

402 1897 497 2000 3119,
510 1920 615 1982 virum
633 1931 795 1982 utcontra
811 1919 1011 2002 venientem,
1027 1921 1240 2010 umbrataque
1255 1922 1336 1986 vidit

421 2036 579 2122 Tempora
594 2034 762 2098 Parrhasio
778 2036 875 2122 patris
894 2033 935 2098 de
952 2057 1044 2099 more
1060 2037 1185 2125 galem,

421 2150 634 2237 Paciferaeque
651 2171 750 2212 manu
768 2149 988 2237 nequidquam
1003 2151 1137 2240 insignia
1151 2152 1264 2240 virgae,

423 2263 521 2326 «Heu
535 2263 628 2351 fuge,
643 2261 702 2343 ait,
716 2277 821 2341 certo,
836 2263 1035 2351 quicumque
1051 2287 1101 2345 es,
1116 2265 1258 2353 perdite,
1271 2290 1384 2354 passu,
1403 2290 1441 2332 nto

413 2455 463 2500 128.
480 2455 557 2514 Atque
565 2451 622 2498 ideo.
634 2450 708 2498 Codd.
720 2461 744 2498 et
756 2451 810 2498 edd.
824 2461 878 2498 ente
886 2453 965 2500 Heius.
980 2479 1010 2487 -
1023 2453 1122 2499 tumim
1131 2465 1228 2501 avertere
1237 2457 1321 2501 ventis.
1333 2456 1407 2502 codd.
1418 2465 1442 2502 et

379 2534 432 2581 edd.
443 2543 497 2580 ente
508 2535 573 2581 Cur.
584 2559 610 2570 -
621 2535 672 2581 130.
681 2535 755 2596 Reges
762 2533 859 2579 doliture
868 2534 988 2580 secundos.
1002 2535 1067 2581 Gerr.
1076 2536 1119 2581 En.

379 2711 460 2768 vires,
480 2707 521 2760 vie
542 2711 645 2780 major,
668 2711 813 2776 majoraque
827 2710 885 2758 virt·
929 2706 1067 2770 dolosum,
1086 2721 1115 2760 nt
1137 2707 1247 2762 decebat
1265 2709 1391 2762 Mercurii
1411 2709 1441 2761 fi-

378 2801 436 2838 cunt
445 2788 508 2855 sata
525 2785 594 2855 (vide
604 2789 667 2855 fata
679 2789 790 2855 majora,
804 2786 872 2838 vt11
877 2821 885 2850 ,
929 2785 995 2837 lium
1006 2804 1013 2850 ;
1025 2788 1071 2858 qui
1085 2787 1224 2858 paululum
1240 2805 1390 2859 progressus
1403 2793 1442 2840 ἰη-

379 2865 431 2934 389
440 2883 447 2928 ;
455 2866 597 2933 magumV,
605 2867 666 2936 687)
677 2869 750 2926 lovis,
757 2869 841 2933 potior
849 2869 888 2916 cui
931 2869 994 2917 venit
997 2869 1111 2934 juvenem
1120 2908 1127 2932 ,
1137 2867 1276 2936 Timanta(
1286 2887 1308 2920 v.
1322 2871 1402 2938 187),
1412 2868 1441 2918 in

380 2963 547 2996 ceraseorum
559 2959 607 3009 est,
623 2946 670 3016 qui
684 2963 737 2997 non
750 2945 801 2997 uisi
818 2943 887 3016 proli
931 2944 1043 2998 obscura
1062 2945 1130 2998 vatte
1150 2958 1313 3017 gementem,
1337 2961 1361 2998 et
1383 2951 1443 2997 etesi

382 3041 435 3076 oue
450 3023 530 3076 favet.
931 3039 1068 3075 merentem
1080 3045 1167 3078 nomen
1179 3029 1265 3086 ararici,
1277 3026 1361 3096 ipsum
1374 3026 1441 3077 ami·

418 3103 475 3154 130.
485 3107 563 3169 Reges
571 3121 666 3170 preme,
677 3105 745 3162 ἅτινα,
755 3105 885 3154 secundos.
931 3104 1232 3176 cum‚veltr1stivoce
1248 3121 1344 3156 nomen
1364 3121 1442 3175 repe-

377 3179 775 3252 AcerbeapostrophendJovem
784 3181 885 3251 ipsum:
931 3191 1039 3233 tentem.

380 3279 444 3331 age,
458 3277 556 3330 perge,
570 3271 599 3311 ut
610 3260 693 3320 scies,
708 3259 815 3329 iniquus
832 3277 887 3312 esse
971 3261 1027 3329 137.
1047 3262 1101 3326 Qui
1119 3279 1202 3332 quum
1225 3262 1311 3314 virum
1331 3263 1441 3332 propius

374 3335 402 3392 in
414 3337 568 3404 adcedens,
580 3349 629 3391 ate
640 3337 779 3390 secundos.
855 3337 859 3342 ’
931 3339 1097 3392 accedentem
1105 3341 1222 3404 videret,
1233 3351 1258 3392 et
1264 3345 1372 3391 umbrata
1381 3347 1442 3392 Par·

416 3419 474 3470 132.
493 3420 634 3485 Sanguineo
647 3431 717 3469 oestu.
732 3416 780 3468 Vir
792 3415 886 3470 doetus
929 3422 1024 3478 thasie,
1037 3419 1272 3490 Arcadico,gclero
1282 3433 1441 3488 temporepe-

378 3499 488 3564 (Iortt'n)
505 3495 532 3547 in
547 3495 657 3548 Misceli.
674 3495 823 3547 Obsevol.
833 3496 885 3559 IV,
929 3499 1442 3569 trr'sdemore(retineripossit‚Mercurii

375 3575 408 3627 Τ.
422 3575 464 3635 ΙΙ,
478 3592 506 3644 p.
519 3575 566 3626 168
575 3611 582 3638 ‚
591 3574 726 3626 Valerium
739 3575 886 3645 suspicetur
928 3577 1086 3647 nempe,qui
1097 3577 1198 3647 galeam
1209 3577 1285 3630 etiam
1295 3576 1386 3639 haben
1397 3595 1439 3628 re·

376 3653 507 3706 imitatum
518 3670 574 3704 esse
591 3652 884 3719 Homerum‚Il.XVI,
930 3656 997 3708 ctius
1011 3665 1116 3718 tamen,
1135 3657 1163 3710 ni
1179 3657 1273 3721 fallor,
1292 3659 1383 3726 patrr'oe
1409 3660 1442 3706 de

377 3733 444 3800 459:
459 3730 496 3782 uti
511 3749 606 3800 nempe
619 3732 736 3804 Jupiter,
755 3749 837 3802 quum
852 3731 884 3782 tt-
929 3753 1009 3795 more,
1030 3734 1068 3786 uti
1082 3735 1140 3786 vult
1158 3737 1278 3807 Cuperus
1291 3767 1298 3798 ,
1312 3734 1390 3786 Obss.
1410 3753 1439 3804 p.

375 3809 426 3862 lius
434 3808 567 3879 Sarpedon
580 3810 723 3863 moriturus
733 3821 814 3875 esset,
826 3810 885 3881 plu·
930 3816 996 3878 282,
1006 3811 1050 3864 ed.
1061 3812 1134 3883 Lips.
1146 3819 1171 3882 ),
1182 3815 1347 3882 paciferoeqne
1357 3815 1440 3880 virga

374 3889 444 3941 viam
463 3890 631 3959 sanguineam
653 3889 769 3954 miserit,
787 3889 821 3940 itu
839 3889 883 3942 hic
927 3891 1063 3962 (pacifere
1075 3895 1161 3954 oliva,
1172 3892 1267 3963 VirgiI.
1281 3894 1342 3944 AEn.
1356 3891 1439 3956 VIII,

374 3968 544 4037 Neptunum,
564 3967 715 4020 imminente
727 3967 820 4040 Amyci
833 3967 884 4018 filii
931 3973 1283 4038 116)insignianequidqnam
1291 4009 1298 4030 ‚
1307 3967 1372 4020 nihil
1380 3987 1442 4038 pro·

374 4056 475 4108 morte,
489 4046 637 4116 sanguinein
652 4047 730 4100 undis
746 4058 829 4099 terras
843 4047 883 4099 el·
928 4049 1015 4100 sutura
1025 4048 1097 4118 apud
1106 4061 1206 4102 trucem
1218 4061 1242 4100 et
1249 4047 1441 4118 inhospitalem

375 4125 457 4178 luere.
666 4145 667 4150 ¹
926 4128 1167 4197 regemserentem.

352 4243 356 4250 -
415 4203 473 4258 133.
489 4205 569 4256 Jason
586 4202 620 4256 nd
638 4203 826 4276 explorandam
839 4223 881 4257 re·
964 4213 1022 4269 140.
1037 4211 1121 4275 Fuge,
1141 4222 1220 4268 cereo,
1238 4209 1384 4273 quicumque
1396 4224 1440 4265 es,

381 4283 483 4354 pionem
493 4283 586 4337 eruittit
594 4286 725 4337 Echionem
733 4295 848 4340 astutum
857 4293 883 4335 et
920 4285 1016 4351 perdite
1023 4303 1102 4353 passu
1108 4323 1117 4350 ,
1134 4286 1281 4340 certissime
1293 4285 1401 4338 obvium
1416 4284 1439 4336 is
