3116 5102
348 497 735 570 nnoonnurmort
761 502 848 572 tm.
872 508 912 570 v.
1093 512 1154 600 371

178 630 255 696 Illos
265 629 339 696 Sole
350 647 455 714 satus,
468 634 562 698 tacita
574 635 797 702 moestissimus
807 638 870 722 ira,

135 744 272 810 Miratur
282 760 404 811 temere
415 763 617 837 assumptos,
628 771 690 814 nec
701 751 774 814 talia
786 753 895 820 mallet

134 859 281 944 Robora,
295 882 394 950 quam
405 861 530 929 medios
542 863 671 929 bostem
682 865 819 932 subiisse
830 884 972 957 penates.
1121 889 1160 942 ⁵7.

132 974 261 1042 Interea
272 977 345 1041 leto
355 977 479 1065 patitur
492 977 637 1043 convivia
649 979 760 1059 vultu,
1065 999 1069 1006 ·

132 1090 175 1156 Et
184 1091 275 1172 juxta
285 1090 467 1158 AEsoniden
479 1115 599 1184 magno
613 1109 735 1157 cratere
745 1093 892 1176 lacessit,

131 1204 231 1271 Nunc
246 1205 309 1272 sibi
326 1223 561 1273 monstrantem
579 1223 672 1274 natos
689 1208 795 1290 Iovis,
813 1229 935 1296 nmque
948 1209 1038 1290 juxte

130 1321 326 1405 AEacidum,
345 1343 433 1388 nunc
450 1323 598 1413 ingentes
618 1321 792 1411 Calydonis
809 1322 977 1408 alumnos,

128 1439 234 1506 Audit
247 1455 281 1506 et
294 1439 431 1506 Alciden
446 1439 581 1504 infando
598 1461 707 1506 errore
722 1440 892 1522 relictum,

125 1551 339 1642 Defletosque
356 1553 473 1636 duces,
488 1569 646 1642 temque
664 1555 826 1642 murisque
843 1555 980 1622 labores.

129 1673 206 1761 lpse
222 1688 333 1738 autem
348 1673 446 1737 mutis
463 1671 589 1737 concita
605 1673 771 1739 furoribus
788 1696 877 1738 arma

129 1785 262 1874 Expetit
279 1783 469 1868 AEsonides,
487 1801 521 1850 et
535 1785 656 1851 amicos
673 1785 789 1850 ordine
806 1807 917 1876 regest
994 1775 1000 1790 ⁸

130 1927 144 1955 ι
156 1897 241 1980 Quis
256 1897 372 1987 procul
389 1898 443 1964 ille
459 1899 565 1964 virtum
581 1899 694 1982 nobis,
711 1921 811 1988 quem
826 1899 952 1966 balteus
969 1923 1064 1990 asper

129 2011 294 2102 Sublignt,
313 2028 347 2077 et
362 2013 473 2078 stricto
489 2027 551 2080 stat
568 2014 736 2102 proximus
754 2015 893 2105 armiger
910 2037 1007 2098 arcu,
1119 2033 1158 2073 sao

130 2125 199 2192 Ceu
215 2147 359 2215 pugnem
376 2139 484 2215 paret,
503 2141 535 2190 et
549 2125 671 2215 positas
686 2126 888 2196 confundere
900 2149 1027 2195 menses
1038 2127 1074 2194 i»

117 2332 170 2392 ὅτι.
183 2332 280 2380 eunus.
294 2332 360 2379 em.
372 2329 426 2378 eod.
438 2331 542 2378 amnia
554 2329 624 2376 caten
635 2330 712 2378 Vetic.
723 2330 777 2380 eod.
792 2333 857 2378 lunt.
871 2331 957 2381 Mem.
970 2331 1069 2393 lugent.
1087 2331 1152 2380 Carr.

86 2419 111 2458 et
127 2410 236 2459 Heinsius
252 2411 279 2458 ln
295 2409 366 2458 uotis.
382 2435 414 2445 —-
430 2409 483 2468 574.
499 2409 702 2470 regenmundo.
720 2411 811 2460 huon.
829 2409 899 2460 ooud.
917 2419 942 2458 et
958 2409 1012 2458 edd.
1030 2425 1105 2474 usque
1124 2412 1155 2460 ed

86 2491 152 2540 cerr.
164 2490 196 2538 11.
214 2490 259 2537 lin.

85 2667 157 2720 rium
166 2678 223 2732 est,
234 2663 307 2739 quod
317 2665 383 2718 luna
392 2665 426 2718 sit
438 2682 504 2727 una,
516 2664 597 2735 Argo-
640 2675 671 2717 ut
680 2669 753 2716 mnne
769 2669 866 2717 concita
872 2668 999 2733 fictoribus
1009 2687 1096 2730 armo,
1111 2689 1156 2725 oc-

85 2761 173 2803 naute
188 2759 277 2801 autem
288 2745 386 2818 plures.
472 2782 475 2790 .
640 2743 775 2798 easiouem
790 2756 846 2796 tam
859 2745 948 2816 gravia
964 2743 1045 2809 belli,
1060 2752 1158 2800 etanti-

122 2828 182 2882 ⁵68.
196 2830 257 2880 1110:
272 2827 362 2878 AEetes
379 2831 487 2875 moestus
504 2821 598 2875 iratus·
641 2843 683 2875 eos
704 2825 791 2876 ordine
811 2842 895 2893 reges,
922 2822 1003 2878 duces
1021 2825 1154 2894 (Homeri

85 2909 255 2980 queminus,
269 2919 371 2966 temere,
382 2900 494 2974 cupide,
507 2900 599 2954 incon·
642 2896 783 2976 κοίρανος),
794 2905 836 2957 vel
848 2905 954 2976 regulos
962 2904 1078 2970 viciuos,
1088 2925 1153 2960 euu-

85 2987 170 3050 sulto,
189 2999 324 3054 assumptos
341 2981 402 3036 belli
414 2981 522 3035 comites
533 3017 541 3044 ,
552 3001 599 3032 nee
641 2992 734 3036 meret.

84 3067 147 3118 talia
165 3069 252 3118 mdlet
274 3066 375 3125 robora,
398 3061 470 3115 viros
496 3060 595 3124 fortes,
677 3059 737 3131 579.
752 3060 931 3128 Asteriscum,
952 3074 983 3114 ut
999 3073 1151 3134 suspectus,

84 3163 159 3214 quam
172 3147 264 3196 medios
274 3147 365 3197 tossen
378 3144 478 3194 subiisse
483 3155 594 3209 penates.
638 3139 779 3212 prreflxum
792 3139 887 3204 habet,
901 3141 957 3194 sine
968 3161 1055 3195 causa.
1067 3143 1149 3196 Hein-

119 3223 180 3294 571.
194 3224 537 3291 Interealoetopatieur‚non
550 3237 593 3273 re·
637 3218 823 3290 siuscorrigitt
836 3223 895 3288 Quis
905 3225 993 3289 procul
1000 3224 1054 3282 ille,
1068 3224 1154 3274 iteme-
1204 3281 1206 3288 k

83 3313 174 3368 cusat,
188 3302 298 3354 convivia
314 3305 383 3354 vuius
400 3298 517 3354 laetitiam
531 3315 594 3370 prte-
641 3317 695 3349 rum
705 3302 776 3350 nodis
788 3303 827 3351 cui
840 3302 932 3352 balterus
943 3301 1152 3369 usperSubligat;

83 3381 184 3435 serente
207 3380 407 3446 simulatam,et
419 3383 536 3450 justane
554 3396 597 3430 no·
639 3377 806 3430 Burmannus
821 3377 910 3432 locum
923 3378 1046 3432 nondum
1062 3399 1152 3453 persa·

83 3461 254 3514 cumbentem
269 3465 386 3512 Iasonem
399 3477 493 3528 magno
502 3472 597 3510 orauere
639 3467 732 3510 natum
739 3456 886 3523 existimat,
895 3475 975 3529 quem
985 3476 1033 3530 ego
1043 3458 1155 3530 integer·

84 3542 196 3600 lacessit,
224 3537 259 3592 nd
278 3537 424 3591 bibendum
449 3548 596 3609 provocet,
641 3536 710 3590 rima
724 3535 835 3589 sanitate
851 3535 968 3607 gaudere
987 3535 1073 3592 video.
1095 3545 1154 3608 Quis

85 3639 151 3671 nune
171 3621 218 3671 sin·
239 3631 412 3670 monstrantem
425 3632 498 3669 natos
514 3619 594 3678 Iovis,
635 3619 725 3685 procul
744 3619 785 3668 ille
803 3618 884 3667 visum
903 3616 1063 3686 (viromm)
1085 3623 1153 3672 nobis

84 3697 194 3752 Castora
206 3708 233 3752 et
246 3696 401 3763 Pollucem,
413 3715 506 3764 oraqrse
519 3697 597 3764 juxta
641 3695 857 3766 (admirationem
867 3695 1000 3767 exprimit,
1010 3709 1037 3749 et
1050 3698 1153 3770 cupidi-

85 3780 231 3839 AEaoidurn,
260 3776 336 3830 Peleu
356 3788 384 3828 et
405 3775 596 3842 Telamonem,
641 3785 722 3829 tatem
739 3773 867 3830 noscendi
893 3773 1067 3846 bominem),
1082 3799 1154 3846 quem

86 3875 152 3907 nune
170 3859 279 3926 ingentis
303 3858 435 3922 Culrdonis
466 3857 594 3915 alumnos,
640 3857 734 3908 batum
746 3857 943 3923 aspersubiigat,
954 3853 1077 3910 distincto
1090 3857 1151 3910 bul·

85 3933 179 4007 Tydea
188 3948 213 3989 et
221 3935 394 4007 Meleagrum.
641 3933 675 3985 lis
685 3933 771 3988 aureis
785 3934 873 3986 balteo
886 3933 1005 3998 cinctus,
1020 3940 1150 3999 asstricto,

121 4013 181 4083 575.
197 4019 272 4067 Audit
281 4029 305 4067 et
315 4013 458 4068 Herculem
470 4014 596 4082 nefando,
641 4011 775 4078 adducto,
788 4011 820 4064 nd
834 4011 941 4082 sagittas
954 4013 1094 4068 mittendas
1107 4034 1152 4086 pa·

86 4092 309 4159 infausto,errore
318 4098 439 4156 relictum,
452 4095 597 4164 defletosque
641 4102 716 4156 rato,
735 4106 784 4142 stat
796 4095 925 4160 proximus
949 4099 1057 4163 arnniger
1078 4115 1151 4155 arcu,

85 4177 173 4232 disces,
186 4170 298 4227 Idmone
308 4174 456 4248 ctTiphyn.
642 4191 686 4222 ceu
694 4191 804 4239 pugnarn
810 4186 898 4240 paret,
909 4188 933 4225 et
939 4177 1033 4242 positas
1044 4175 1056 4242 (
1061 4177 1154 4246 paret)

120 4252 181 4324 577.
191 4253 271 4307 Jasou
283 4253 398 4308 vicissim
410 4254 474 4326 petit
486 4273 502 4308 n
514 4272 575 4326 rege
587 4293 595 4320 ,
640 4253 802 4319 comedere,
812 4254 987 4325 proturbare,
997 4262 1118 4306 incusas?

958 4353 1015 4428 24.
