3122 5126
256 509 516 580 HISTORIA
541 509 571 575 A
594 507 747 576 LAUR.
768 508 941 578 BALBO.
1082 533 1139 578 txt

46 637 197 726 tigavit3
217 638 407 727 Dionysius
433 659 510 702 vero
532 637 755 726 Mitylenaeus,
772 637 873 702 Grion
891 638 1001 726 (quod
1019 631 1140 704 nomen

50 742 141 832 apud
153 745 299 809 Graecos
313 744 449 810 arietem
463 741 640 834 significat)
661 743 782 831 Phryxi
797 742 1010 834 paedagogum
1024 743 1142 821 luisse,

54 865 156 936 atque
171 871 257 912 cum
274 850 349 937 ipso
369 848 569 914 ad'Colchos
579 848 771 938 navigasse,
787 847 875 912 unde
892 871 927 912 ea
945 850 1054 914 omnia
1070 849 1143 914 ficta

57 977 128 1020 esse
142 971 272 1019 narrat.

361 1123 364 1130 ⁵
415 1137 462 1200 De
475 1140 601 1202 Iasonis
610 1139 806 1226 parentibus.

111 1319 270 1382 lasonem
300 1341 415 1382 omnes
433 1342 473 1383 ex
488 1317 611 1383 AEsone
636 1320 783 1408 genitum
806 1319 976 1385 affirmant.
1004 1323 1052 1385 De
1078 1322 1145 1400 ejus

73 1439 173 1486 matre
199 1445 270 1487 non
296 1409 500 1511 usqueadeo
522 1423 608 1487 inter
623 1425 796 1513 scriptores
819 1426 995 1490 convenit:
1011 1427 1146 1515 Apollo·

75 1531 164 1606 nius,
186 1545 221 1594 et
239 1529 387 1594 Valerius
406 1527 609 1612 Alcimeden,
628 1531 798 1619 Clymenes
821 1529 933 1612 liliam,
950 1532 1049 1596 fuisse
1070 1533 1147 1596 scri·

1 1657 2 1678 ³
75 1636 179 1715 hunt3
199 1633 425 1715 Stesichorus,
440 1634 691 1723 Eteoclymenen
703 1659 712 1716 ;
725 1635 946 1724 Pherecydes,
959 1637 1147 1701 Alcimeden

79 1741 208 1828 Hylaei
227 1739 346 1821 filiam,
367 1737 555 1804 Herodorus
580 1740 802 1829 Polyphemon
829 1743 988 1830 Autolyci.
1015 1743 1148 1806 Andron

1 1869 2 1872 ¹
80 1848 110 1909 in
125 1846 372 1910 abbreviatione
390 1862 438 1908 τῶν
459 1863 602 1927 muzirim
620 1846 805 1935 Thogniten
823 1847 953 1912 Laodici
969 1848 1083 1931 liliam,
1100 1850 1152 1914 Ja-

82 1952 166 2015 sonis
182 1967 325 2014 matrem
341 1949 440 2014 fuisse
458 1941 615 2014 autumat.
631 1951 734 2015 Natus
751 1968 799 2015 est
815 1968 925 2016 autem
942 1976 980 2016 ex
996 1953 1047 2016 his
1064 1953 1149 2017 duo-

81 2057 138 2119 bus
150 2057 242 2120 solus
254 2057 369 2138 lason,
382 2072 420 2119 ut
432 2055 530 2120 sentit
541 2055 741 2143 Apollonius.
754 2057 872 2147 Ibycus
887 2057 984 2123 liliam
996 2061 1092 2124 etiam
1105 2060 1150 2123 eis

81 2161 158 2226 dicit
172 2161 277 2226 fuisse
292 2162 490 2250 Hippolyten
511 2161 665 2244 nomine3
680 2162 862 2245 Diodorus,
877 2165 970 2228 etiam
989 2164 1092 2228 filium
1109 2166 1152 2230 al·

83 2287 186 2331 terum
203 2268 425 2331 Promachum
439 2267 644 2357 appellatum.
663 2269 737 2332 Fuit
750 2285 860 2334 autem
873 2271 968 2334 Jason
980 2296 998 2335 a
1010 2271 1153 2336 Chirone

82 2389 238 2437 centauro
255 2372 431 2452 educatus,
454 2396 472 2435 a
498 2395 566 2458 quo
588 2373 682 2436 etiam
706 2373 874 2438 medicinae
898 2392 999 2440 artem
1021 2375 1153 2458 didicit,

84 2479 166 2543 vnde
181 2481 280 2543 lason
298 2495 348 2542 est
363 2479 551 2566 appellatus.
566 2476 742 2560 Pindarus,
759 2491 803 2561 φὴρ
814 2486 845 2542 et
855 2512 886 2562 μι
896 2495 956 2554 θεῖος
973 2482 1154 2551 interventui·

85 2615 148 2647 ων
160 2591 309 2665 motula,
322 2584 379 2648 ubi
393 2585 569 2672 interpres,
580 2595 651 2664 παρὰ
664 2595 708 2650 τὴν
722 2597 787 2648 tneo
801 2603 952 2652 voratum
969 2586 1056 2671 dicit,
1064 2589 1154 2677 quod

86 2692 181 2754 etiam
198 2690 362 2778 Apollonii
380 2691 632 2754 commentarius
649 2687 828 2755 confirmat.

495 2890 542 2952 De
556 2888 744 2974 Pelia‘rege.

131 3070 254 3147 Pelias,
282 3087 321 3134 ut
338 3069 498 3150 vidimus,
524 3070 670 3158 Neptuni
692 3093 732 3134 cx
756 3071 843 3158 Tyro
872 3071 1033 3136 Salmonei
1057 3072 1158 3151 filius,

94 3199 240 3266 magnam
265 3176 436 3241 Thessaliae
460 3193 582 3264 partem
606 3175 731 3242 ditione
760 3177 875 3240 tenuit.
903 3173 1019 3242 Filium
1047 3179 1161 3245 habuit

93 3287 262 3365 Acastum,
280 3284 339 3371 qui
355 3285 557 3372 Argonautas
580 3283 752 3348 comitatus
771 3301 837 3366 est,
862 3283 1042 3350 secundum
1064 3289 1162 3374 Apol·

93 3390 216 3453 lonium
233 3405 267 3453 et
278 3389 453 3454 Valerium.
468 3390 620 3477 Orpheus
636 3389 757 3454 nullam
771 3389 813 3454 de
827 3393 945 3454 Acasto
961 3392 1162 3457 mentionem

95 3495 175 3558 lacit.
187 3494 354 3560 Diodorus
366 3517 500 3584 quoque
515 3496 548 3558 in
559 3494 631 3560 lV.
641 3495 789 3560 masculis
802 3494 875 3559 liliis
887 3496 1008 3560 Peliam
1022 3500 1162 3564 caruisse

96 3600 214 3664 scribit.
233 3600 328 3664 Filias
345 3601 460 3665 habuit
476 3600 644 3682 Alcestim,
656 3600 919 3689 Amphinnmen,
934 3617 975 3680 et
990 3603 1163 3686 Evadnen',

96 3705 133 3770 de
152 3706 276 3794 quibus
298 3705 384 3772 idem
408 3706 524 3772 eodem
543 3707 638 3772 libro.
656 3706 780 3772 Habuit
797 3724 830 3771 et
848 3706 1019 3796 Pelopeam
1041 3709 1082 3773 de
1100 3731 1164 3798 qua

96 3813 309 3900 Apollonius,
324 3813 347 3876 l.
363 3813 390 3876 l.
408 3814 439 3876 ls
456 3833 561 3900 quum
580 3828 701 3876 sortem
725 3814 920 3900 accepisset,
940 3836 973 3878 se
992 3815 1076 3879 illius
1095 3837 1164 3878 ma-

97 3917 191 3982 nibus
206 3917 423 3999 moriturum,
436 3940 534 4006 quem
551 3917 651 3982 altero
669 3916 751 4006 pede
768 3916 860 3981 nudo
877 3917 918 3982 ad
934 3941 969 3982 se
982 3915 1166 3986 venientem

96 4023 246 4104 vidisset,
263 4023 485 4112 omnibusque
504 4023 582 4104 diis,
595 4023 724 4087 lunone
743 4039 891 4111 excepta,
910 4026 1064 4089 solemnia
1085 4027 1168 4090 forte

96 4153 182 4196 sacra
200 4131 337 4211 faceret,
351 4131 447 4196 Jason
465 4129 507 4197 ad
522 4153 610 4194 sacra
625 4129 798 4209 festinans,
815 4132 977 4196 lunonem
995 4130 1087 4196 deam
1105 4133 1167 4194 sub

95 4239 210 4302 vetulae
223 4239 365 4324 speciem
381 4239 415 4301 in
427 4238 549 4304 Anauri
563 4238 630 4325 ripa
643 4238 778 4317 invenit,
794 4261 866 4325 quae
880 4237 1055 4326 sequidem
1072 4253 1173 4312 trans-
