<?xml version="1.0" encoding="UTF-8"?>
<!DOCTYPE html PUBLIC "-//W3C//DTD XHTML 1.0 Transitional//EN"
    "http://www.w3.org/TR/xhtml1/DTD/xhtml1-transitional.dtd">
<html xmlns="http://www.w3.org/1999/xhtml" xml:lang="en" lang="en">
 <head>
  <title>
</title>
<meta http-equiv="Content-Type" content="text/html;charset=utf-8" />
  <meta name='ocr-system' content='tesseract 3.04.00' />
  <meta name='ocr-capabilities' content='ocr_page ocr_carea ocr_par ocr_line ocrx_word'/>
</head>
<body>
  <div class='ocr_page' id='page_1' title='image "./cvaleriiflaccis00apolgoog_0461.png"; bbox 0 0 3226 5114; ppageno 0'>
   <div class='ocr_carea' id='block_1_1' title="bbox 385 495 1454 890">
    <p class='ocr_par' dir='ltr' id='par_1_1' title="bbox 385 495 1454 771">
     <span class='ocr_line' id='line_1_1' title="bbox 389 495 1339 581; baseline -0.024 1"><span class='ocrx_word' id='word_1_1' title='bbox 389 515 452 581; x_wconf 78' lang='lat'>238</span> <span class='ocrx_word' id='word_1_2' title='bbox 495 511 550 577; x_wconf 90' lang='lat' dir='ltr'>IN</span> <span class='ocrx_word' id='word_1_3' title='bbox 579 507 668 574; x_wconf 88' lang='lat' dir='ltr'><strong>LIB.</strong></span> <span class='ocrx_word' id='word_1_4' title='bbox 691 502 914 569; x_wconf 81' lang='lat' dir='ltr'>TERTIUM</span> <span class='ocrx_word' id='word_1_5' title='bbox 943 495 1339 564; x_wconf 84' lang='lat' dir='ltr'><strong>ARGONAUTICON</strong></span> 
     </span>
     <span class='ocr_line' id='line_1_2' title="bbox 387 613 1454 690; baseline -0.037 -4"><span class='ocrx_word' id='word_1_6' title='bbox 387 637 415 688; x_wconf 88' lang='lat' dir='ltr'>in</span> <span class='ocrx_word' id='word_1_7' title='bbox 425 630 541 686; x_wconf 82' lang='lat' dir='ltr'><strong>editione</strong></span> <span class='ocrx_word' id='word_1_8' title='bbox 548 625 661 680; x_wconf 78' lang='lat' dir='ltr'>Aldina:</span> <span class='ocrx_word' id='word_1_9' title='bbox 673 643 718 674; x_wconf 84' lang='lat' dir='ltr'>eur</span> <span class='ocrx_word' id='word_1_10' title='bbox 720 624 828 690; x_wconf 76' lang='lat' dir='ltr'>pervigil</span> <span class='ocrx_word' id='word_1_11' title='bbox 838 633 932 680; x_wconf 83' lang='lat' dir='ltr'>armet,·</span> <span class='ocrx_word' id='word_1_12' title='bbox 943 635 1001 690; x_wconf 81' lang='lat' dir='ltr'>quse</span> <span class='ocrx_word' id='word_1_13' title='bbox 1012 615 1090 668; x_wconf 88' lang='lat' dir='ltr'>lectio</span> <span class='ocrx_word' id='word_1_14' title='bbox 1097 615 1153 686; x_wconf 83' lang='lat' dir='ltr'>jam</span> <span class='ocrx_word' id='word_1_15' title='bbox 1168 613 1196 666; x_wconf 85' lang='lat' dir='ltr'>in</span> <span class='ocrx_word' id='word_1_16' title='bbox 1207 614 1406 668; x_wconf 59' lang='lat' dir='ltr'>wmmenmfi,</span> <span class='ocrx_word' id='word_1_17' title='bbox 1415 615 1454 668; x_wconf 64' lang='lat' dir='ltr'>pfl</span> 
     </span>
     <span class='ocr_line' id='line_1_3' title="bbox 385 714 550 771; baseline -0.061 1"><span class='ocrx_word' id='word_1_18' title='bbox 385 714 550 771; x_wconf 86' lang='lat' dir='ltr'>occurrebat.</span> 
     </span>
    </p>

    <p class='ocr_par' dir='ltr' id='par_1_2' title="bbox 421 813 1454 890">
     <span class='ocr_line' id='line_1_4' title="bbox 421 813 1454 890; baseline -0.023 -10"><span class='ocrx_word' id='word_1_19' title='bbox 421 829 458 880; x_wconf 88' lang='lat' dir='ltr'>V.</span> <span class='ocrx_word' id='word_1_20' title='bbox 468 827 513 878; x_wconf 82' lang='lat'>88.</span> <span class='ocrx_word' id='word_1_21' title='bbox 530 825 651 890; x_wconf 74' lang='lat' dir='ltr'>AEgisono</span> <span class='ocrx_word' id='word_1_22' title='bbox 663 837 737 887; x_wconf 84' lang='lat' dir='ltr'>quam</span> <span class='ocrx_word' id='word_1_23' title='bbox 746 819 855 885; x_wconf 78' lang='lat' dir='ltr'>necsera</span> <span class='ocrx_word' id='word_1_24' title='bbox 866 829 964 883; x_wconf 78' lang='lat' dir='ltr'><em>pectore</em></span> <span class='ocrx_word' id='word_1_25' title='bbox 973 817 1047 880; x_wconf 70' lang='lat' dir='ltr'>‘uirgo</span> <span class='ocrx_word' id='word_1_26' title='bbox 1057 815 1191 881; x_wconf 78' lang='lat' dir='ltr'>dispulerit.</span> <span class='ocrx_word' id='word_1_27' title='bbox 1201 843 1236 854; x_wconf 88' lang='lat'>--</span> <span class='ocrx_word' id='word_1_28' title='bbox 1245 816 1396 880; x_wconf 75' lang='lat' dir='ltr'>AEgr&#39;sonus,</span> <span class='ocrx_word' id='word_1_29' title='bbox 1407 813 1454 884; x_wconf 81' lang='lat' dir='ltr'>qui</span> 
     </span>
    </p>
   </div>
   <div class='ocr_carea' id='block_1_2' title="bbox 384 895 1455 1066">
    <p class='ocr_par' dir='ltr' id='par_1_3' title="bbox 384 895 1455 1066">
     <span class='ocr_line' id='line_1_5' title="bbox 384 895 1455 986; baseline -0.018 -21"><span class='ocrx_word' id='word_1_30' title='bbox 384 911 476 986; x_wconf 66' lang='lat' dir='ltr'>agidis</span> <span class='ocrx_word' id='word_1_31' title='bbox 485 925 579 961; x_wconf 88' lang='lat' dir='ltr'>sonum</span> <span class='ocrx_word' id='word_1_32' title='bbox 589 902 651 957; x_wconf 86' lang='lat' dir='ltr'>edit.</span> <span class='ocrx_word' id='word_1_33' title='bbox 665 903 728 954; x_wconf 68' lang='lat'>1120</span> <span class='ocrx_word' id='word_1_34' title='bbox 737 919 788 955; x_wconf 84' lang='lat' dir='ltr'>vox</span> <span class='ocrx_word' id='word_1_35' title='bbox 798 938 806 963; x_wconf 89' lang='lat'>,</span> <span class='ocrx_word' id='word_1_36' title='bbox 817 917 891 970; x_wconf 78' lang='lat' dir='ltr'>quse,</span> <span class='ocrx_word' id='word_1_37' title='bbox 903 909 968 969; x_wconf 85' lang='lat' dir='ltr'>puto</span> <span class='ocrx_word' id='word_1_38' title='bbox 976 937 983 963; x_wconf 88' lang='lat'>‚</span> <span class='ocrx_word' id='word_1_39' title='bbox 991 914 1123 967; x_wconf 77' lang='lat' dir='ltr'>nusquam</span> <span class='ocrx_word' id='word_1_40' title='bbox 1134 895 1199 948; x_wconf 85' lang='lat' dir='ltr'>alias</span> <span class='ocrx_word' id='word_1_41' title='bbox 1209 896 1340 968; x_wconf 85' lang='lat' dir='ltr'>reperitur</span> <span class='ocrx_word' id='word_1_42' title='bbox 1349 933 1357 958; x_wconf 86' lang='lat'><strong><em>‚</em></strong></span> <span class='ocrx_word' id='word_1_43' title='bbox 1362 897 1455 967; x_wconf 77' lang='lat' dir='ltr'>juncta</span> 
     </span>
     <span class='ocr_line' id='line_1_6' title="bbox 387 977 1454 1066; baseline -0.016 -16"><span class='ocrx_word' id='word_1_44' title='bbox 387 1015 449 1050; x_wconf 89' lang='lat' dir='ltr'>cum</span> <span class='ocrx_word' id='word_1_45' title='bbox 454 1009 564 1066; x_wconf 78' lang='lat' dir='ltr'>pectore,</span> <span class='ocrx_word' id='word_1_46' title='bbox 580 988 658 1042; x_wconf 86' lang='lat' dir='ltr'>docet</span> <span class='ocrx_word' id='word_1_47' title='bbox 666 988 710 1038; x_wconf 85' lang='lat' dir='ltr'>hic</span> <span class='ocrx_word' id='word_1_48' title='bbox 719 986 761 1057; x_wconf 80' lang='lat' dir='ltr'>egi</span> <span class='ocrx_word' id='word_1_49' title='bbox 771 983 805 1037; x_wconf 88' lang='lat' dir='ltr'>de</span> <span class='ocrx_word' id='word_1_50' title='bbox 816 987 895 1036; x_wconf 64' lang='lat' dir='ltr'>lousa</span> <span class='ocrx_word' id='word_1_51' title='bbox 907 979 1021 1034; x_wconf 82' lang='lat' dir='ltr'>Palladis</span> <span class='ocrx_word' id='word_1_52' title='bbox 1032 1021 1040 1046; x_wconf 85' lang='lat'>,</span> <span class='ocrx_word' id='word_1_53' title='bbox 1050 998 1104 1032; x_wconf 90' lang='lat' dir='ltr'>non</span> <span class='ocrx_word' id='word_1_54' title='bbox 1122 977 1155 1033; x_wconf 91' lang='lat' dir='ltr'>de</span> <span class='ocrx_word' id='word_1_55' title='bbox 1165 979 1269 1052; x_wconf 86' lang='lat' dir='ltr'>clipeo,</span> <span class='ocrx_word' id='word_1_56' title='bbox 1283 980 1354 1032; x_wconf 84' lang='lat' dir='ltr'>siout</span> <span class='ocrx_word' id='word_1_57' title='bbox 1368 991 1394 1033; x_wconf 86' lang='lat' dir='ltr'>et</span> <span class='ocrx_word' id='word_1_58' title='bbox 1403 980 1454 1034; x_wconf 86' lang='lat' dir='ltr'>hoe</span> 
     </span>
    </p>
   </div>
   <div class='ocr_carea' id='block_1_3' title="bbox 390 1069 1136 1241">
    <p class='ocr_par' dir='ltr' id='par_1_4' title="bbox 390 1069 1136 1241">
     <span class='ocr_line' id='line_1_7' title="bbox 390 1069 835 1152; baseline -0.029 -19"><span class='ocrx_word' id='word_1_59' title='bbox 390 1077 562 1152; x_wconf 80' lang='lat' dir='ltr'>Virgiliiloco</span> <span class='ocrx_word' id='word_1_60' title='bbox 571 1111 579 1138; x_wconf 85' lang='lat'><em>,</em></span> <span class='ocrx_word' id='word_1_61' title='bbox 589 1075 650 1125; x_wconf 83' lang='lat' dir='ltr'>AEn.</span> <span class='ocrx_word' id='word_1_62' title='bbox 665 1071 753 1136; x_wconf 85' lang='lat' dir='ltr'><strong>VIII,</strong></span> <span class='ocrx_word' id='word_1_63' title='bbox 769 1069 835 1132; x_wconf 72' lang='lat'>435:</span> 
     </span>
     <span class='ocr_line' id='line_1_8' title="bbox 527 1167 1136 1241; baseline -0.023 -14"><span class='ocrx_word' id='word_1_64' title='bbox 527 1174 821 1241; x_wconf 74' lang='lat' dir='ltr'>AEgidaquehort-iieram,</span> <span class='ocrx_word' id='word_1_65' title='bbox 837 1171 934 1217; x_wconf 73' lang='lat' dir='ltr'>turbate</span> <span class='ocrx_word' id='word_1_66' title='bbox 944 1167 1044 1216; x_wconf 80' lang='lat' dir='ltr'>Palladis</span> <span class='ocrx_word' id='word_1_67' title='bbox 1056 1183 1136 1222; x_wconf 87' lang='lat' dir='ltr'>arma,</span> 
     </span>
    </p>
   </div>
   <div class='ocr_carea' id='block_1_4' title="bbox 527 1243 1148 1466">
    <p class='ocr_par' dir='ltr' id='par_1_5' title="bbox 527 1243 1148 1466">
     <span class='ocr_line' id='line_1_9' title="bbox 528 1243 1143 1313; baseline -0.028 -10"><span class='ocrx_word' id='word_1_68' title='bbox 528 1254 639 1303; x_wconf 76' lang='lat' dir='ltr'>Certatim</span> <span class='ocrx_word' id='word_1_69' title='bbox 648 1249 750 1313; x_wconf 75' lang='lat' dir='ltr'>squamis</span> <span class='ocrx_word' id='word_1_70' title='bbox 761 1255 896 1310; x_wconf 73' lang='lat' dir='ltr'>serpentum</span> <span class='ocrx_word' id='word_1_71' title='bbox 905 1259 1010 1306; x_wconf 80' lang='lat' dir='ltr'>auroque</span> <span class='ocrx_word' id='word_1_72' title='bbox 1019 1243 1127 1304; x_wconf 85' lang='lat' dir='ltr'>polibant</span> <span class='ocrx_word' id='word_1_73' title='bbox 1136 1275 1143 1295; x_wconf 93' lang='lat'><strong>‚</strong></span> 
     </span>
     <span class='ocr_line' id='line_1_10' title="bbox 529 1316 1148 1388; baseline -0.024 -11"><span class='ocrx_word' id='word_1_74' title='bbox 529 1333 699 1388; x_wconf 81' lang='lat' dir='ltr'>connexosque</span> <span class='ocrx_word' id='word_1_75' title='bbox 711 1339 810 1386; x_wconf 78' lang='lat' dir='ltr'>angues,</span> <span class='ocrx_word' id='word_1_76' title='bbox 826 1322 948 1382; x_wconf 74' lang='lat' dir='ltr'>ipsamque</span> <span class='ocrx_word' id='word_1_77' title='bbox 957 1318 981 1362; x_wconf 89' lang='lat' dir='ltr'>in</span> <span class='ocrx_word' id='word_1_78' title='bbox 990 1327 1081 1380; x_wconf 75' lang='lat' dir='ltr'><em>pectore</em></span> <span class='ocrx_word' id='word_1_79' title='bbox 1090 1316 1148 1362; x_wconf 83' lang='lat' dir='ltr'>divts</span> 
     </span>
     <span class='ocr_line' id='line_1_11' title="bbox 527 1393 1077 1466; baseline -0.029 -14"><span class='ocrx_word' id='word_1_80' title='bbox 527 1407 652 1466; x_wconf 76' lang='lat' dir='ltr'>Gorgona,</span> <span class='ocrx_word' id='word_1_81' title='bbox 662 1401 755 1446; x_wconf 83' lang='lat' dir='ltr'>desecto</span> <span class='ocrx_word' id='word_1_82' title='bbox 766 1405 894 1443; x_wconf 79' lang='lat' dir='ltr'>vertentem</span> <span class='ocrx_word' id='word_1_83' title='bbox 906 1393 996 1439; x_wconf 86' lang='lat' dir='ltr'>lumina</span> <span class='ocrx_word' id='word_1_84' title='bbox 1008 1393 1077 1438; x_wconf 87' lang='lat' dir='ltr'>eollo.</span> 
     </span>
    </p>
   </div>
   <div class='ocr_carea' id='block_1_5' title="bbox 390 1484 1401 1649">
    <p class='ocr_par' dir='ltr' id='par_1_6' title="bbox 390 1484 1401 1649">
     <span class='ocr_line' id='line_1_12' title="bbox 390 1484 1401 1575; baseline -0.03 -16"><span class='ocrx_word' id='word_1_85' title='bbox 390 1505 459 1558; x_wconf 82' lang='lat' dir='ltr'>Vide</span> <span class='ocrx_word' id='word_1_86' title='bbox 469 1519 576 1575; x_wconf 80' lang='lat' dir='ltr'>quoque</span> <span class='ocrx_word' id='word_1_87' title='bbox 589 1509 726 1551; x_wconf 85' lang='lat' dir='ltr'>sonantem</span> <span class='ocrx_word' id='word_1_88' title='bbox 738 1490 853 1545; x_wconf 80' lang='lat' dir='ltr'>Palladis</span> <span class='ocrx_word' id='word_1_89' title='bbox 863 1489 972 1542; x_wconf 88' lang='lat' dir='ltr'>loricam</span> <span class='ocrx_word' id='word_1_90' title='bbox 985 1485 1055 1558; x_wconf 78' lang='lat' dir='ltr'>apud</span> <span class='ocrx_word' id='word_1_91' title='bbox 1065 1487 1157 1539; x_wconf 85' lang='lat' dir='ltr'>Horat.</span> <span class='ocrx_word' id='word_1_92' title='bbox 1169 1484 1222 1537; x_wconf 92' lang='lat' dir='ltr'>Od.</span> <span class='ocrx_word' id='word_1_93' title='bbox 1238 1484 1295 1548; x_wconf 85' lang='grc' dir='ltr'>ΙΙΙ,</span> <span class='ocrx_word' id='word_1_94' title='bbox 1307 1491 1338 1551; x_wconf 68' lang='grc'>4,</span> <span class='ocrx_word' id='word_1_95' title='bbox 1351 1485 1401 1553; x_wconf 84' lang='lat'>57:</span> 
     </span>
     <span class='ocr_line' id='line_1_13' title="bbox 576 1587 992 1649; baseline -0.036 -2"><span class='ocrx_word' id='word_1_96' title='bbox 576 1601 662 1646; x_wconf 86' lang='lat' dir='ltr'>Contra</span> <span class='ocrx_word' id='word_1_97' title='bbox 672 1603 792 1641; x_wconf 82' lang='lat' dir='ltr'>sonantem</span> <span class='ocrx_word' id='word_1_98' title='bbox 802 1589 901 1636; x_wconf 83' lang='lat' dir='ltr'>Palladis</span> <span class='ocrx_word' id='word_1_99' title='bbox 910 1587 992 1649; x_wconf 76' lang='lat' dir='ltr'>segida.</span> 
     </span>
    </p>
   </div>
   <div class='ocr_carea' id='block_1_6' title="bbox 393 1673 1454 1842">
    <p class='ocr_par' dir='ltr' id='par_1_7' title="bbox 393 1673 1454 1842">
     <span class='ocr_line' id='line_1_14' title="bbox 426 1673 1454 1767; baseline -0.027 -14"><span class='ocrx_word' id='word_1_100' title='bbox 426 1707 460 1752; x_wconf 88' lang='lat' dir='ltr'>V.</span> <span class='ocrx_word' id='word_1_101' title='bbox 471 1703 515 1767; x_wconf 85' lang='lat'>89.</span> <span class='ocrx_word' id='word_1_102' title='bbox 527 1700 580 1748; x_wconf 85' lang='lat' dir='ltr'>Nee</span> <span class='ocrx_word' id='word_1_103' title='bbox 591 1697 681 1744; x_wconf 71' lang='lat' dir='ltr'>deutra</span> <span class='ocrx_word' id='word_1_104' title='bbox 690 1689 768 1746; x_wconf 78' lang='lat' dir='ltr'>Iovis,</span> <span class='ocrx_word' id='word_1_105' title='bbox 783 1689 916 1750; x_wconf 78' lang='lat' dir='ltr'>Terrorque</span> <span class='ocrx_word' id='word_1_106' title='bbox 924 1687 1050 1746; x_wconf 79' lang='lat' dir='ltr'>Pavorque</span> <span class='ocrx_word' id='word_1_107' title='bbox 1063 1680 1150 1728; x_wconf 82' lang='lat' dir='ltr'>Martis</span> <span class='ocrx_word' id='word_1_108' title='bbox 1165 1678 1230 1743; x_wconf 77' lang='lat' dir='ltr'>equi.</span> <span class='ocrx_word' id='word_1_109' title='bbox 1242 1705 1278 1715; x_wconf 92' lang='grc'>--</span> <span class='ocrx_word' id='word_1_110' title='bbox 1288 1673 1454 1726; x_wconf 76' lang='lat' dir='ltr'>Burmannus</span> 
     </span>
     <span class='ocr_line' id='line_1_15' title="bbox 393 1757 1453 1842; baseline -0.029 -4"><span class='ocrx_word' id='word_1_111' title='bbox 393 1787 429 1838; x_wconf 83' lang='lat' dir='ltr'>ait</span> <span class='ocrx_word' id='word_1_112' title='bbox 444 1788 557 1836; x_wconf 60' lang='lat' dir='ltr'>metram</span> <span class='ocrx_word' id='word_1_113' title='bbox 570 1779 635 1827; x_wconf 73' lang='lat' dir='ltr'>Iovis</span> <span class='ocrx_word' id='word_1_114' title='bbox 649 1768 804 1842; x_wconf 82' lang='lat' dir='ltr'>capiendam</span> <span class='ocrx_word' id='word_1_115' title='bbox 819 1785 874 1820; x_wconf 87' lang='lat' dir='ltr'>esse</span> <span class='ocrx_word' id='word_1_116' title='bbox 887 1763 921 1818; x_wconf 89' lang='lat' dir='ltr'>de</span> <span class='ocrx_word' id='word_1_117' title='bbox 936 1762 1064 1828; x_wconf 83' lang='lat' dir='ltr'>fulmine,</span> <span class='ocrx_word' id='word_1_118' title='bbox 1078 1759 1151 1833; x_wconf 87' lang='lat' dir='ltr'>quod</span> <span class='ocrx_word' id='word_1_119' title='bbox 1161 1759 1254 1812; x_wconf 87' lang='lat' dir='ltr'>dextra</span> <span class='ocrx_word' id='word_1_120' title='bbox 1265 1758 1329 1810; x_wconf 88' lang='lat' dir='ltr'>solet</span> <span class='ocrx_word' id='word_1_121' title='bbox 1338 1757 1453 1823; x_wconf 79' lang='lat' dir='ltr'>vibrare,</span> 
     </span>
    </p>
   </div>
   <div class='ocr_carea' id='block_1_7' title="bbox 390 1846 1052 1937">
    <p class='ocr_par' dir='ltr' id='par_1_8' title="bbox 390 1846 1052 1937">
     <span class='ocr_line' id='line_1_16' title="bbox 390 1846 1052 1937; baseline -0.041 -14"><span class='ocrx_word' id='word_1_122' title='bbox 390 1869 523 1937; x_wconf 78' lang='lat' dir='ltr'>offertque</span> <span class='ocrx_word' id='word_1_123' title='bbox 537 1862 593 1914; x_wconf 75' lang='lat' dir='ltr'>hec</span> <span class='ocrx_word' id='word_1_124' title='bbox 607 1854 710 1910; x_wconf 84' lang='lat' dir='ltr'>Horatii</span> <span class='ocrx_word' id='word_1_125' title='bbox 723 1848 857 1922; x_wconf 87' lang='lat' dir='ltr'>exempla,</span> <span class='ocrx_word' id='word_1_126' title='bbox 870 1846 963 1915; x_wconf 89' lang='lat' dir='ltr'>0d.1,</span> <span class='ocrx_word' id='word_1_127' title='bbox 977 1866 1007 1913; x_wconf 78' lang='lat' dir='ltr'>a,</span> <span class='ocrx_word' id='word_1_128' title='bbox 1023 1862 1052 1897; x_wconf 78' lang='lat' dir='ltr'>a:</span> 
     </span>
    </p>
   </div>
   <div class='ocr_carea' id='block_1_8' title="bbox 583 1949 965 2007">
    <p class='ocr_par' dir='ltr' id='par_1_9' title="bbox 583 1949 965 2007">
     <span class='ocr_line' id='line_1_17' title="bbox 583 1949 965 2007; baseline -0.034 -2"><span class='ocrx_word' id='word_1_129' title='bbox 583 1985 824 2007; x_wconf 87' lang='grc'>................</span> <span class='ocrx_word' id='word_1_130' title='bbox 829 1959 853 1996; x_wconf 89' lang='lat' dir='ltr'>et</span> <span class='ocrx_word' id='word_1_131' title='bbox 866 1949 965 1995; x_wconf 90' lang='lat' dir='ltr'>rubente</span> 
     </span>
    </p>
   </div>
   <div class='ocr_carea' id='block_1_9' title="bbox 576 2025 965 2152">
    <p class='ocr_par' dir='ltr' id='par_1_10' title="bbox 576 2025 965 2152">
     <span class='ocr_line' id='line_1_18' title="bbox 576 2025 965 2088; baseline -0.036 -7"><span class='ocrx_word' id='word_1_132' title='bbox 576 2036 677 2080; x_wconf 80' lang='lat' dir='ltr'>Dextera</span> <span class='ocrx_word' id='word_1_133' title='bbox 687 2043 763 2076; x_wconf 86' lang='lat' dir='ltr'>saoras</span> <span class='ocrx_word' id='word_1_134' title='bbox 776 2025 891 2088; x_wconf 84' lang='lat' dir='ltr'>jaculatus</span> <span class='ocrx_word' id='word_1_135' title='bbox 901 2037 965 2069; x_wconf 83' lang='lat' dir='ltr'>arces</span> 
     </span>
     <span class='ocr_line' id='line_1_19' title="bbox 684 2102 885 2152; baseline -0.035 0"><span class='ocrx_word' id='word_1_136' title='bbox 684 2102 780 2152; x_wconf 84' lang='lat' dir='ltr'>Terruit</span> <span class='ocrx_word' id='word_1_137' title='bbox 788 2102 885 2148; x_wconf 82' lang='lat' dir='ltr'>Urbem.</span> 
     </span>
    </p>
   </div>
   <div class='ocr_carea' id='block_1_10' title="bbox 394 2173 612 2242">
    <p class='ocr_par' dir='ltr' id='par_1_11' title="bbox 394 2173 612 2242">
     <span class='ocr_line' id='line_1_20' title="bbox 394 2173 612 2242; baseline -0.041 -10"><span class='ocrx_word' id='word_1_138' title='bbox 394 2173 612 2242; x_wconf 79' lang='lat' dir='ltr'>1d.111‚s‚3s:</span> 
     </span>
    </p>
   </div>
   <div class='ocr_carea' id='block_1_11' title="bbox 547 2259 1030 2324">
    <p class='ocr_par' dir='ltr' id='par_1_12' title="bbox 547 2259 1030 2324">
     <span class='ocr_line' id='line_1_21' title="bbox 547 2259 1030 2324; baseline -0.029 -7"><span class='ocrx_word' id='word_1_139' title='bbox 547 2272 597 2316; x_wconf 83' lang='lat' dir='ltr'>Neo</span> <span class='ocrx_word' id='word_1_140' title='bbox 608 2264 752 2314; x_wconf 77' lang='lat' dir='ltr'>fulminantis</span> <span class='ocrx_word' id='word_1_141' title='bbox 765 2277 849 2324; x_wconf 79' lang='lat' dir='ltr'>magna</span> <span class='ocrx_word' id='word_1_142' title='bbox 859 2259 922 2306; x_wconf 83' lang='lat' dir='ltr'>Joris</span> <span class='ocrx_word' id='word_1_143' title='bbox 932 2274 1030 2312; x_wconf 84' lang='lat' dir='ltr'>manus;</span> 
     </span>
    </p>
   </div>
   <div class='ocr_carea' id='block_1_12' title="bbox 393 2350 1194 2585">
    <p class='ocr_par' dir='ltr' id='par_1_13' title="bbox 393 2350 1194 2585">
     <span class='ocr_line' id='line_1_22' title="bbox 393 2350 1194 2438; baseline -0.029 -14"><span class='ocrx_word' id='word_1_144' title='bbox 393 2369 496 2438; x_wconf 86' lang='lat' dir='ltr'>Quibus</span> <span class='ocrx_word' id='word_1_145' title='bbox 509 2361 632 2438; x_wconf 80' lang='lat' dir='ltr'>subjungi</span> <span class='ocrx_word' id='word_1_146' title='bbox 640 2358 723 2432; x_wconf 84' lang='lat' dir='ltr'>possit</span> <span class='ocrx_word' id='word_1_147' title='bbox 733 2355 800 2409; x_wconf 90' lang='lat' dir='ltr'>illud</span> <span class='ocrx_word' id='word_1_148' title='bbox 809 2375 824 2407; x_wconf 89' lang='lat' dir='ltr'>e</span> <span class='ocrx_word' id='word_1_149' title='bbox 834 2353 945 2426; x_wconf 79' lang='lat' dir='ltr'>Virgilio</span> <span class='ocrx_word' id='word_1_150' title='bbox 955 2394 963 2419; x_wconf 92' lang='lat'>‚</span> <span class='ocrx_word' id='word_1_151' title='bbox 975 2352 1074 2423; x_wconf 80' lang='lat' dir='ltr'>Georg.</span> <span class='ocrx_word' id='word_1_152' title='bbox 1088 2350 1119 2418; x_wconf 85' lang='lat' dir='ltr'>l,</span> <span class='ocrx_word' id='word_1_153' title='bbox 1130 2351 1194 2404; x_wconf 75' lang='lat'>32⁸:</span> 
     </span>
     <span class='ocr_line' id='line_1_23' title="bbox 533 2454 1114 2526; baseline -0.022 -15"><span class='ocrx_word' id='word_1_154' title='bbox 533 2467 586 2526; x_wconf 85' lang='lat' dir='ltr'>lpse</span> <span class='ocrx_word' id='word_1_155' title='bbox 596 2471 664 2524; x_wconf 79' lang='lat' dir='ltr'>pater</span> <span class='ocrx_word' id='word_1_156' title='bbox 673 2459 749 2506; x_wconf 87' lang='lat' dir='ltr'>media</span> <span class='ocrx_word' id='word_1_157' title='bbox 759 2455 892 2503; x_wconf 84' lang='lat' dir='ltr'>nimborum</span> <span class='ocrx_word' id='word_1_158' title='bbox 903 2454 929 2502; x_wconf 89' lang='lat' dir='ltr'>iu</span> <span class='ocrx_word' id='word_1_159' title='bbox 941 2463 1011 2499; x_wconf 84' lang='lat' dir='ltr'>noete</span> <span class='ocrx_word' id='word_1_160' title='bbox 1019 2467 1114 2499; x_wconf 85' lang='lat' dir='ltr'>ooruses</span> 
     </span>
     <span class='ocr_line' id='line_1_24' title="bbox 536 2533 849 2585; baseline -0.035 1"><span class='ocrx_word' id='word_1_161' title='bbox 536 2538 643 2585; x_wconf 78' lang='lat' dir='ltr'>Fulmina</span> <span class='ocrx_word' id='word_1_162' title='bbox 653 2536 750 2582; x_wconf 88' lang='lat' dir='ltr'>molitur</span> <span class='ocrx_word' id='word_1_163' title='bbox 760 2533 849 2578; x_wconf 81' lang='lat' dir='ltr'>dextra.</span> 
     </span>
    </p>
   </div>
   <div class='ocr_carea' id='block_1_13' title="bbox 392 2623 1459 3124">
    <p class='ocr_par' dir='ltr' id='par_1_14' title="bbox 392 2623 1459 3124">
     <span class='ocr_line' id='line_1_25' title="bbox 397 2623 1456 2703; baseline -0.014 -11"><span class='ocrx_word' id='word_1_164' title='bbox 397 2647 483 2692; x_wconf 75' lang='lat' dir='ltr'>Terror</span> <span class='ocrx_word' id='word_1_165' title='bbox 495 2649 521 2690; x_wconf 91' lang='lat' dir='ltr'>et</span> <span class='ocrx_word' id='word_1_166' title='bbox 535 2642 625 2695; x_wconf 75' lang='lat' dir='ltr'>Pavor,</span> <span class='ocrx_word' id='word_1_167' title='bbox 637 2637 724 2703; x_wconf 80' lang='grc' dir='ltr'><strong>Διῖμος</strong></span> <span class='ocrx_word' id='word_1_168' title='bbox 736 2634 777 2684; x_wconf 77' lang='grc' dir='ltr'>καὶ</span> <span class='ocrx_word' id='word_1_169' title='bbox 790 2625 982 2692; x_wconf 45' lang='lat' dir='ltr'>&amp;Sublimis</span> <span class='ocrx_word' id='word_1_170' title='bbox 989 2635 1015 2678; x_wconf 92' lang='lat' dir='ltr'>et</span> <span class='ocrx_word' id='word_1_171' title='bbox 1025 2625 1135 2676; x_wconf 85' lang='lat' dir='ltr'>Veneris</span> <span class='ocrx_word' id='word_1_172' title='bbox 1145 2634 1219 2677; x_wconf 85' lang='lat' dir='ltr'>eram</span> <span class='ocrx_word' id='word_1_173' title='bbox 1231 2623 1296 2676; x_wconf 86' lang='lat' dir='ltr'>filii:</span> <span class='ocrx_word' id='word_1_174' title='bbox 1307 2624 1403 2695; x_wconf 86' lang='lat' dir='ltr'>quibus</span> <span class='ocrx_word' id='word_1_175' title='bbox 1415 2643 1456 2677; x_wconf 83' lang='lat' dir='ltr'>ar-</span> 
     </span>
     <span class='ocr_line' id='line_1_26' title="bbox 392 2707 1457 2794; baseline -0.012 -21"><span class='ocrx_word' id='word_1_176' title='bbox 392 2722 500 2794; x_wconf 80' lang='lat' dir='ltr'>migeris</span> <span class='ocrx_word' id='word_1_177' title='bbox 519 2718 640 2770; x_wconf 87' lang='lat' dir='ltr'>utebatur</span> <span class='ocrx_word' id='word_1_178' title='bbox 655 2724 747 2786; x_wconf 77' lang='lat' dir='ltr'>pater3</span> <span class='ocrx_word' id='word_1_179' title='bbox 765 2710 823 2763; x_wconf 81' lang='lat' dir='ltr'>vide</span> <span class='ocrx_word' id='word_1_180' title='bbox 834 2708 942 2763; x_wconf 86' lang='lat' dir='ltr'>Hesiod.</span> <span class='ocrx_word' id='word_1_181' title='bbox 955 2709 1027 2762; x_wconf 74' lang='lat' dir='ltr'>Scut·</span> <span class='ocrx_word' id='word_1_182' title='bbox 1039 2709 1118 2762; x_wconf 84' lang='lat' dir='ltr'>Hero.</span> <span class='ocrx_word' id='word_1_183' title='bbox 1138 2708 1197 2778; x_wconf 86' lang='lat'>195.</span> <span class='ocrx_word' id='word_1_184' title='bbox 1209 2707 1326 2774; x_wconf 84' lang='lat' dir='ltr'>Quidam</span> <span class='ocrx_word' id='word_1_185' title='bbox 1340 2720 1457 2761; x_wconf 84' lang='lat' dir='ltr'>auctores</span> 
     </span>
     <span class='ocr_line' id='line_1_27' title="bbox 394 2791 1457 2878; baseline -0.011 -22"><span class='ocrx_word' id='word_1_186' title='bbox 394 2807 462 2861; x_wconf 82' lang='lat' dir='ltr'>falso</span> <span class='ocrx_word' id='word_1_187' title='bbox 468 2811 629 2878; x_wconf 79' lang='lat' dir='ltr'>putaverunt</span> <span class='ocrx_word' id='word_1_188' title='bbox 639 2793 696 2851; x_wconf 73' lang='lat' dir='ltr'>hed</span> <span class='ocrx_word' id='word_1_189' title='bbox 702 2795 755 2849; x_wconf 92' lang='lat' dir='ltr'>duo</span> <span class='ocrx_word' id='word_1_190' title='bbox 762 2792 968 2848; x_wconf 84' lang='lat' dir='ltr'>nominaMartis</span> <span class='ocrx_word' id='word_1_191' title='bbox 975 2793 1049 2864; x_wconf 84' lang='lat' dir='ltr'>equis</span> <span class='ocrx_word' id='word_1_192' title='bbox 1058 2792 1204 2846; x_wconf 89' lang='lat' dir='ltr'>Homerum</span> <span class='ocrx_word' id='word_1_193' title='bbox 1214 2791 1348 2859; x_wconf 84' lang='lat' dir='ltr'>tribuisse,</span> <span class='ocrx_word' id='word_1_194' title='bbox 1356 2793 1388 2844; x_wconf 93' lang='lat' dir='ltr'>Il.</span> <span class='ocrx_word' id='word_1_195' title='bbox 1396 2792 1446 2844; x_wconf 83' lang='lat' dir='ltr'>XV</span> <span class='ocrx_word' id='word_1_196' title='bbox 1449 2832 1457 2856; x_wconf 84' lang='grc'>,</span> 
     </span>
     <span class='ocr_line' id='line_1_28' title="bbox 397 2875 1456 2961; baseline -0.011 -23"><span class='ocrx_word' id='word_1_197' title='bbox 397 2910 457 2961; x_wconf 83' lang='lat'>¹¹9·</span> <span class='ocrx_word' id='word_1_198' title='bbox 474 2885 541 2939; x_wconf 81' lang='lat' dir='ltr'>Vide</span> <span class='ocrx_word' id='word_1_199' title='bbox 554 2883 643 2940; x_wconf 78' lang='lat' dir='ltr'>schol.</span> <span class='ocrx_word' id='word_1_200' title='bbox 656 2883 690 2934; x_wconf 86' lang='lat' dir='ltr'>u.</span> <span class='ocrx_word' id='word_1_201' title='bbox 704 2881 759 2945; x_wconf 90' lang='lat' dir='ltr'>IV,</span> <span class='ocrx_word' id='word_1_202' title='bbox 780 2885 840 2943; x_wconf 69' lang='lat'>440,</span> <span class='ocrx_word' id='word_1_203' title='bbox 854 2876 989 2930; x_wconf 78' lang='lat' dir='ltr'>Valerium</span> <span class='ocrx_word' id='word_1_204' title='bbox 1008 2875 1147 2929; x_wconf 80' lang='lat' dir='ltr'>verisimile</span> <span class='ocrx_word' id='word_1_205' title='bbox 1162 2875 1242 2927; x_wconf 86' lang='lat' dir='ltr'>estin</span> <span class='ocrx_word' id='word_1_206' title='bbox 1259 2875 1331 2930; x_wconf 84' lang='lat' dir='ltr'>huuc</span> <span class='ocrx_word' id='word_1_207' title='bbox 1344 2892 1456 2928; x_wconf 78' lang='lat' dir='ltr'>errorem</span> 
     </span>
     <span class='ocr_line' id='line_1_29' title="bbox 396 2960 1459 3034; baseline -0.019 -5"><span class='ocrx_word' id='word_1_208' title='bbox 396 2975 535 3029; x_wconf 89' lang='lat' dir='ltr'>inductum</span> <span class='ocrx_word' id='word_1_209' title='bbox 551 2969 631 3021; x_wconf 87' lang='lat' dir='ltr'>fuisse</span> <span class='ocrx_word' id='word_1_210' title='bbox 652 2965 704 3018; x_wconf 90' lang='lat' dir='ltr'>hoc</span> <span class='ocrx_word' id='word_1_211' title='bbox 722 2962 827 3034; x_wconf 83' lang='lat' dir='ltr'>Virgilii</span> <span class='ocrx_word' id='word_1_212' title='bbox 853 2962 931 3027; x_wconf 87' lang='lat' dir='ltr'>loeo,</span> <span class='ocrx_word' id='word_1_213' title='bbox 955 2960 1053 3032; x_wconf 82' lang='lat' dir='ltr'>Georg.</span> <span class='ocrx_word' id='word_1_214' title='bbox 1075 2961 1137 3025; x_wconf 87' lang='grc' dir='ltr'>ΙΙΙ,</span> <span class='ocrx_word' id='word_1_215' title='bbox 1158 2977 1208 3028; x_wconf 87' lang='lat'>90:</span> <span class='ocrx_word' id='word_1_216' title='bbox 1231 2975 1255 3011; x_wconf 87' lang='lat' dir='ltr'>et</span> <span class='ocrx_word' id='word_1_217' title='bbox 1276 2981 1378 3029; x_wconf 84' lang='lat' dir='ltr'>quorum</span> <span class='ocrx_word' id='word_1_218' title='bbox 1392 2962 1459 3010; x_wconf 80' lang='lat' dir='ltr'>Graii</span> 
     </span>
     <span class='ocr_line' id='line_1_30' title="bbox 396 3039 1457 3124; baseline -0.018 -12"><span class='ocrx_word' id='word_1_219' title='bbox 396 3062 527 3112; x_wconf 82' lang='lat' dir='ltr'>meminere</span> <span class='ocrx_word' id='word_1_220' title='bbox 535 3066 616 3124; x_wconf 80' lang='lat' dir='ltr'>poette</span> <span class='ocrx_word' id='word_1_221' title='bbox 628 3052 715 3102; x_wconf 83' lang='lat' dir='ltr'>Martis</span> <span class='ocrx_word' id='word_1_222' title='bbox 729 3049 787 3115; x_wconf 83' lang='lat' dir='ltr'>equi</span> <span class='ocrx_word' id='word_1_223' title='bbox 798 3048 902 3114; x_wconf 71' lang='lat' dir='ltr'>bijuges.</span> <span class='ocrx_word' id='word_1_224' title='bbox 916 3043 986 3098; x_wconf 75' lang='lat' dir='ltr'>Alias</span> <span class='ocrx_word' id='word_1_225' title='bbox 998 3055 1087 3097; x_wconf 82' lang='lat' dir='ltr'>tumen</span> <span class='ocrx_word' id='word_1_226' title='bbox 1101 3042 1173 3114; x_wconf 83' lang='lat' dir='ltr'>apud</span> <span class='ocrx_word' id='word_1_227' title='bbox 1183 3044 1306 3096; x_wconf 86' lang='lat' dir='ltr'>Nostrum</span> <span class='ocrx_word' id='word_1_228' title='bbox 1320 3049 1401 3094; x_wconf 78' lang='lat' dir='ltr'>Pavor</span> <span class='ocrx_word' id='word_1_229' title='bbox 1412 3039 1457 3093; x_wconf 83' lang='lat' dir='ltr'>ad·</span> 
     </span>
    </p>
   </div>
   <div class='ocr_carea' id='block_1_14' title="bbox 396 3127 1020 3206">
    <p class='ocr_par' dir='ltr' id='par_1_15' title="bbox 396 3127 1020 3206">
     <span class='ocr_line' id='line_1_31' title="bbox 396 3127 1020 3206; baseline -0.027 -11"><span class='ocrx_word' id='word_1_230' title='bbox 396 3143 512 3206; x_wconf 86' lang='lat' dir='ltr'>hibetur,</span> <span class='ocrx_word' id='word_1_231' title='bbox 525 3149 554 3190; x_wconf 88' lang='lat' dir='ltr'>ut</span> <span class='ocrx_word' id='word_1_232' title='bbox 565 3152 661 3189; x_wconf 84' lang='lat' dir='ltr'>nomen</span> <span class='ocrx_word' id='word_1_233' title='bbox 671 3129 810 3204; x_wconf 87' lang='lat' dir='ltr'>cujusdam</span> <span class='ocrx_word' id='word_1_234' title='bbox 825 3127 883 3194; x_wconf 86' lang='lat' dir='ltr'>dei,</span> <span class='ocrx_word' id='word_1_235' title='bbox 894 3129 941 3193; x_wconf 83' lang='grc' dir='ltr'>Π,</span> <span class='ocrx_word' id='word_1_236' title='bbox 957 3139 1020 3187; x_wconf 76' lang='lat' dir='ltr'>sot:</span> 
     </span>
    </p>
   </div>
   <div class='ocr_carea' id='block_1_15' title="bbox 536 3223 1114 3358">
    <p class='ocr_par' dir='ltr' id='par_1_16' title="bbox 536 3223 1114 3358">
     <span class='ocr_line' id='line_1_32' title="bbox 536 3223 1114 3282; baseline -0.019 -3"><span class='ocrx_word' id='word_1_237' title='bbox 536 3232 657 3279; x_wconf 75' lang='lat' dir='ltr'>Aooelerat</span> <span class='ocrx_word' id='word_1_238' title='bbox 665 3233 746 3282; x_wconf 79' lang='lat' dir='ltr'>Pavor,</span> <span class='ocrx_word' id='word_1_239' title='bbox 756 3236 779 3273; x_wconf 88' lang='lat' dir='ltr'>et</span> <span class='ocrx_word' id='word_1_240' title='bbox 789 3225 875 3273; x_wconf 82' lang='lat' dir='ltr'>Geticis</span> <span class='ocrx_word' id='word_1_241' title='bbox 886 3223 1009 3272; x_wconf 85' lang='lat' dir='ltr'>Discordia</span> <span class='ocrx_word' id='word_1_242' title='bbox 1019 3225 1114 3270; x_wconf 87' lang='lat' dir='ltr'>demens</span> 
     </span>
     <span class='ocr_line' id='line_1_33' title="bbox 536 3305 674 3358; baseline -0.036 -4"><span class='ocrx_word' id='word_1_243' title='bbox 536 3310 554 3354; x_wconf 84' lang='lat' dir='ltr'>E</span> <span class='ocrx_word' id='word_1_244' title='bbox 566 3305 674 3358; x_wconf 66' lang='lat' dir='ltr'>suhalim</span> 
     </span>
    </p>
   </div>
   <div class='ocr_carea' id='block_1_16' title="bbox 394 3383 1456 3557">
    <p class='ocr_par' dir='ltr' id='par_1_17' title="bbox 394 3383 1456 3557">
     <span class='ocr_line' id='line_1_34' title="bbox 395 3383 1456 3467; baseline -0.019 -14"><span class='ocrx_word' id='word_1_245' title='bbox 395 3403 460 3467; x_wconf 79' lang='lat' dir='ltr'>Quae</span> <span class='ocrx_word' id='word_1_246' title='bbox 470 3417 511 3452; x_wconf 88' lang='lat' dir='ltr'>res</span> <span class='ocrx_word' id='word_1_247' title='bbox 520 3392 685 3448; x_wconf 84' lang='lat' dir='ltr'>verisimilem</span> <span class='ocrx_word' id='word_1_248' title='bbox 696 3388 777 3442; x_wconf 83' lang='lat' dir='ltr'>eflicit</span> <span class='ocrx_word' id='word_1_249' title='bbox 786 3390 966 3459; x_wconf 78' lang='lat' dir='ltr'>conjecturam</span> <span class='ocrx_word' id='word_1_250' title='bbox 980 3386 1083 3441; x_wconf 84' lang='lat' dir='ltr'>Barthii</span> <span class='ocrx_word' id='word_1_251' title='bbox 1099 3385 1207 3456; x_wconf 82' lang='lat' dir='ltr'>legentis</span> <span class='ocrx_word' id='word_1_252' title='bbox 1224 3387 1380 3452; x_wconf 77' lang='lat' dir='ltr'>Martisequi,</span> <span class='ocrx_word' id='word_1_253' title='bbox 1402 3383 1420 3433; x_wconf 92' lang='lat' dir='ltr'>i.</span> <span class='ocrx_word' id='word_1_254' title='bbox 1433 3401 1456 3434; x_wconf 87' lang='lat' dir='ltr'>e.</span> 
     </span>
     <span class='ocr_line' id='line_1_35' title="bbox 394 3469 911 3557; baseline -0.029 -20"><span class='ocrx_word' id='word_1_255' title='bbox 394 3485 441 3557; x_wconf 88' lang='lat' dir='ltr'>qui</span> <span class='ocrx_word' id='word_1_256' title='bbox 454 3483 567 3536; x_wconf 87' lang='lat' dir='ltr'>Martem</span> <span class='ocrx_word' id='word_1_257' title='bbox 575 3485 731 3548; x_wconf 87' lang='lat' dir='ltr'>sequuntur.</span> <span class='ocrx_word' id='word_1_258' title='bbox 909 3469 911 3474; x_wconf 75' lang='grc'>’</span> 
     </span>
    </p>
   </div>
   <div class='ocr_carea' id='block_1_17' title="bbox 429 3575 1141 3717">
    <p class='ocr_par' dir='ltr' id='par_1_18' title="bbox 429 3575 1141 3717">
     <span class='ocr_line' id='line_1_36' title="bbox 429 3575 1141 3654; baseline -0.018 -17"><span class='ocrx_word' id='word_1_259' title='bbox 429 3587 465 3638; x_wconf 89' lang='lat' dir='ltr'>V.</span> <span class='ocrx_word' id='word_1_260' title='bbox 480 3602 524 3654; x_wconf 85' lang='lat'>91.</span> <span class='ocrx_word' id='word_1_261' title='bbox 546 3585 651 3632; x_wconf 83' lang='lat' dir='ltr'>Goemleo</span> <span class='ocrx_word' id='word_1_262' title='bbox 663 3580 741 3629; x_wconf 80' lang='lat' dir='ltr'>veluti</span> <span class='ocrx_word' id='word_1_263' title='bbox 753 3596 825 3645; x_wconf 86' lang='lat' dir='ltr'>quum</span> <span class='ocrx_word' id='word_1_264' title='bbox 839 3579 933 3645; x_wconf 79' lang='lat' dir='ltr'>Jupiter</span> <span class='ocrx_word' id='word_1_265' title='bbox 942 3577 1042 3642; x_wconf 68' lang='lat' dir='ltr'>agnum</span> <span class='ocrx_word' id='word_1_266' title='bbox 1055 3575 1141 3624; x_wconf 74' lang='lat' dir='ltr'>nubem</span> 
     </span>
     <span class='ocr_line' id='line_1_37' title="bbox 541 3663 745 3717; baseline -0.034 0"><span class='ocrx_word' id='word_1_267' title='bbox 541 3663 673 3717; x_wconf 75' lang='lat' dir='ltr'>constituit.</span> <span class='ocrx_word' id='word_1_268' title='bbox 743 3711 745 3716; x_wconf 81' lang='grc'>,</span> 
     </span>
    </p>
   </div>
   <div class='ocr_carea' id='block_1_18' title="bbox 394 3753 1459 3926">
    <p class='ocr_par' dir='ltr' id='par_1_19' title="bbox 394 3753 1459 3926">
     <span class='ocr_line' id='line_1_38' title="bbox 397 3753 1459 3830; baseline -0.019 -8"><span class='ocrx_word' id='word_1_269' title='bbox 397 3771 542 3823; x_wconf 81' lang='lat' dir='ltr'>Constiutere</span> <span class='ocrx_word' id='word_1_270' title='bbox 560 3767 645 3816; x_wconf 83' lang='lat' dir='ltr'>nubem</span> <span class='ocrx_word' id='word_1_271' title='bbox 657 3766 761 3814; x_wconf 70' lang='lat' dir='ltr'>censeo</span> <span class='ocrx_word' id='word_1_272' title='bbox 771 3764 886 3830; x_wconf 69' lang='lat' dir='ltr'>agmine,</span> <span class='ocrx_word' id='word_1_273' title='bbox 903 3757 1019 3812; x_wconf 84' lang='lat' dir='ltr'>notanda</span> <span class='ocrx_word' id='word_1_274' title='bbox 1031 3767 1070 3809; x_wconf 85' lang='lat' dir='ltr'>est</span> <span class='ocrx_word' id='word_1_275' title='bbox 1088 3755 1203 3821; x_wconf 83' lang='lat' dir='ltr'>locutio,</span> <span class='ocrx_word' id='word_1_276' title='bbox 1217 3767 1243 3808; x_wconf 85' lang='lat' dir='ltr'>et</span> <span class='ocrx_word' id='word_1_277' title='bbox 1255 3753 1345 3807; x_wconf 83' lang='lat' dir='ltr'>similis</span> <span class='ocrx_word' id='word_1_278' title='bbox 1355 3761 1392 3826; x_wconf 70' lang='grc' dir='ltr'>τῷ</span> <span class='ocrx_word' id='word_1_279' title='bbox 1402 3773 1459 3803; x_wconf 78' lang='lat' dir='ltr'>eon·</span> 
     </span>
     <span class='ocr_line' id='line_1_39' title="bbox 394 3837 1459 3926; baseline -0.016 -21"><span class='ocrx_word' id='word_1_280' title='bbox 394 3857 490 3926; x_wconf 74' lang='lat' dir='ltr'>stituere</span> <span class='ocrx_word' id='word_1_281' title='bbox 506 3867 609 3919; x_wconf 78' lang='lat' dir='ltr'>agmen,</span> <span class='ocrx_word' id='word_1_282' title='bbox 627 3845 700 3918; x_wconf 91' lang='lat' dir='ltr'>quod</span> <span class='ocrx_word' id='word_1_283' title='bbox 717 3844 831 3898; x_wconf 81' lang='lat' dir='ltr'>occurrit</span> <span class='ocrx_word' id='word_1_284' title='bbox 851 3841 923 3915; x_wconf 86' lang='lat' dir='ltr'>apud</span> <span class='ocrx_word' id='word_1_285' title='bbox 940 3842 1045 3895; x_wconf 82' lang='lat' dir='ltr'>Livium</span> <span class='ocrx_word' id='word_1_286' title='bbox 1065 3839 1194 3910; x_wconf 79' lang='lat' dir='ltr'>aliosque.</span> <span class='ocrx_word' id='word_1_287' title='bbox 1206 3837 1267 3891; x_wconf 80' lang='lat' dir='ltr'>vid.</span> <span class='ocrx_word' id='word_1_288' title='bbox 1283 3849 1338 3890; x_wconf 88' lang='lat' dir='ltr'>not.</span> <span class='ocrx_word' id='word_1_289' title='bbox 1356 3838 1386 3890; x_wconf 88' lang='lat' dir='ltr'>in</span> <span class='ocrx_word' id='word_1_290' title='bbox 1403 3837 1459 3889; x_wconf 86' lang='lat' dir='ltr'>Liv.</span> 
     </span>
    </p>
   </div>
   <div class='ocr_carea' id='block_1_19' title="bbox 395 3931 883 4000">
    <p class='ocr_par' dir='ltr' id='par_1_20' title="bbox 395 3931 883 4000">
     <span class='ocr_line' id='line_1_40' title="bbox 395 3931 883 4000; baseline -0.02 -10"><span class='ocrx_word' id='word_1_291' title='bbox 395 3937 516 3990; x_wconf 86' lang='lat' dir='ltr'>Editione</span> <span class='ocrx_word' id='word_1_292' title='bbox 529 3945 617 3986; x_wconf 80' lang='lat' dir='ltr'>nostra</span> <span class='ocrx_word' id='word_1_293' title='bbox 626 3973 634 3999; x_wconf 89' lang='lat'><strong><em>‚</em></strong></span> <span class='ocrx_word' id='word_1_294' title='bbox 643 3931 763 3996; x_wconf 75' lang='lat' dir='ltr'>Tomv,</span> <span class='ocrx_word' id='word_1_295' title='bbox 782 3948 810 4000; x_wconf 87' lang='lat' dir='ltr'>p.</span> <span class='ocrx_word' id='word_1_296' title='bbox 823 3931 883 3981; x_wconf 78' lang='lat'><strong>260.</strong></span> 
     </span>
    </p>
   </div>
   <div class='ocr_carea' id='block_1_20' title="bbox 394 4038 1463 4205">
    <p class='ocr_par' dir='ltr' id='par_1_21' title="bbox 394 4038 1463 4205">
     <span class='ocr_line' id='line_1_41' title="bbox 430 4038 1462 4116; baseline -0.017 -10"><span class='ocrx_word' id='word_1_297' title='bbox 430 4055 466 4106; x_wconf 87' lang='lat' dir='ltr'>V.</span> <span class='ocrx_word' id='word_1_298' title='bbox 478 4072 535 4105; x_wconf 86' lang='lat' dir='ltr'>roo.</span> <span class='ocrx_word' id='word_1_299' title='bbox 548 4053 640 4103; x_wconf 78' lang='lat' dir='ltr'>Restitit</span> <span class='ocrx_word' id='word_1_300' title='bbox 648 4053 689 4100; x_wconf 84' lang='lat' dir='ltr'>ille</span> <span class='ocrx_word' id='word_1_301' title='bbox 697 4050 790 4116; x_wconf 79' lang='lat' dir='ltr'>gradu.</span> <span class='ocrx_word' id='word_1_302' title='bbox 804 4077 839 4086; x_wconf 96' lang='lat'>-</span> <span class='ocrx_word' id='word_1_303' title='bbox 857 4049 903 4096; x_wconf 83' lang='lat' dir='ltr'>Ille</span> <span class='ocrx_word' id='word_1_304' title='bbox 915 4041 1014 4096; x_wconf 84' lang='lat' dir='ltr'>indicat</span> <span class='ocrx_word' id='word_1_305' title='bbox 1027 4041 1167 4094; x_wconf 89' lang='lat' dir='ltr'>Dolionem</span> <span class='ocrx_word' id='word_1_306' title='bbox 1177 4038 1323 4112; x_wconf 83' lang='lat' dir='ltr'>Corythum</span> <span class='ocrx_word' id='word_1_307' title='bbox 1334 4078 1342 4105; x_wconf 84' lang='lat'>,</span> <span class='ocrx_word' id='word_1_308' title='bbox 1353 4049 1383 4090; x_wconf 92' lang='lat' dir='ltr'>ut</span> <span class='ocrx_word' id='word_1_309' title='bbox 1392 4049 1462 4110; x_wconf 84' lang='lat' dir='ltr'>patet</span> 
     </span>
     <span class='ocr_line' id='line_1_42' title="bbox 394 4125 1463 4205; baseline -0.017 -14"><span class='ocrx_word' id='word_1_310' title='bbox 394 4159 425 4193; x_wconf 82' lang='lat' dir='ltr'>ex</span> <span class='ocrx_word' id='word_1_311' title='bbox 438 4137 480 4189; x_wconf 87' lang='lat' dir='ltr'>his</span> <span class='ocrx_word' id='word_1_312' title='bbox 490 4135 575 4189; x_wconf 82' lang='lat' dir='ltr'>verbis</span> <span class='ocrx_word' id='word_1_313' title='bbox 584 4175 592 4199; x_wconf 90' lang='lat'>,</span> <span class='ocrx_word' id='word_1_314' title='bbox 601 4133 699 4205; x_wconf 89' lang='lat' dir='ltr'>quibus</span> <span class='ocrx_word' id='word_1_315' title='bbox 714 4129 822 4203; x_wconf 84' lang='lat' dir='ltr'>Tydeus</span> <span class='ocrx_word' id='word_1_316' title='bbox 837 4128 911 4180; x_wconf 90' lang='lat' dir='ltr'>illum</span> <span class='ocrx_word' id='word_1_317' title='bbox 926 4125 1080 4198; x_wconf 86' lang='lat' dir='ltr'>compellat:</span> <span class='ocrx_word' id='word_1_318' title='bbox 1103 4144 1151 4193; x_wconf 85' lang='lat' dir='ltr'>quo</span> <span class='ocrx_word' id='word_1_319' title='bbox 1165 4127 1271 4184; x_wconf 61' lang='lat' dir='ltr'>stereus,</span> <span class='ocrx_word' id='word_1_320' title='bbox 1284 4125 1386 4175; x_wconf 80' lang='lat' dir='ltr'>moriere</span> <span class='ocrx_word' id='word_1_321' title='bbox 1400 4126 1463 4174; x_wconf 82' lang='lat' dir='ltr'>loen.</span> 
     </span>
    </p>
   </div>
   <div class='ocr_carea' id='block_1_21' title="bbox 429 4233 1203 4307">
    <p class='ocr_par' dir='ltr' id='par_1_22' title="bbox 429 4233 1203 4307">
     <span class='ocr_line' id='line_1_43' title="bbox 429 4233 1203 4307; baseline -0.019 -13"><span class='ocrx_word' id='word_1_322' title='bbox 429 4249 462 4295; x_wconf 81' lang='lat' dir='ltr'>V.</span> <span class='ocrx_word' id='word_1_323' title='bbox 478 4243 536 4296; x_wconf 84' lang='lat'>103.</span> <span class='ocrx_word' id='word_1_324' title='bbox 547 4243 690 4304; x_wconf 58' lang='lat' dir='ltr'>Etljrdeus.</span> <span class='ocrx_word' id='word_1_325' title='bbox 705 4267 739 4277; x_wconf 93' lang='lat'>-—</span> <span class='ocrx_word' id='word_1_326' title='bbox 753 4233 907 4307; x_wconf 76' lang='lat' dir='ltr'>Legendum</span> <span class='ocrx_word' id='word_1_327' title='bbox 921 4249 1031 4285; x_wconf 85' lang='lat' dir='ltr'>censeo:</span> <span class='ocrx_word' id='word_1_328' title='bbox 1044 4235 1090 4281; x_wconf 82' lang='lat' dir='ltr'>sed</span> <span class='ocrx_word' id='word_1_329' title='bbox 1099 4235 1203 4296; x_wconf 56' lang='lat' dir='ltr'>tydeus.</span> 
     </span>
    </p>
   </div>
   <div class='ocr_carea' id='block_1_22' title="bbox 0 0 1618 5114">
    <p class='ocr_par' dir='ltr' id='par_1_23' title="bbox 0 0 1618 5114">
     <span class='ocr_line' id='line_1_44' title="bbox 0 0 1618 5114; baseline 0 2"><span class='ocrx_word' id='word_1_330' title='bbox 0 0 1618 5114; x_wconf 95' lang='lat' dir='ltr'> </span> 
     </span>
    </p>
   </div>
  </div>
 </body>
</html>
