3198 5106
439 497 531 544 cm
741 476 892 544 PETRI
923 475 1194 547 nuntiatur
1271 527 1274 534 .

438 629 504 672 non
521 621 667 695 poetam,
686 606 877 672 hittorieum
893 623 927 670 et
944 623 1105 672 oratorem
1123 608 1344 673 oontaminare
1359 611 1506 676 erubue-

439 729 535 794 ruut,
555 712 612 777 sed
632 736 651 776 a
671 714 741 778 eolo
759 713 887 778 Valerio
906 713 1021 778 Flaoeo
1038 735 1154 778 manua
1177 713 1414 799 cohibuerunt,
1439 739 1507 782 nec

437 821 498 909 ipti
513 820 559 884 issi
572 821 702 903 banea,
718 835 750 886 et
764 820 978 909 interpretum
994 820 1172 909 prinoipea,
1189 821 1248 908 qni
1260 821 1295 885 in
1310 845 1407 888 utum
1424 826 1508 889 Doi-

437 927 529 1016 phini
547 943 597 994 tot
614 925 740 992 obortae
758 925 989 1015 perdiderunt,
1010 927 1174 991 Valerium
1193 927 1331 1017 principi
1349 951 1410 996 tuo
1431 932 1507 1020 pia·

437 1034 564 1098 niorem
579 1031 715 1098 reddere
729 1033 906 1098 voluerunt
920 1055 929 1096 ε
944 1031 1003 1097 sed
1017 1031 1195 1120 prudentes
1209 1047 1242 1100 et
1255 1051 1349 1100 caute
1362 1035 1403 1101 ad
1418 1038 1509 1102 alios·

435 1139 878 1228 etiaeilioreaoperamsuam
889 1135 1504 1224 nunttulere3determitenim,oredo,
1538 1162 1542 1166 ·

436 1269 550 1312 omnes
568 1243 757 1326 difficultas,
782 1259 815 1308 et
830 1244 971 1308 auctorit
987 1244 1089 1308 nostri
1106 1245 1241 1310 minime
1262 1247 1378 1314 obvius
1397 1249 1505 1314 mmi-

433 1351 567 1417 ernditit
594 1371 718 1416 eonem.
744 1350 871 1438 Dignus
895 1348 960 1414 hoo
981 1365 1053 1414 rote
1077 1348 1236 1438 interpres
1256 1367 1323 1417 erat
1339 1353 1507 1420 Niootnus

433 1456 765 1545 Heinsiut,quiinter
774 1470 885 1544 poetae
900 1471 1006 1536 nauto,
1015 1471 1049 1520 et
1060 1455 1096 1520 in
1109 1458 1247 1522 morano
1259 1460 1365 1524 omnio
1375 1461 1504 1548 politiae

432 1579 466 1630 et
489 1561 683 1628 eruditionis
705 1560 882 1643 edueatut,
901 1575 952 1626 tot
966 1560 1100 1624 vulnera
1118 1563 1260 1649 antiquit
1283 1565 1506 1653 scriptoribus

432 1669 582 1758 impotita
594 1682 730 1732 sanaret.
743 1669 792 1730 De
800 1668 869 1746 ejut
878 1689 958 1730 cura
968 1682 1004 1730 et
1013 1665 1123 1732 surdio
1135 1689 1210 1756 erga
1219 1669 1382 1734 Valerium
1394 1672 1502 1759 ipsius

431 1774 576 1864 praefatio
588 1774 743 1838 leotoreua
764 1770 916 1852 dooebit;
932 1793 972 1836 ex
988 1793 1052 1859 qua
1067 1787 1175 1859 patet,
1194 1789 1287 1838 notan
1302 1775 1380 1839 olim
1396 1777 1439 1840 ab
1456 1799 1505 1842 eo

429 1882 494 1961 jam
504 1877 713 1966 conscriptas,
728 1877 817 1942 furto
830 1875 892 1966 ipsi
907 1876 1006 1941 fuisse
1021 1877 1202 1966 subreptas,
1217 1894 1250 1943 et
1264 1902 1368 1966 quum
1383 1903 1503 1946 seeun-

431 1986 488 2052 dar
511 2006 604 2049 ouras
624 1983 691 2063 jam
716 1981 921 2064 adornasset,
943 1982 1050 2048 vorbis
1069 1999 1195 2070 poetae,
1223 2007 1296 2072 quae
1316 1985 1501 2050 excedebat

431 2091 601 2156 Phamerus
618 2089 811 2176 bibliopola,
834 2086 1016 2170 addendae,
1037 2106 1143 2153 morte
1157 2090 1243 2154 iliius
1258 2091 1361 2179 ipsam
1377 2092 1501 2156 editio·

431 2217 507 2260 nem
523 2196 755 2283 interruptam,
765 2195 865 2286 eique
876 2216 935 2282 per
948 2195 989 2258 Η.
1004 2195 1222 2259 Wetotenium
1234 2217 1419 2285 supremam
1432 2221 1504 2264 mo·

432 2323 513 2366 num
525 2301 725 2390 impositam,
738 2313 771 2364 et
782 2299 851 2366 tine
867 2297 1027 2364 adnotatis
1040 2301 1188 2364 emissam
1200 2323 1288 2365 anno
1305 2303 1397 2368 1680.
1413 2305 1501 2384 Quae

431 2409 531 2474 editio
551 2406 683 2496 quidem
703 2405 826 2494 priores
843 2407 982 2474 multum
999 2422 1146 2494 superat,
1165 2407 1256 2495 quod
1271 2409 1369 2474 verba
1391 2427 1502 2498 poetar

431 2513 650 2580 emendatiora
661 2511 829 2593 exhibeat,
846 2534 912 2599 quo
932 2512 1067 2576 nomine
1083 2535 1153 2578 eom
1167 2511 1277 2578 iaudat
1291 2513 1336 2580 ill.
1353 2515 1501 2603 Spanhe·

430 2620 516 2685 mint
534 2617 575 2684 ad
593 2618 717 2682 Gallim.
734 2619 854 2707 Hymn.
876 2618 908 2680 in
924 2617 1018 2681 Dian.
1038 2639 1121 2682 vers.
1136 2640 1196 2682 aar
1211 2619 1291 2700 3sed
1309 2635 1415 2685 tamen
1437 2645 1499 2686 ne·

431 2726 590 2817 gligentiae
604 2747 776 2814 operarum
790 2723 957 2787 manifesta
971 2745 1053 2811 sepe
1063 2725 1195 2813 vestigia
1207 2725 1366 2808 ostendit,
1377 2725 1417 2790 de
1430 2751 1499 2815 qua

432 2833 621 2922 supinitate,
631 2829 830 2919 quotidianis
842 2830 910 2894 fere
925 2830 1075 2917 querelis,
1086 2831 1205 2894 amicos
1218 2853 1295 2895 auos
1308 2833 1498 2921 fatigantem

432 2939 599 3004 Heinsium
622 2937 656 3000 in
671 2936 812 3024 epistolis
829 2935 979 3024 egregiis,
994 2955 1077 3020 quas
1093 2934 1184 2999 brevi
1202 2935 1265 3000 luoi
1282 2937 1419 3024 publieae
1437 2939 1499 3003 do-

432 3044 597 3124 nabimus,
610 3041 720 3106 videre
732 3040 852 3106 lioobit.
868 3041 976 3121 Quare
992 3061 1096 3126 quum
1113 3040 1194 3104 mihi
1208 3041 1250 3106 ad
1265 3044 1382 3107 scrinia
1397 3046 1499 3109 Hein-

431 3152 534 3232 tiana,
552 3169 624 3237 quae
639 3145 824 3210 hereditatis
837 3147 910 3225 iure
927 3147 1120 3212 transierant
1132 3145 1172 3211 ad
1180 3149 1394 3238 amplissimos
1413 3151 1498 3216 Goe·

433 3245 513 3337 sion,
523 3270 679 3319 eteorum
690 3249 819 3314 affinem
830 3250 996 3332 Crucium,
1011 3251 1141 3316 fratrem
1153 3253 1233 3318 mihi
1245 3255 1476 3322 honorandum
1487 3309 1496 3342 ‚

432 3361 539 3426 aditus
551 3372 635 3422 esset
648 3357 768 3437 faetus,
780 3372 813 3420 et
826 3369 911 3420 noun
924 3357 1107 3422 Heinsianae
1119 3359 1153 3422 in
1169 3381 1282 3424 manus
1296 3383 1383 3426 meas
1392 3365 1499 3428 venis·

430 3477 520 3543 aean,
530 3483 582 3524 eat
596 3455 714 3523 edendi
728 3457 887 3544 impetum
903 3459 991 3546 cepi,
1001 3481 1106 3547 eoque
1116 3480 1251 3526 munere
1266 3463 1379 3526 orbem
1389 3465 1498 3530 litera-

430 3567 516 3630 rium
534 3564 608 3627 auxi
618 3565 657 3627 A.
672 3584 771 3650 1702,
782 3585 862 3650 quae
879 3563 957 3628 viris
966 3610 975 3645 ,
985 3565 1019 3628 in
1030 3565 1131 3632 literis
1141 3589 1261 3631 nomen
1274 3591 1427 3657 magnum
1441 3572 1498 3636 ba·

429 3671 599 3751 bentibus,
610 3669 803 3759 gratissimas
811 3669 937 3735 venitm
950 3672 1061 3735 multia
1074 3671 1200 3736 indioiia
1212 3671 1428 3760 deprehendi:
1441 3676 1497 3741 illa

432 3801 510 3844 vero
530 3776 665 3841 minoris
679 3777 792 3842 formo
804 3775 924 3859 editio,
938 3793 1092 3842 renouata
1106 3795 1230 3844 tantum
1246 3779 1345 3866 priori
1360 3782 1493 3870 pagina,

432 3883 591 3950 mentitur
605 3882 701 3946 etiam
717 3903 839 3947 annum
855 3905 957 3972 ¹7²⁰3
974 3883 1030 3948 aed
1043 3883 1191 3948 eamdem
1209 3907 1288 3966 esso,
1306 3884 1495 3953 dubitantes

432 3989 474 4054 de
485 3989 546 4051 bae
560 3987 839 4076 typographorum
854 3987 967 4052 baudo
979 4037 988 4064 ‚
1002 3986 1124 4052 eruditi
1136 3987 1329 4054 Parioientet
1343 4007 1430 4056 reete
1439 3993 1496 4072 jun

430 4094 628 4160 dicaverunt.
668 4167 671 4174 Δ
1492 4105 1495 4112 ’

475 4199 526 4264 ΑΙ)
541 4219 581 4260 eo
594 4214 757 4285 tempore,
772 4211 885 4285 captata
902 4199 969 4286 ipae
983 4213 1087 4287 poetoe
1101 4198 1232 4289 ingenio
1245 4215 1278 4263 et
1292 4199 1493 4283 eruditione,
