3116 5102
287 483 290 490 ’
376 519 439 584 332
683 521 718 582 o.
742 519 936 588 vsusnu
963 521 1136 586 essem

417 651 532 739 Puppe
548 649 663 715 sedens
677 650 816 739 placidas
826 650 991 720 dimiserat
1002 676 1124 740 arraona
1133 647 1246 720 terras.

463 764 562 846 lnde,
580 783 748 853 premente
762 766 870 849 Noto,
885 769 992 832 tristes
1009 768 1227 834 Aehemsidos
1244 791 1320 832 oras

421 881 581 957 Praeterit‚
598 897 632 945 et
646 881 727 946 festa
738 881 906 972 vulgatum
920 897 1017 948 noete
1029 883 1114 971 Lymi
1163 921 1165 926 ·

419 994 639 1076 Caliiehoron3
652 1018 712 1060 nec
723 1018 803 1060 vana
814 993 893 1060 fides
904 1019 912 1062 :
925 995 977 1063 his
990 997 1132 1061 Bacchus
1145 997 1178 1062 in
1193 996 1291 1062 undis
1420 1022 1447 1072 7⁵

419 1107 530 1173 Abluit
542 1109 613 1173 Eoo
624 1125 770 1174 rorantes
782 1110 940 1199 sanguine
952 1109 1091 1201 thyrsos.

417 1223 532 1307 lllum,
547 1238 622 1312 post
633 1224 732 1307 acies,
746 1223 920 1314 Rubrique
930 1224 1105 1288 norissima
1118 1225 1257 1298 claustra

419 1338 594 1426 AEquoris‚
607 1337 661 1400 hie
673 1319 793 1402 resides
807 1337 943 1418 thiasos,
956 1338 1011 1402 hie
1026 1359 1089 1402 era
1102 1357 1306 1421 moventem,

418 1451 554 1538 Udaque
567 1451 738 1540 pampinea
750 1467 935 1516 nectentem
948 1473 1073 1516 cornua
1084 1453 1179 1534 vitta,

418 1567 517 1630 Nunc
528 1567 625 1630 etiam
639 1566 849 1647 meministis,
863 1589 973 1654 aquae,
989 1567 1109 1632 Boeotia
1125 1567 1254 1655 qualem
1416 1587 1442 1622 δυ

419 1681 544 1769 ruys,
562 1663 595 1744 ει
610 1680 721 1744 infern
739 1680 1004 1770 cupersanense
1020 1681 1197 1746 crasson.

420 1796 517 1859 Fama
528 1818 586 1883 per
599 1810 758 1858 extremos
775 1794 856 1881 quin
873 1794 937 1874 jam
953 1794 1040 1859 volat
1055 1794 1203 1882 improba
1216 1815 1326 1856 manes

343 2017 344 2020 ,
407 1997 444 2043 ps.
462 1981 570 2029 ruane
587 1982 652 2027 sbest
671 1982 696 2026 in
712 1980 788 2028 =istic.
806 1983 859 2028 ood.
878 1984 959 2027 Tristes
981 1982 1096 2027 diuiserat.
1119 1983 1184 2027 Cer-r.
1200 1979 1253 2028 eod.
1269 2007 1300 2016 —
1316 1979 1354 2039 75·
1371 1977 1440 2025 Catti-

375 2059 540 2106 rimaveris.
552 2062 645 2106 Bonon.
661 2069 685 2106 et
701 2062 767 2106 Cer-r.
782 2059 852 2106 oodd.
865 2062 955 2106 Boron
971 2061 991 2106 1.
1010 2059 1146 2106 Callirhoen.
1155 2061 1219 2106 Jnnt.
1231 2058 1378 2106 cometam.
1387 2057 1440 2102 ΑΜ.

377 2140 420 2184 mc
431 2139 532 2186 Baoclms
543 2150 567 2184 ut
580 2139 655 2186 undu.
667 2140 743 2186 Vatie.
760 2149 783 2186 st
797 2142 887 2187 Boron.
901 2139 970 2186 codd.
983 2141 1096 2186 bonomi
1112 2147 1136 2184 et
1150 2141 1186 2195 11,
1198 2147 1222 2185 et
1235 2137 1290 2184 edd.
1306 2147 1360 2184 ante
1375 2137 1439 2183 Gerr.
1462 2180 1467 2193 ,

372 2227 460 2278 pretor
468 2217 568 2278 Eugent.
576 2225 599 2262 et
609 2217 677 2264 filias.
693 2219 736 2264 En.

373 2380 445 2415 scam
455 2381 513 2414 earn
520 2363 746 2433 Argonautarum,
757 2363 803 2417 sed
812 2382 886 2418 suam
929 2363 964 2418 ad
980 2375 1108 2417 extremos
1121 2383 1204 2436 usque
1221 2362 1340 2418 Orientis
1358 2362 1438 2429 fines,

373 2441 488 2514 respexit
494 2453 607 2505 aetatem,
617 2461 669 2514 qua
677 2442 801 2514 depuppi
812 2461 885 2514 eque
930 2462 1002 2496 mare
1021 2442 1163 2506 Indicum,
1183 2443 1304 2515 prolata,
1325 2445 1364 2495 tic
1381 2445 1437 2494 resi·

374 2539 405 2574 ae
421 2539 499 2591 prora
510 2523 594 2592 jactas
611 2541 667 2574 esse
683 2540 792 2574 ancoras
808 2519 885 2574 docet
929 2522 1214 2593 des,inte1missos(r.
1232 2521 1268 2576 ad
1285 2523 1344 2585 111,
1355 2522 1435 2588 540),

373 2600 447 2652 loeus
466 2599 534 2654 Nor.
554 2600 626 2652 Test.
647 2601 703 2653 Act.
725 2602 816 2671 Apost.
838 2617 884 2668 η,
929 2604 1037 2664 thiasos,
1053 2602 1220 2666 saltationes,
1240 2601 1351 2654 choreas
1363 2621 1438 2654 reno-

376 2695 423 2746 29,
440 2679 490 2740 30,
508 2695 588 2748 quem
607 2677 716 2731 adduxit
731 2677 772 2730 rir
791 2677 884 2732 doetus
929 2683 1100 2750 rantemffir'c
1112 2701 1179 2743 oera,
1191 2691 1438 2752 tympana‚moverr-

373 2758 384 2824 (
391 2758 481 2824 lorcin)
497 2756 524 2808 in
536 2756 645 2809 Miscell.
655 2757 733 2808 Obss.
746 2757 778 2808 T.
792 2757 841 2817 lv,
855 2776 882 2827 p.
927 2775 982 2820 terra,
991 2759 1151 2831 pulsantem,
1162 2760 1339 2828 udaqne‚vino
1347 2759 1438 2812 leviter

376 2853 482 2905 171.—-
497 2838 611 2886 Placidus
633 2850 723 2895 terras,
744 2853 803 2906 qum
829 2846 883 2888 tem
927 2858 1081 2912 conspersa,
1091 2843 1225 2910 pampinea
1238 2853 1437 2891 nectente-mcor·

373 2916 457 2969 arniee
470 2934 515 2968 eor
531 2926 694 2987 exceperant.
926 2938 979 2970 aaa
995 2919 1088 2987 (conf.
1101 2921 1132 2983 Ι,
1146 2922 1214 2990 726;
1225 2919 1272 2982 11,
1286 2921 1357 2990 ηπ)
1372 2919 1434 2970 ‘sitta

408 2995 452 3066 73.
463 2997 681 3062 1mIe,premente,
692 2993 748 3045 vela
759 2991 881 3057 inflante,
928 2996 1011 3064 (alias
1020 3001 1091 3050 mitra
1098 3038 1106 3060 ‚
1115 2999 1172 3064 uti,
1183 2999 1210 3050 II
1220 3035 1228 3061 ,
1239 3016 1287 3067 271
1299 2999 1325 3064 ),
1340 3016 1385 3050 vos
1397 2996 1435 3046 vi·

372 3071 504 3136 secundo,
525 3077 603 3134 Noto,
627 3077 703 3124 antes
717 3075 881 3124 Acherusidos
925 3073 988 3128 dere
1001 3079 1245 3144 meminisds,aquoe.

371 3156 464 3214 undas,
478 3149 511 3204 de
525 3152 621 3222 quihus
632 3149 692 3207 vide
705 3149 738 3204 ad
752 3151 799 3213 IV,
814 3151 882 3217 595,
961 3155 1004 3207 80.
1015 3160 1108 3208 Boeotr'a
1122 3159 1218 3222 qualem
1230 3159 1328 3219 Tiryns,
1345 3155 1436 3221 reinse-

366 3235 498 3299 prcrteriit,
517 3247 539 3282 et
549 3235 619 3299 sessa
639 3235 783 3298 ordgatum,
800 3230 882 3302 inely-
925 3235 963 3284 tir
973 3248 1068 3303 cuperet
1079 3235 1171 3286 vidisse
1184 3235 1314 3285 aaaron.
1325 3232 1376 3285 Hie
1389 3231 1436 3302 igi·

372 3321 438 3374 tum,
448 3326 519 3364 nocte
527 3313 594 3376 Lycei
605 3313 764 3370 callictomn,
772 3309 882 3364 fluvium
927 3323 970 3364 tur
984 3309 1018 3363 ad
1032 3311 1198 3366 Callirhoron
1211 3313 1280 3364 mitis
1290 3325 1370 3383 atque
1382 3311 1436 3382 pia·

374 3389 569 3460 Paphlagoniae,
584 3387 619 3440 nd
630 3388 882 3462 quornBacchusex
927 3390 1001 3443 eidus
1022 3391 1074 3443 fuit
1096 3391 1215 3444 Bacchus
1223 3408 1231 3453 3
1257 3389 1335 3461 longe
1357 3390 1434 3442 atium

371 3468 446 3520 India
462 3467 545 3520 redux
559 3467 669 3538 quievit.
677 3464 739 3518 Vid.
751 3465 881 3520 Ammien.
925 3482 1029 3542 experta
1045 3481 1084 3522 est
1096 3469 1193 3521 Boeotia
1206 3468 1297 3539 Thyas
1309 3507 1317 3533 ,
1329 3469 1434 3540 Agave,

373 3545 470 3614 XXII,
486 3550 511 3599 8.
753 3547 758 3556 ¹
924 3567 983 3620 quae
999 3549 1100 3611 filium,
1120 3548 1311 3600 Thebanorum
1329 3565 1434 3617 regem,

347 3649 352 3664 ν
406 3627 449 3695 75.
462 3628 504 3676 His
514 3625 583 3678 enim
594 3628 704 3677 Bacchus
713 3629 736 3678 ir
747 3629 818 3678 aredis
828 3631 880 3677 Eoo
925 3625 1054 3694 Penthea,
1068 3625 1164 3680 Bacchi
1179 3647 1252 3680 sacra
1267 3638 1434 3680 contemnen-

370 3708 506 3772 sangra'ne,
530 3704 557 3755 iu
579 3704 653 3756 bellis
677 3703 823 3777 praeliisque
850 3705 877 3758 in
923 3718 993 3768 tem,
1012 3708 1100 3758 furore
1115 3719 1171 3758 aeta
1189 3725 1253 3758 cum
1269 3705 1327 3758 aliis
1341 3705 1434 3756 Mena·

369 3783 483 3836 Orientis
496 3783 648 3855 regionibus
660 3801 779 3854 asperso,
789 3803 877 3834 roran-
921 3783 1009 3848 dibus,
1020 3787 1047 3836 iu
1059 3798 1147 3837 monte
1157 3785 1261 3837 Boeotire
1272 3784 1434 3846 Cithaerone,

370 3877 418 3922 tes,
430 3862 565 3916 madentes
575 3901 582 3925 ‚
592 3865 666 3914 abiait
674 3867 779 3926 thyrsos,
788 3861 877 3914 hastas
922 3865 1088 3918 membratim
1097 3862 1345 3935 discerpseratvid.
1356 3881 1434 3934 supra

369 3939 473 3993 hederis
490 3941 753 4011 intertextasvirgil.
771 3941 828 3992 Ecl.
840 3942 876 4003 V,
924 3942 952 4007 1,
965 3947 1026 4013 726.

369 4021 401 4072 31
415 4038 422 4070 :
433 4023 506 4088 foliis
530 4025 609 4073 lentas
631 4025 740 4072 detexere
767 4023 876 4072 mollibus
958 4021 1431 4089 82.Famar'mproba,laboriosasem·

368 4098 463 4151 hastas.
921 4120 983 4172 per,
998 4120 1136 4171 nunquam
1147 4101 1231 4154 otiosa
1243 4138 1251 4164 ‚
1263 4105 1349 4160 volat,
1359 4101 1434 4152 celer·

404 4196 448 4250 77.
462 4183 532 4229 Illum
541 4193 600 4246 post
612 4182 691 4239 acies,
701 4180 820 4244 Rubrique
834 4200 877 4230 no·
919 4181 986 4232 rime
1001 4193 1117 4252 penetrat
1126 4219 1133 4243 ,
1143 4184 1179 4232 nd
1194 4195 1316 4232 extremos
1334 4199 1417 4231 annues
1436 4211 1442 4232 ι

369 4261 464 4312 sissima
478 4262 584 4309 claustra
594 4259 722 4330 AEquorr's,
737 4269 793 4330 post
807 4255 875 4312 betta
920 4259 953 4312 ad
967 4259 1071 4313 inferos.
1302 4247 1304 4254 Ι
