3226 5114
450 541 836 608 ARGONAUTICON
863 543 949 607 LIB.
971 541 1031 606 [vt

247 677 289 740 Et
306 690 399 762 pater
414 689 541 760 orantes
558 697 715 740 caesorum
730 676 881 739 Tartarus
897 674 1028 738 umbras

246 789 343 854 Nube
358 811 433 853 cava
450 786 580 853 tandem
598 789 639 854 ad
654 789 776 852 meritoe
794 789 974 876 spectacula
987 811 1103 878 pugnae

1204 563 1264 629 271

249 904 394 968 Emittit:
414 905 533 967 summi
552 903 739 993 nigrescunt
752 905 893 969 culmina
906 904 1037 968 montis.
1233 925 1270 960 2⁶0

292 1018 460 1082 Continuo
476 1017 619 1106 Bebryx,
636 1017 747 1082 Maleae
760 1017 849 1084 velut
866 1039 938 1080 arce
951 1017 1076 1106 fragosa

249 1133 364 1197 Turbo
382 1153 498 1219 rapax,
516 1133 569 1196 vix
586 1155 642 1195 ora
658 1132 783 1213 virum,
799 1132 852 1195 rix
867 1131 979 1194 tollere
995 1153 1107 1218 passus

249 1246 401 1328 Brachia,
422 1245 557 1310 torrenti
573 1267 713 1334 praeceps
728 1245 793 1334 egit
807 1243 954 1332 undique
970 1245 1101 1326 nimbo,

250 1360 407 1425 Cursibus
425 1360 612 1441 involrens,
631 1375 763 1447 totaque
781 1359 931 1423 immanis
943 1381 1040 1424 arena

249 1475 456 1563 Insequitur:
473 1475 550 1564 vigil
563 1475 616 1539 ille
632 1489 739 1555 metri,
753 1497 828 1539 cum
841 1489 973 1563 pectore
990 1489 1022 1539 et
1039 1475 1136 1539 armis
1233 1497 1269 1536 ‚ss

251 1591 323 1654 Huc
338 1590 480 1652 alternus
494 1604 526 1652 et
541 1588 624 1670 huc,
639 1609 766 1676 semper
780 1590 903 1652 cervice
922 1589 1071 1673 reducta,

250 1680 383 1792 Semper
396 1719 430 1767 et
445 1704 479 1766 in
494 1702 620 1791 digitis,
635 1717 668 1766 et
682 1703 801 1766 summi
820 1705 953 1791 pulvere
970 1704 1094 1792 campi,

250 1820 479 1906 projectusque
492 1816 587 1882 redit.
602 1818 774 1906 Spumanti
790 1819 892 1906 qualis
908 1819 942 1881 in
960 1820 1024 1883 alto

247 1934 357 2000 Pliade
372 1951 464 2022 capta
478 1935 571 2015 ratis,
587 1934 702 2023 trepidi
719 1957 817 2021 quam
834 1935 900 1998 sola
918 1935 1060 2023 magistri

248 2053 332 2115 Cura
346 2065 450 2129 tenet,
464 2048 614 2136 rapidum
631 2049 735 2113 ventis
750 2049 948 2136 certantibus
964 2072 1076 2138 sequor

249 2165 443 2228 Intemerata
458 2177 561 2227 secat:
576 2162 691 2226 Pollux
709 2163 754 2226 sic
769 2161 924 2250 providus
940 2163 1022 2227 ictus

250 2279 379 2361 Servat,
394 2294 427 2342 et
441 2277 578 2344 OEbalia
593 2277 732 2346 dubium
746 2292 843 2368 caput
858 2277 952 2366 eripit
968 2292 1046 2342 arte.

238 2481 290 2526 apa.
304 2465 521 2512 OEbelia...lasta.
538 2467 628 2512 eonon.
640 2475 664 2510 et
678 2469 756 2512 Burin.
769 2465 838 2512 codd.
854 2463 1055 2512 OEbalio‚..euse.
1068 2467 1157 2512 bonon.
1169 2467 1188 2513 l.
1207 2471 1273 2514 Aea.

206 2547 296 2592 Βοιιοιι.
308 2547 338 2589 11.
348 2545 422 2603 unqu
431 2553 490 2588 astu.
502 2544 568 2589 Gerr.
578 2543 632 2589 eod.
644 2552 667 2589 et
677 2543 715 2589 ed.
726 2545 746 2589 l.
758 2545 802 2589 Er.

245 2716 304 2769 258.
321 2721 395 2766 Pater
410 2719 525 2766 Tartarus
537 2713 671 2784 (rectius,
688 2713 718 2775 l,

209 2797 273 2856 828,
278 2809 352 2862 pater
358 2799 499 2854 Tartareus,
509 2791 597 2860 Pluto)
604 2811 719 2842 eoesomm

209 2876 244 2927 ab
260 2876 362 2945 Amyco
379 2875 491 2932 umbras,
509 2889 599 2924 manee
613 2907 620 2932 ‚
635 2870 719 2942 petie·

762 2731 816 2763 cum
823 2728 920 2780 pectore
937 2729 961 2764 et
973 2717 1047 2764 armis
1068 2717 1114 2766 luc
1129 2720 1236 2768 alternus
1250 2697 1274 2768 it

762 2797 825 2853 luc,
842 2810 937 2862 corpus
951 2804 1095 2864 coetusque
1109 2791 1190 2845 modo
1204 2795 1272 2860 buc,

762 2869 843 2923 modo
866 2870 928 2922 illuc
954 2883 1057 2935 versat,
1075 2891 1169 2940 semper
1182 2877 1274 2926 cervice

207 2963 267 3006 rant
278 2951 349 3005 enim
362 2952 510 3020 (crenus),
529 2954 592 3002 nube
608 2969 670 3002 cava
685 2953 722 3002 ad
763 2955 880 3009 reducta,
896 2949 1039 3014 reclinata,
1049 2970 1143 3020 semper
1151 2956 1177 3003 ιἰι
1190 2957 1273 3021 digitis

209 3035 300 3084 meritoe
314 3035 456 3100 spectacula
468 3049 564 3099 pugno
578 3028 679 3100 (quid,
697 3030 719 3081 si

204 3111 319 3180 ponaer)
329 3149 336 3173 ,
345 3113 420 3182 cnjus
429 3110 523 3162 merito
531 3121 608 3160 testes
614 3126 670 3160 esse
676 3107 721 3161 de·

210 3189 307 3242 bebant
316 3227 324 3251 ,
332 3200 378 3255 ut,
389 3189 434 3261 qui
444 3207 488 3240 eoa
500 3200 553 3241 tam
568 3189 664 3261 injuste
678 3189 718 3240 in·

210 3267 371 3331 renectere,
390 3279 532 3339 tyrannum
547 3287 637 3340 poenas
656 3266 720 3322 dare

210 3346 330 3400 viderent
342 3384 350 3411 ,
364 3350 445 3398 emittit
449 3370 459 3409 ;
468 3342 557 3399 sunt‘mi
563 3351 705 3416 nigrescunt
709 3386 716 3408 ,

210 3425 300 3478 omnia
312 3425 382 3476 enim
395 3425 465 3494 apud
476 3427 575 3479 inferos
585 3427 661 3499 nigra
669 3426 720 3478 fin-

211 3516 328 3576 guntur,
343 3506 450 3554 culmina
460 3509 557 3557 montis.
607 3518 612 3526 ’

249 3587 308 3636 ιδι.
317 3583 394 3635 Νιιιιο
401 3601 487 3653 pugna
498 3583 553 3654 ipsa
563 3582 719 3636 conseritur.

213 3665 338 3722 Continuo,
349 3660 388 3712 uti
398 3663 465 3712 turbo
474 3679 489 3713 a
494 3665 659 3731 promontorio
666 3667 722 3713 Ma·

212 3744 257 3792 lece
266 3744 477 3808 torrentiproeceps
484 3743 538 3808 agit
544 3745 651 3808 undique
659 3744 722 3791 nim·

213 3823 256 3881 bo,
269 3831 423 3892 tempestate
438 3837 492 3890 pru
509 3839 536 3870 ne
554 3819 720 3891 ngitomnia;

213 3898 250 3952 sic
266 3901 381 3972 Amycus
399 3897 549 3962 Pollucem,
565 3899 664 3952 vixora
674 3917 721 3970 pe-

213 3977 326 4050 demque
338 3978 429 4031 tollere
439 3995 546 4049 passus,
564 3982 670 4029 cursibus
684 3983 723 4029 in·

214 4060 305 4118 volvit,
321 4058 441 4110 celeriter
459 4057 576 4129 undique
595 4058 622 4110 in
639 4075 721 4131 augri-

215 4146 283 4187 stum
310 4153 404 4207 cogere
425 4136 586 4190 incurrendo
611 4137 721 4199 nititur,

215 4229 313 4280 totaque
325 4235 416 4275 arena,
436 4235 548 4289 campo,
565 4216 722 4290 insequitur.

254 4293 722 4364 265.Polluxcontravigil,intentus,

763 3029 921 3100 primoribus
931 3027 1029 3100 pedum
1038 3029 1169 3084 inhaerens
1179 3031 1272 3105 (Virq.

763 3111 822 3159 AEn.
837 3109 873 3172 V,
894 3112 960 3172 426:
982 3112 1007 3160 ἰιι
1029 3110 1118 3176 digitos
1144 3125 1272 3172 orreeuts;

763 3186 886 3259 Apollon.
898 3187 946 3250 11,
966 3203 1015 3255 90:
1038 3191 1079 3242 ὄπ’
1102 3190 1270 3261 ἀκροτάτοισιν

764 3268 855 3340 ἀερθεὶς
878 3259 1020 3336 πόδεσσι),
1035 3280 1060 3317 et
1075 3272 1162 3318 summi
1173 3273 1274 3337 pulvere

764 3347 860 3416 campi(
867 3345 1030 3397 velocitatem
1039 3345 1210 3416 etagilitatem
1217 3348 1273 3402 hec

763 3425 947 3497 exprimunt),
955 3425 1125 3492 projectamque
1135 3429 1212 3486 redit,
1224 3426 1272 3479 ad·

762 3503 905 3556 versarium
919 3503 1057 3574 petiturus.
1070 3502 1205 3557 Editionee
1214 3518 1274 3558 aute

764 3602 806 3636 me
822 3594 880 3654 post
894 3585 956 3634 redit
974 3599 1077 3634 comma
1093 3581 1209 3648 babent,
1225 3603 1274 3658 ego

764 3681 827 3714 vero
835 3661 912 3732 posui
923 3664 1017 3716 sattius
1032 3665 1152 3735 στιγμὴν,
1161 3676 1220 3734 post
1234 3686 1273 3716 se·

766 3755 807 3791 cat
820 3751 907 3792 antem
920 3739 1015 3794 colon:
1031 3743 1192 3812 comparatio
1203 3744 1274 3795 enim

765 3819 798 3873 ad
808 3818 987 3872 antecedentia
997 3819 1066 3872 trahi
1075 3838 1129 3872 nou
1135 3833 1230 3892 potest.

804 3901 863 3952 ²68.
875 3903 1000 3968 spumanti
1010 3901 1090 3967 qualis
1101 3903 1125 3951 ιἰι
1137 3905 1188 3952 alto
1197 3904 1276 3954 Pleia-

766 3982 812 4038 de,
834 3989 1005 4048 tempestate,
1021 3993 1095 4047 capta
1114 3983 1197 4040 atavis,
1219 3981 1275 4032 sola

766 4057 948 4130 gubernatoris
967 4076 1032 4111 curn
1053 4069 1133 4132 atque
1152 4060 1274 4126 solertia,

766 4137 862 4190 fluctus
872 4141 1015 4188 intemerata
1024 4176 1032 4200 ,
1044 4137 1123 4190 illaesa
1133 4178 1140 4201 ,
1150 4155 1231 4190 secat:
1241 4143 1276 4190 sic

767 4222 855 4268 Pollux
858 4219 974 4286 providus
984 4221 1044 4268 ictus
1053 4233 1143 4278 serrat,
1156 4219 1278 4271 observat

768 4295 802 4348 ad
812 4314 944 4368 quemque
951 4296 1045 4369 Amyci
1052 4296 1132 4349 ictum
1143 4298 1234 4350 oculos
1241 4298 1278 4352 in·
