3122 5126
34 1859 36 1902 l

33 2048 35 2088 l

85 520 558 542 mmmmm
562 521 1156 546 mmmfflmmmmw!

111 765 526 858 tannnurrus
561 765 793 856 rannus
825 745 1143 870 suranus,

535 1016 564 1053 1).
586 1014 725 1052 nonno

252 1201 427 1268 PETRO
457 1199 487 1266 Α
518 1199 693 1268 LERMA
723 1200 1002 1289 BURGENSI,

99 1407 359 1456 mmmmm
385 1403 651 1454 conrnnutlsts
677 1404 868 1452 noluetum
894 1407 1142 1458 elnonensem

159 1531 403 1595 ntunlsstnto,
429 1529 548 1589 ATQUE
576 1529 750 1576 ECGLESIAE
783 1530 949 1578 ulvontJM
976 1533 1071 1580 JUSTl
1098 1535 1141 1580 ET

161 1655 333 1704 Passonls
366 1653 497 1700 ΑΒΒΔΤΙ
537 1653 782 1717 Itommssttto,
813 1653 1038 1714 OMNlUMQUE
1079 1657 1142 1704 BO-

165 1778 299 1829 ultim
325 1775 466 1824 suriunt
492 1777 701 1838 rututrtto,
726 1769 754 1822 s:
783 1778 816 1822 D.

513 2019 748 2044 ...Φ-...-

102 2186 228 2318 Quen
247 2219 349 2307 paulo
365 2233 441 2281 ante
459 2217 556 2282 Jnlias
576 2217 732 2282 Calendas
750 2219 783 2281 in
803 2241 979 2314 commune
995 2222 1167 2286 Gramma·

101 2328 233 2391 liccem
252 2323 463 2414 gymnasium
488 2322 772 2407 convenissemus,
789 2326 845 2412 qui
865 2325 993 2390 latinas
1007 2327 1112 2392 literas
1131 2331 1166 2393 in

32 2505 33 2524 ,
101 2433 157 2497 boc
171 2430 392 2496 celeberrimo
407 2429 567 2493 bonarum
587 2430 705 2494 artium
726 2430 873 2518 emporio
889 2431 1019 2519 publice
1034 2431 1166 2521 profite-

102 2561 178 2618 mur,
190 2553 229 2601 ut
244 2535 288 2602 de
299 2534 471 2599 communi
483 2533 631 2598 omnium
646 2535 822 2617 sententia,
836 2535 989 2625 legendos
1002 2537 1066 2602 hoc
1080 2561 1167 2603 anno

32 2635 33 2658 ³
102 2644 195 2707 libros
210 2641 508 2721 constitueremus,
520 2639 642 2727 placuit
654 2641 779 2704 cunctis
791 2688 800 2721 ,
813 2657 904 2728 pater
918 2644 1168 2730 sapientissime,

102 2750 287 2814 ntJoarrrses
299 2747 467 2810 Ximenius
473 2793 483 2826 ,
493 2745 690 2833 Ioanmnpue
698 2745 865 2833 Angelus,
876 2747 937 2809 viri
948 2747 1168 2836 undequaque

102 2853 334 2935 consummati,
345 2851 504 2915 matutina
513 2849 652 2916 lectione
662 2849 851 2940 Virgilium,
862 2852 1082 2938 pomeridiana
1091 2875 1168 2918 vero

102 2961 293 3025 collectanea
309 2955 457 3045 qsraedam
470 2957 645 3045 opuscula,
667 2977 705 3020 ex
716 2955 810 3020 variis
823 2955 1009 3021 auctoribus
1023 2975 1169 3048 excerpta

102 3068 329 3157 preelegerent3
345 3085 406 3152 ego
422 3084 500 3126 vero
521 3077 554 3127 et
573 3063 683 3127 Petrus
704 3063 814 3142 Mota,
831 3062 968 3128 lectione
991 3065 1168 3146 matutina,

103 3167 263 3237 Valetium
287 3171 461 3249 Flaccum,
481 3183 515 3232 et
540 3168 653 3232 Silium
682 3169 847 3250 Italicum,
867 3169 1087 3256 pomeridiana
1111 3187 1168 3236 aut

103 3279 198 3344 ttarci
221 3275 392 3342 Ciceronis
413 3273 608 3362 Philippicas
627 3274 813 3357 Orationes,
828 3291 885 3338 aut
901 3275 1062 3357 Quintum
1086 3277 1168 3340 Cur·

105 3384 201 3466 tium,
217 3378 394 3447 Alexandri
417 3377 559 3442 historiae
581 3379 873 3444 luculentissimum
896 3380 1103 3469 scriptorem,
1119 3382 1170 3446 in·

104 3505 363 3578 terpretaremur.
382 3485 446 3550 Sed
463 3487 539 3573 quia
555 3485 675 3550 horum
694 3486 841 3549 omnium
859 3485 1019 3550 librorum
1036 3503 1169 3574 prseter-

104 3619 197 3684 quam
211 3593 340 3684 Virgilii
353 3615 491 3681 operum
501 3640 509 3674 ,
521 3614 663 3680 quorum
679 3591 801 3678 ubique
815 3592 862 3656 ris
880 3615 997 3681 magna
1013 3608 1076 3674 est,
1089 3594 1169 3658 adeo

104 3701 270 3791 ingentem
284 3699 455 3788 penuriam
475 3719 544 3762 esse
560 3696 835 3787 intelligebamus,
846 3713 885 3761 nt
899 3720 941 3761 ne
956 3697 1087 3762 decimae
1103 3700 1172 3786 qui·

104 3807 174 3872 dem
190 3807 462 3872 scholasticorum
476 3804 578 3892 parti,
599 3826 714 3869 eorum
727 3825 796 3868 esse
810 3819 920 3892 posset
933 3804 1044 3891 copia,
1057 3826 1170 3868 excus-

104 3914 229 3978 soribus
254 3909 491 4000 imprimendos
516 3909 592 3974 dare
614 3908 836 3974 decrevimus:
858 3925 891 3973 et
915 3910 1015 3974 Motoe
1039 3909 1170 3998 quidem

102 4021 167 4084 Silii
197 4015 456 4110 recognoscendi
488 4016 632 4098 injuncta
662 4032 712 4081 est
742 4015 925 4104 provincia,
949 4016 1029 4079 mihi
1061 4033 1169 4082 autem

103 4127 221 4191 Valerii
233 4123 412 4216 castigandi
425 4145 546 4187 munus
565 4121 753 4186 mandatum
774 4138 833 4186 cst.
847 4124 891 4186 At
903 4122 979 4209 ipse
985 4122 1170 4212 gravissimo

104 4233 246 4302 letiense
277 4230 397 4296 morbo
424 4229 617 4316 implicitus,
641 4225 730 4314 quod
754 4221 897 4309 volebat,
921 4225 1075 4314 quodque
1108 4247 1168 4288 nos

1012 4353 1054 4396 0„
