<?xml version="1.0" encoding="UTF-8"?>
<!DOCTYPE html PUBLIC "-//W3C//DTD XHTML 1.0 Transitional//EN"
    "http://www.w3.org/TR/xhtml1/DTD/xhtml1-transitional.dtd">
<html xmlns="http://www.w3.org/1999/xhtml" xml:lang="en" lang="en">
 <head>
  <title>
</title>
<meta http-equiv="Content-Type" content="text/html;charset=utf-8" />
  <meta name='ocr-system' content='tesseract 3.04.00' />
  <meta name='ocr-capabilities' content='ocr_page ocr_carea ocr_par ocr_line ocrx_word'/>
</head>
<body>
  <div class='ocr_page' id='page_1' title='image "./cvaleriiflaccis00apolgoog_0132.png"; bbox 0 0 3192 5128; ppageno 0'>
   <div class='ocr_carea' id='block_1_1' title="bbox 413 481 1216 563">
    <p class='ocr_par' dir='ltr' id='par_1_1' title="bbox 413 481 1216 563">
     <span class='ocr_line' id='line_1_1' title="bbox 413 481 1216 563; baseline 0.006 -5"><span class='ocrx_word' id='word_1_1' title='bbox 413 481 669 558; x_wconf 77' lang='lat' dir='ltr'><strong>PRAEFATIO</strong></span> <span class='ocrx_word' id='word_1_2' title='bbox 699 489 951 560; x_wconf 85' lang='lat' dir='ltr'><strong>SECUNDA.</strong></span> <span class='ocrx_word' id='word_1_3' title='bbox 1133 515 1216 563; x_wconf 84' lang='lat' dir='ltr'><strong>cxx1</strong></span> 
     </span>
    </p>
   </div>
   <div class='ocr_carea' id='block_1_2' title="bbox 115 614 1217 2081">
    <p class='ocr_par' dir='ltr' id='par_1_2' title="bbox 115 614 1217 2081">
     <span class='ocr_line' id='line_1_2' title="bbox 115 614 1215 704; baseline 0.005 -22"><span class='ocrx_word' id='word_1_4' title='bbox 115 615 335 682; x_wconf 80' lang='lat' dir='ltr'><strong>Marcellum</strong></span> <span class='ocrx_word' id='word_1_5' title='bbox 356 614 501 696; x_wconf 62' lang='lat' dir='ltr'><strong>diversos</strong></span> <span class='ocrx_word' id='word_1_6' title='bbox 528 639 547 680; x_wconf 92' lang='lat' dir='ltr'><strong>a</strong></span> <span class='ocrx_word' id='word_1_7' title='bbox 567 615 657 682; x_wconf 86' lang='lat' dir='ltr'><strong>libris</strong></span> <span class='ocrx_word' id='word_1_8' title='bbox 679 615 720 679; x_wconf 89' lang='lat' dir='ltr'><strong>de</strong></span> <span class='ocrx_word' id='word_1_9' title='bbox 736 616 945 684; x_wconf 78' lang='lat' dir='ltr'><strong>Institutione</strong></span> <span class='ocrx_word' id='word_1_10' title='bbox 964 619 1132 704; x_wconf 88' lang='lat' dir='ltr'><strong>Oratoria,</strong></span> <span class='ocrx_word' id='word_1_11' title='bbox 1146 645 1215 688; x_wconf 89' lang='lat' dir='ltr'><strong>nou</strong></span> 
     </span>
     <span class='ocr_line' id='line_1_3' title="bbox 119 719 1215 810; baseline 0.008 -26"><span class='ocrx_word' id='word_1_12' title='bbox 119 719 290 810; x_wconf 69' lang='lat' dir='ltr'><strong>inspecto</strong></span> <span class='ocrx_word' id='word_1_13' title='bbox 313 722 387 810; x_wconf 90' lang='lat' dir='ltr'><strong>ipso</strong></span> <span class='ocrx_word' id='word_1_14' title='bbox 410 723 534 804; x_wconf 82' lang='lat' dir='ltr'><strong>Fabio,</strong></span> <span class='ocrx_word' id='word_1_15' title='bbox 558 722 708 810; x_wconf 77' lang='lat' dir='ltr'><strong>opinatus</strong></span> <span class='ocrx_word' id='word_1_16' title='bbox 738 721 876 787; x_wconf 83' lang='lat' dir='ltr'><strong>videtur.</strong></span> <span class='ocrx_word' id='word_1_17' title='bbox 901 722 994 788; x_wconf 88' lang='lat' dir='ltr'>Idem</span> <span class='ocrx_word' id='word_1_18' title='bbox 1018 726 1215 794; x_wconf 88' lang='lat' dir='ltr'><strong>Corradinus</strong></span> 
     </span>
     <span class='ocr_line' id='line_1_4' title="bbox 120 827 1215 917; baseline 0.008 -26"><span class='ocrx_word' id='word_1_19' title='bbox 120 829 240 917; x_wconf 89' lang='lat' dir='ltr'><strong>paulo</strong></span> <span class='ocrx_word' id='word_1_20' title='bbox 252 844 329 917; x_wconf 90' lang='lat' dir='ltr'><strong>post</strong></span> <span class='ocrx_word' id='word_1_21' title='bbox 339 830 380 894; x_wconf 82' lang='lat' dir='ltr'><strong>A.</strong></span> <span class='ocrx_word' id='word_1_22' title='bbox 395 829 435 892; x_wconf 88' lang='lat' dir='ltr'><strong>D.</strong></span> <span class='ocrx_word' id='word_1_23' title='bbox 453 827 534 916; x_wconf 86' lang='lat'><strong>1705</strong></span> <span class='ocrx_word' id='word_1_24' title='bbox 546 876 555 910; x_wconf 94' lang='lat'><strong>,</strong></span> <span class='ocrx_word' id='word_1_25' title='bbox 567 828 654 892; x_wconf 91' lang='lat' dir='ltr'><strong>edito</strong></span> <span class='ocrx_word' id='word_1_26' title='bbox 669 827 709 891; x_wconf 92' lang='lat' dir='ltr'><strong>de</strong></span> <span class='ocrx_word' id='word_1_27' title='bbox 724 828 834 892; x_wconf 90' lang='lat' dir='ltr'><strong>Veteri</strong></span> <span class='ocrx_word' id='word_1_28' title='bbox 847 829 938 894; x_wconf 88' lang='lat' dir='ltr'><strong>Latio</strong></span> <span class='ocrx_word' id='word_1_29' title='bbox 952 830 1155 913; x_wconf 87' lang='lat' dir='ltr'><strong>libro,&#39;tom0</strong></span> <span class='ocrx_word' id='word_1_30' title='bbox 1165 837 1215 917; x_wconf 90' lang='lat' dir='ltr'><strong>Il,</strong></span> 
     </span>
     <span class='ocr_line' id='line_1_5' title="bbox 122 932 1215 1024; baseline 0.005 -26"><span class='ocrx_word' id='word_1_31' title='bbox 122 933 192 997; x_wconf 90' lang='lat' dir='ltr'><strong>lib.</strong></span> <span class='ocrx_word' id='word_1_32' title='bbox 207 935 261 1015; x_wconf 91' lang='lat'><strong>11,</strong></span> <span class='ocrx_word' id='word_1_33' title='bbox 274 956 345 1022; x_wconf 87' lang='lat' dir='ltr'><strong>cap.</strong></span> <span class='ocrx_word' id='word_1_34' title='bbox 360 933 421 1016; x_wconf 76' lang='lat'><strong>23,</strong></span> <span class='ocrx_word' id='word_1_35' title='bbox 437 934 532 998; x_wconf 79' lang='lat' dir='ltr'><strong>latius</strong></span> <span class='ocrx_word' id='word_1_36' title='bbox 543 934 625 1016; x_wconf 92' lang='lat' dir='ltr'><strong>hoc,</strong></span> <span class='ocrx_word' id='word_1_37' title='bbox 639 932 786 998; x_wconf 84' lang='lat' dir='ltr'><strong>adductis</strong></span> <span class='ocrx_word' id='word_1_38' title='bbox 797 933 865 998; x_wconf 85' lang='lat' dir='ltr'><strong>fere</strong></span> <span class='ocrx_word' id='word_1_39' title='bbox 878 933 993 1001; x_wconf 91' lang='lat' dir='ltr'><strong>iisdem</strong></span> <span class='ocrx_word' id='word_1_40' title='bbox 1006 939 1215 1024; x_wconf 81' lang='lat' dir='ltr'><strong>testimoniis,</strong></span> 
     </span>
     <span class='ocr_line' id='line_1_6' title="bbox 125 1041 1217 1131; baseline 0.007 -27"><span class='ocrx_word' id='word_1_41' title='bbox 125 1063 208 1106; x_wconf 90' lang='lat' dir='ltr'><strong>non</strong></span> <span class='ocrx_word' id='word_1_42' title='bbox 229 1056 358 1105; x_wconf 89' lang='lat' dir='ltr'><strong>tantum</strong></span> <span class='ocrx_word' id='word_1_43' title='bbox 371 1063 527 1124; x_wconf 83' lang='lat' dir='ltr'>asserere,</span> <span class='ocrx_word' id='word_1_44' title='bbox 546 1041 603 1106; x_wconf 91' lang='lat' dir='ltr'><strong>sed</strong></span> <span class='ocrx_word' id='word_1_45' title='bbox 619 1041 743 1105; x_wconf 88' lang='lat' dir='ltr'><strong>Heinsii</strong></span> <span class='ocrx_word' id='word_1_46' title='bbox 757 1057 948 1131; x_wconf 82' lang='lat' dir='ltr'><strong>argumenta</strong></span> <span class='ocrx_word' id='word_1_47' title='bbox 961 1043 1106 1110; x_wconf 81' lang='lat' dir='ltr'><strong>refellere</strong></span> <span class='ocrx_word' id='word_1_48' title='bbox 1122 1069 1217 1112; x_wconf 82' lang='lat' dir='ltr'><strong>cona·</strong></span> 
     </span>
     <span class='ocr_line' id='line_1_7' title="bbox 130 1147 1215 1236; baseline 0.006 -24"><span class='ocrx_word' id='word_1_49' title='bbox 130 1162 217 1212; x_wconf 90' lang='lat' dir='ltr'><strong>tur:</strong></span> <span class='ocrx_word' id='word_1_50' title='bbox 233 1147 397 1236; x_wconf 66' lang='lat' dir='ltr'><strong>precipue</strong></span> <span class='ocrx_word' id='word_1_51' title='bbox 418 1170 497 1213; x_wconf 85' lang='lat' dir='ltr'><strong>vero</strong></span> <span class='ocrx_word' id='word_1_52' title='bbox 517 1163 621 1213; x_wconf 89' lang='lat' dir='ltr'><strong>tentat</strong></span> <span class='ocrx_word' id='word_1_53' title='bbox 639 1147 774 1212; x_wconf 84' lang='lat' dir='ltr'><strong>Heinsio</strong></span> <span class='ocrx_word' id='word_1_54' title='bbox 792 1149 934 1236; x_wconf 87' lang='lat' dir='ltr'><strong>eripere,</strong></span> <span class='ocrx_word' id='word_1_55' title='bbox 953 1171 1021 1236; x_wconf 93' lang='lat' dir='ltr'><strong>quo</strong></span> <span class='ocrx_word' id='word_1_56' title='bbox 1036 1151 1131 1216; x_wconf 85' lang='lat' dir='ltr'><strong>nixus</strong></span> <span class='ocrx_word' id='word_1_57' title='bbox 1147 1171 1215 1220; x_wconf 89' lang='lat' dir='ltr'><strong>erat</strong></span> 
     </span>
     <span class='ocr_line' id='line_1_8' title="bbox 129 1251 1215 1346; baseline 0.008 -31"><span class='ocrx_word' id='word_1_58' title='bbox 129 1253 301 1333; x_wconf 82' lang='lat' dir='ltr'><strong>maxime,</strong></span> <span class='ocrx_word' id='word_1_59' title='bbox 329 1267 560 1343; x_wconf 79' lang='lat' dir='ltr'><strong>argumentum</strong></span> <span class='ocrx_word' id='word_1_60' title='bbox 592 1251 633 1317; x_wconf 92' lang='lat' dir='ltr'><strong>de</strong></span> <span class='ocrx_word' id='word_1_61' title='bbox 664 1251 793 1316; x_wconf 88' lang='lat' dir='ltr'><strong>insolita</strong></span> <span class='ocrx_word' id='word_1_62' title='bbox 824 1253 982 1318; x_wconf 84' lang='lat' dir='ltr'><strong>Flavianis</strong></span> <span class='ocrx_word' id='word_1_63' title='bbox 1013 1259 1215 1346; x_wconf 79' lang='lat' dir='ltr'><strong>temporibus</strong></span> 
     </span>
     <span class='ocr_line' id='line_1_9' title="bbox 131 1357 1216 1450; baseline 0.006 -28"><span class='ocrx_word' id='word_1_64' title='bbox 131 1359 317 1424; x_wconf 87' lang='lat' dir='ltr'><strong>nominum</strong></span> <span class='ocrx_word' id='word_1_65' title='bbox 341 1358 488 1447; x_wconf 86' lang='lat' dir='ltr'><strong>quinque</strong></span> <span class='ocrx_word' id='word_1_66' title='bbox 504 1357 749 1423; x_wconf 88' lang='lat' dir='ltr'><strong>cumulatione:</strong></span> <span class='ocrx_word' id='word_1_67' title='bbox 766 1357 857 1446; x_wconf 91' lang='lat' dir='ltr'><strong>quod</strong></span> <span class='ocrx_word' id='word_1_68' title='bbox 876 1375 917 1422; x_wconf 88' lang='lat' dir='ltr'><strong>ut</strong></span> <span class='ocrx_word' id='word_1_69' title='bbox 936 1360 1047 1444; x_wconf 71' lang='lat' dir='ltr'><strong>facim,</strong></span> <span class='ocrx_word' id='word_1_70' title='bbox 1067 1363 1216 1450; x_wconf 87' lang='lat' dir='ltr'><strong>quaedam</strong></span> 
     </span>
     <span class='ocr_line' id='line_1_10' title="bbox 133 1462 1216 1555; baseline 0.006 -26"><span class='ocrx_word' id='word_1_71' title='bbox 133 1463 289 1553; x_wconf 81' lang='lat' dir='ltr'><strong>exempla</strong></span> <span class='ocrx_word' id='word_1_72' title='bbox 305 1464 430 1552; x_wconf 84' lang='lat' dir='ltr'><strong>profert</strong></span> <span class='ocrx_word' id='word_1_73' title='bbox 445 1463 638 1544; x_wconf 89' lang='lat' dir='ltr'><strong>hominum,</strong></span> <span class='ocrx_word' id='word_1_74' title='bbox 655 1463 712 1550; x_wconf 92' lang='lat' dir='ltr'><strong>qui</strong></span> <span class='ocrx_word' id='word_1_75' title='bbox 729 1479 803 1528; x_wconf 87' lang='lat' dir='ltr'><strong>ante</strong></span> <span class='ocrx_word' id='word_1_76' title='bbox 826 1462 894 1528; x_wconf 83' lang='lat' dir='ltr'><strong>haec</strong></span> <span class='ocrx_word' id='word_1_77' title='bbox 911 1480 1058 1554; x_wconf 90' lang='lat' dir='ltr'><strong>tempora</strong></span> <span class='ocrx_word' id='word_1_78' title='bbox 1073 1483 1216 1555; x_wconf 87' lang='lat' dir='ltr'><strong>quatuor</strong></span> 
     </span>
     <span class='ocr_line' id='line_1_11' title="bbox 133 1568 1213 1662; baseline 0.006 -28"><span class='ocrx_word' id='word_1_79' title='bbox 133 1569 350 1652; x_wconf 88' lang='lat' dir='ltr'><strong>nominibus,</strong></span> <span class='ocrx_word' id='word_1_80' title='bbox 362 1568 579 1657; x_wconf 69' lang='lat' dir='ltr'><strong>prenomine,</strong></span> <span class='ocrx_word' id='word_1_81' title='bbox 593 1569 744 1649; x_wconf 89' lang='lat' dir='ltr'><strong>nomine,</strong></span> <span class='ocrx_word' id='word_1_82' title='bbox 758 1569 968 1657; x_wconf 85' lang='lat' dir='ltr'><strong>cognomine,</strong></span> <span class='ocrx_word' id='word_1_83' title='bbox 980 1587 1012 1636; x_wconf 89' lang='lat' dir='ltr'><strong>et</strong></span> <span class='ocrx_word' id='word_1_84' title='bbox 1023 1576 1213 1662; x_wconf 89' lang='lat' dir='ltr'><strong>agnomine,</strong></span> 
     </span>
     <span class='ocr_line' id='line_1_12' title="bbox 133 1675 1215 1765; baseline 0.006 -25"><span class='ocrx_word' id='word_1_85' title='bbox 133 1675 381 1765; x_wconf 80' lang='lat' dir='ltr'><strong>insigniuntur,</strong></span> <span class='ocrx_word' id='word_1_86' title='bbox 399 1675 527 1740; x_wconf 91' lang='lat' dir='ltr'><strong>nullum</strong></span> <span class='ocrx_word' id='word_1_87' title='bbox 546 1695 624 1739; x_wconf 86' lang='lat' dir='ltr'><strong>vero</strong></span> <span class='ocrx_word' id='word_1_88' title='bbox 638 1675 786 1763; x_wconf 87' lang='lat' dir='ltr'><strong>quinque</strong></span> <span class='ocrx_word' id='word_1_89' title='bbox 802 1676 991 1760; x_wconf 89' lang='lat' dir='ltr'><strong>nominum;</strong></span> <span class='ocrx_word' id='word_1_90' title='bbox 1009 1679 1099 1765; x_wconf 91' lang='lat' dir='ltr'><strong>quod</strong></span> <span class='ocrx_word' id='word_1_91' title='bbox 1115 1683 1215 1746; x_wconf 89' lang='lat' dir='ltr'><strong>Hein-</strong></span> 
     </span>
     <span class='ocr_line' id='line_1_13' title="bbox 135 1781 1213 1874; baseline 0.006 -28"><span class='ocrx_word' id='word_1_92' title='bbox 135 1781 206 1846; x_wconf 89' lang='lat' dir='ltr'><strong>sius</strong></span> <span class='ocrx_word' id='word_1_93' title='bbox 229 1798 423 1870; x_wconf 84' lang='lat' dir='ltr'><strong>negaverat,</strong></span> <span class='ocrx_word' id='word_1_94' title='bbox 446 1797 649 1846; x_wconf 83' lang='lat' dir='ltr'><strong>concesserat</strong></span> <span class='ocrx_word' id='word_1_95' title='bbox 671 1795 779 1845; x_wconf 90' lang='lat' dir='ltr'><strong>tamen</strong></span> <span class='ocrx_word' id='word_1_96' title='bbox 802 1781 934 1845; x_wconf 89' lang='lat' dir='ltr'><strong>solitum</strong></span> <span class='ocrx_word' id='word_1_97' title='bbox 956 1781 1056 1848; x_wconf 83' lang='lat' dir='ltr'><strong>fuisse</strong></span> <span class='ocrx_word' id='word_1_98' title='bbox 1072 1803 1213 1874; x_wconf 85' lang='lat' dir='ltr'><strong>quatuor</strong></span> 
     </span>
     <span class='ocr_line' id='line_1_14' title="bbox 136 1884 1213 1976; baseline 0.007 -27"><span class='ocrx_word' id='word_1_99' title='bbox 136 1886 330 1952; x_wconf 88' lang='lat' dir='ltr'><strong>nominibus</strong></span> <span class='ocrx_word' id='word_1_100' title='bbox 345 1886 496 1952; x_wconf 89' lang='lat' dir='ltr'><strong>homines</strong></span> <span class='ocrx_word' id='word_1_101' title='bbox 512 1885 679 1976; x_wconf 88' lang='lat' dir='ltr'><strong>insigniri;</strong></span> <span class='ocrx_word' id='word_1_102' title='bbox 697 1884 754 1950; x_wconf 90' lang='lat' dir='ltr'><strong>sed</strong></span> <span class='ocrx_word' id='word_1_103' title='bbox 768 1885 796 1950; x_wconf 92' lang='lat' dir='ltr'><strong>si</strong></span> <span class='ocrx_word' id='word_1_104' title='bbox 810 1885 875 1949; x_wconf 91' lang='lat' dir='ltr'><strong>hoc</strong></span> <span class='ocrx_word' id='word_1_105' title='bbox 891 1885 1000 1970; x_wconf 88' lang='lat' dir='ltr'><strong>lieret,</strong></span> <span class='ocrx_word' id='word_1_106' title='bbox 1017 1905 1133 1976; x_wconf 88' lang='lat' dir='ltr'><strong>quarto</strong></span> <span class='ocrx_word' id='word_1_107' title='bbox 1145 1893 1213 1958; x_wconf 83' lang='lat' dir='ltr'><strong>sive</strong></span> 
     </span>
     <span class='ocr_line' id='line_1_15' title="bbox 137 1990 1213 2081; baseline 0.008 -26"><span class='ocrx_word' id='word_1_108' title='bbox 137 1992 256 2058; x_wconf 91' lang='lat' dir='ltr'><strong>ultimo</strong></span> <span class='ocrx_word' id='word_1_109' title='bbox 276 1991 402 2058; x_wconf 85' lang='lat' dir='ltr'><strong>dixerat</strong></span> <span class='ocrx_word' id='word_1_110' title='bbox 415 2013 542 2081; x_wconf 85' lang='lat' dir='ltr'><strong>semper</strong></span> <span class='ocrx_word' id='word_1_111' title='bbox 552 1990 688 2056; x_wconf 89' lang='lat' dir='ltr'><strong>indicari</strong></span> <span class='ocrx_word' id='word_1_112' title='bbox 701 1991 791 2068; x_wconf 90' lang='lat' dir='ltr'><strong>illos,</strong></span> <span class='ocrx_word' id='word_1_113' title='bbox 808 2009 911 2079; x_wconf 87' lang='lat' dir='ltr'><strong>qutun</strong></span> <span class='ocrx_word' id='word_1_114' title='bbox 920 1994 1085 2060; x_wconf 88' lang='lat' dir='ltr'><strong>brevitatis</strong></span> <span class='ocrx_word' id='word_1_115' title='bbox 1101 2020 1213 2065; x_wconf 88' lang='lat' dir='ltr'><strong>caussa</strong></span> 
     </span>
    </p>
   </div>
   <div class='ocr_carea' id='block_1_3' title="bbox 1241 604 1248 648">
    <p class='ocr_par' dir='ltr' id='par_1_3' title="bbox 1241 604 1248 648">
     <span class='ocr_line' id='line_1_16' title="bbox 1241 604 1248 648; baseline 0 0"><span class='ocrx_word' id='word_1_116' title='bbox 1241 604 1248 648; x_wconf 85' lang='lat' dir='ltr'><strong>l</strong></span> 
     </span>
    </p>
   </div>
   <div class='ocr_carea' id='block_1_4' title="bbox 137 2097 1244 2186">
    <p class='ocr_par' dir='ltr' id='par_1_4' title="bbox 137 2097 1244 2186">
     <span class='ocr_line' id='line_1_17' title="bbox 137 2097 1244 2186; baseline 0.006 -25"><span class='ocrx_word' id='word_1_117' title='bbox 137 2097 337 2180; x_wconf 78' lang='lat' dir='ltr'><strong>citarentur5</strong></span> <span class='ocrx_word' id='word_1_118' title='bbox 354 2113 387 2162; x_wconf 91' lang='lat' dir='ltr'><strong>et</strong></span> <span class='ocrx_word' id='word_1_119' title='bbox 399 2113 478 2162; x_wconf 84' lang='lat' dir='ltr'><strong>mne</strong></span> <span class='ocrx_word' id='word_1_120' title='bbox 489 2097 624 2162; x_wconf 88' lang='lat' dir='ltr'><strong>Balbum</strong></span> <span class='ocrx_word' id='word_1_121' title='bbox 640 2117 768 2184; x_wconf 86' lang='lat' dir='ltr'><strong>semper</strong></span> <span class='ocrx_word' id='word_1_122' title='bbox 779 2112 909 2184; x_wconf 89' lang='lat' dir='ltr'><strong>poetam</strong></span> <span class='ocrx_word' id='word_1_123' title='bbox 923 2097 1075 2166; x_wconf 90' lang='lat' dir='ltr'><strong>debuisse</strong></span> <span class='ocrx_word' id='word_1_124' title='bbox 1086 2106 1212 2186; x_wconf 83' lang='lat' dir='ltr'><strong>vocari,</strong></span> <span class='ocrx_word' id='word_1_125' title='bbox 1239 2105 1244 2112; x_wconf 82' lang='grc'><strong>’</strong></span> 
     </span>
    </p>
   </div>
   <div class='ocr_carea' id='block_1_5' title="bbox 138 2200 1213 2604">
    <p class='ocr_par' dir='ltr' id='par_1_5' title="bbox 138 2200 1213 2604">
     <span class='ocr_line' id='line_1_18' title="bbox 139 2200 1213 2290; baseline 0.007 -24"><span class='ocrx_word' id='word_1_126' title='bbox 139 2223 208 2267; x_wconf 91' lang='lat' dir='ltr'><strong>non</strong></span> <span class='ocrx_word' id='word_1_127' title='bbox 230 2203 404 2284; x_wconf 82' lang='lat' dir='ltr'><strong>Flaccum,</strong></span> <span class='ocrx_word' id='word_1_128' title='bbox 425 2200 515 2290; x_wconf 87' lang='lat' dir='ltr'><strong>quod</strong></span> <span class='ocrx_word' id='word_1_129' title='bbox 537 2201 755 2290; x_wconf 90' lang='lat' dir='ltr'><strong>penultimum</strong></span> <span class='ocrx_word' id='word_1_130' title='bbox 780 2217 868 2283; x_wconf 90' lang='lat' dir='ltr'><strong>erat,</strong></span> <span class='ocrx_word' id='word_1_131' title='bbox 894 2204 1084 2270; x_wconf 83' lang='lat' dir='ltr'><strong>contendit:</strong></span> <span class='ocrx_word' id='word_1_132' title='bbox 1107 2224 1145 2272; x_wconf 91' lang='lat' dir='ltr'><strong>ut</strong></span> <span class='ocrx_word' id='word_1_133' title='bbox 1165 2210 1213 2275; x_wconf 90' lang='lat' dir='ltr'><strong>ita</strong></span> 
     </span>
     <span class='ocr_line' id='line_1_19' title="bbox 138 2305 1212 2403; baseline 0.008 -31"><span class='ocrx_word' id='word_1_134' title='bbox 138 2305 250 2392; x_wconf 79' lang='lat' dir='ltr'><strong>Maro,</strong></span> <span class='ocrx_word' id='word_1_135' title='bbox 270 2307 378 2398; x_wconf 81' lang='lat' dir='ltr'><strong>Naso,</strong></span> <span class='ocrx_word' id='word_1_136' title='bbox 396 2309 564 2390; x_wconf 91' lang='lat' dir='ltr'><strong>Lucanus,</strong></span> <span class='ocrx_word' id='word_1_137' title='bbox 581 2322 641 2372; x_wconf 90' lang='lat' dir='ltr'><strong>etc.</strong></span> <span class='ocrx_word' id='word_1_138' title='bbox 658 2307 716 2396; x_wconf 91' lang='lat' dir='ltr'><strong>qui</strong></span> <span class='ocrx_word' id='word_1_139' title='bbox 732 2307 836 2374; x_wconf 89' lang='lat' dir='ltr'><strong>tribus</strong></span> <span class='ocrx_word' id='word_1_140' title='bbox 849 2309 941 2374; x_wconf 82' lang='lat' dir='ltr'><strong>luere</strong></span> <span class='ocrx_word' id='word_1_141' title='bbox 955 2312 1026 2376; x_wconf 91' lang='lat' dir='ltr'><strong>noti</strong></span> <span class='ocrx_word' id='word_1_142' title='bbox 1037 2361 1046 2394; x_wconf 94' lang='lat'><strong>,</strong></span> <span class='ocrx_word' id='word_1_143' title='bbox 1059 2315 1212 2403; x_wconf 88' lang='lat' dir='ltr'><strong>appellari</strong></span> 
     </span>
     <span class='ocr_line' id='line_1_20' title="bbox 139 2410 1211 2506; baseline 0.008 -29"><span class='ocrx_word' id='word_1_144' title='bbox 139 2413 255 2478; x_wconf 87' lang='lat' dir='ltr'><strong>solent.</strong></span> <span class='ocrx_word' id='word_1_145' title='bbox 274 2415 384 2497; x_wconf 84' lang='lat' dir='ltr'><strong>Quare</strong></span> <span class='ocrx_word' id='word_1_146' title='bbox 400 2411 581 2500; x_wconf 90' lang='lat' dir='ltr'><strong>producere</strong></span> <span class='ocrx_word' id='word_1_147' title='bbox 600 2410 765 2480; x_wconf 85' lang='lat' dir='ltr'><strong>debuisset</strong></span> <span class='ocrx_word' id='word_1_148' title='bbox 782 2412 921 2501; x_wconf 88' lang='lat' dir='ltr'><strong>aliquem</strong></span> <span class='ocrx_word' id='word_1_149' title='bbox 938 2435 976 2480; x_wconf 88' lang='lat' dir='ltr'><strong>ex</strong></span> <span class='ocrx_word' id='word_1_150' title='bbox 992 2417 1134 2506; x_wconf 79' lang='lat' dir='ltr'><strong>antiquis</strong></span> <span class='ocrx_word' id='word_1_151' title='bbox 1151 2445 1211 2486; x_wconf 89' lang='lat' dir='ltr'><strong>au-</strong></span> 
     </span>
     <span class='ocr_line' id='line_1_21' title="bbox 140 2513 1211 2604; baseline 0.007 -24"><span class='ocrx_word' id='word_1_152' title='bbox 140 2531 282 2596; x_wconf 89' lang='lat' dir='ltr'><strong>ctorem,</strong></span> <span class='ocrx_word' id='word_1_153' title='bbox 296 2515 354 2604; x_wconf 92' lang='lat' dir='ltr'><strong>qui</strong></span> <span class='ocrx_word' id='word_1_154' title='bbox 369 2515 505 2580; x_wconf 90' lang='lat' dir='ltr'><strong>Balbum</strong></span> <span class='ocrx_word' id='word_1_155' title='bbox 521 2513 682 2580; x_wconf 84' lang='lat' dir='ltr'><strong>vocaverit</strong></span> <span class='ocrx_word' id='word_1_156' title='bbox 699 2514 876 2597; x_wconf 79' lang='lat' dir='ltr'><strong>Nostrum,</strong></span> <span class='ocrx_word' id='word_1_157' title='bbox 895 2537 963 2580; x_wconf 90' lang='lat' dir='ltr'><strong>non</strong></span> <span class='ocrx_word' id='word_1_158' title='bbox 979 2517 1140 2586; x_wconf 85' lang='lat' dir='ltr'><strong>Flaccum.</strong></span> <span class='ocrx_word' id='word_1_159' title='bbox 1160 2522 1211 2588; x_wconf 92' lang='lat' dir='ltr'><strong>Ita</strong></span> 
     </span>
    </p>
   </div>
   <div class='ocr_carea' id='block_1_6' title="bbox 133 2620 1210 4201">
    <p class='ocr_par' dir='ltr' id='par_1_6' title="bbox 133 2620 1210 4201">
     <span class='ocr_line' id='line_1_22' title="bbox 140 2620 1210 2710; baseline 0.006 -22"><span class='ocrx_word' id='word_1_160' title='bbox 140 2622 272 2710; x_wconf 90' lang='lat' dir='ltr'><strong>quidem</strong></span> <span class='ocrx_word' id='word_1_161' title='bbox 291 2623 506 2701; x_wconf 88' lang='lat' dir='ltr'><strong>recentiores,</strong></span> <span class='ocrx_word' id='word_1_162' title='bbox 528 2620 584 2686; x_wconf 89' lang='lat' dir='ltr'><strong>sed</strong></span> <span class='ocrx_word' id='word_1_163' title='bbox 605 2621 638 2684; x_wconf 92' lang='lat' dir='ltr'><strong>in</strong></span> <span class='ocrx_word' id='word_1_164' title='bbox 655 2621 847 2708; x_wconf 83' lang='lat' dir='ltr'><strong>antiquitate</strong></span> <span class='ocrx_word' id='word_1_165' title='bbox 863 2624 1086 2708; x_wconf 87' lang='lat' dir='ltr'><strong>versatissimi,</strong></span> <span class='ocrx_word' id='word_1_166' title='bbox 1107 2628 1210 2694; x_wconf 90' lang='lat' dir='ltr'><strong>critici</strong></span> 
     </span>
     <span class='ocr_line' id='line_1_23' title="bbox 140 2729 1210 2820; baseline 0.007 -26"><span class='ocrx_word' id='word_1_167' title='bbox 140 2753 222 2820; x_wconf 74' lang='lat' dir='ltr'><strong>sepe</strong></span> <span class='ocrx_word' id='word_1_168' title='bbox 240 2731 375 2796; x_wconf 89' lang='lat' dir='ltr'><strong>Balbum</strong></span> <span class='ocrx_word' id='word_1_169' title='bbox 394 2731 552 2797; x_wconf 88' lang='lat' dir='ltr'><strong>Nostrum</strong></span> <span class='ocrx_word' id='word_1_170' title='bbox 576 2743 712 2810; x_wconf 87' lang='lat' dir='ltr'><strong>vocant,</strong></span> <span class='ocrx_word' id='word_1_171' title='bbox 739 2730 795 2816; x_wconf 91' lang='lat' dir='ltr'><strong>qui</strong></span> <span class='ocrx_word' id='word_1_172' title='bbox 820 2729 856 2792; x_wconf 91' lang='lat' dir='ltr'><strong>in</strong></span> <span class='ocrx_word' id='word_1_173' title='bbox 876 2731 1031 2818; x_wconf 89' lang='lat' dir='ltr'><strong>opinione</strong></span> <span class='ocrx_word' id='word_1_174' title='bbox 1053 2757 1089 2798; x_wconf 89' lang='lat' dir='ltr'><strong>ea</strong></span> <span class='ocrx_word' id='word_1_175' title='bbox 1117 2753 1210 2802; x_wconf 85' lang='lat' dir='ltr'><strong>erant</strong></span> 
     </span>
     <span class='ocr_line' id='line_1_24' title="bbox 139 2833 1209 2926; baseline 0.006 -25"><span class='ocrx_word' id='word_1_176' title='bbox 139 2837 226 2901; x_wconf 90' lang='lat' dir='ltr'><strong>Balbi</strong></span> <span class='ocrx_word' id='word_1_177' title='bbox 239 2835 321 2902; x_wconf 87' lang='lat' dir='ltr'><strong>illud</strong></span> <span class='ocrx_word' id='word_1_178' title='bbox 334 2857 496 2926; x_wconf 81' lang='lat' dir='ltr'><strong>agnomen</strong></span> <span class='ocrx_word' id='word_1_179' title='bbox 511 2835 640 2900; x_wconf 81' lang='lat' dir='ltr'><strong>hoesisse</strong></span> <span class='ocrx_word' id='word_1_180' title='bbox 652 2833 801 2914; x_wconf 88' lang='lat' dir='ltr'><strong>Valerio;</strong></span> <span class='ocrx_word' id='word_1_181' title='bbox 814 2850 852 2897; x_wconf 92' lang='lat' dir='ltr'><strong>ut</strong></span> <span class='ocrx_word' id='word_1_182' title='bbox 861 2835 1048 2902; x_wconf 89' lang='lat' dir='ltr'><strong>Parrhasius</strong></span> <span class='ocrx_word' id='word_1_183' title='bbox 1062 2839 1103 2904; x_wconf 90' lang='lat' dir='ltr'><strong>ad</strong></span> <span class='ocrx_word' id='word_1_184' title='bbox 1117 2842 1209 2907; x_wconf 92' lang='lat' dir='ltr'><strong>Clau·</strong></span> 
     </span>
     <span class='ocr_line' id='line_1_25' title="bbox 140 2938 1206 3042; baseline 0.006 -36"><span class='ocrx_word' id='word_1_185' title='bbox 140 2940 224 3008; x_wconf 91' lang='lat' dir='ltr'><strong>dian.</strong></span> <span class='ocrx_word' id='word_1_186' title='bbox 244 2943 315 3024; x_wconf 88' lang='lat'><strong>111,</strong></span> <span class='ocrx_word' id='word_1_187' title='bbox 331 2941 373 3008; x_wconf 91' lang='lat' dir='ltr'><strong>de</strong></span> <span class='ocrx_word' id='word_1_188' title='bbox 388 2945 480 3042; x_wconf 67' lang='lat' dir='ltr'><strong>Rapt,</strong></span> <span class='ocrx_word' id='word_1_189' title='bbox 498 2943 581 3029; x_wconf 66' lang='lat'><strong>274,</strong></span> <span class='ocrx_word' id='word_1_190' title='bbox 599 2955 632 3004; x_wconf 90' lang='lat' dir='ltr'><strong>et</strong></span> <span class='ocrx_word' id='word_1_191' title='bbox 655 2938 806 3023; x_wconf 87' lang='lat' dir='ltr'><strong>Quaesitis</strong></span> <span class='ocrx_word' id='word_1_192' title='bbox 824 2963 883 3027; x_wconf 91' lang='lat' dir='ltr'><strong>per</strong></span> <span class='ocrx_word' id='word_1_193' title='bbox 905 2941 1040 3029; x_wconf 88' lang='lat' dir='ltr'><strong>Epistol.</strong></span> <span class='ocrx_word' id='word_1_194' title='bbox 1062 2967 1132 3033; x_wconf 86' lang='lat' dir='ltr'><strong>cap.</strong></span> <span class='ocrx_word' id='word_1_195' title='bbox 1149 2949 1206 3030; x_wconf 79' lang='lat' dir='ltr'><strong>tv,</strong></span> 
     </span>
     <span class='ocr_line' id='line_1_26' title="bbox 139 3046 1207 3136; baseline 0.005 -24"><span class='ocrx_word' id='word_1_196' title='bbox 139 3050 255 3136; x_wconf 87' lang='lat' dir='ltr'><strong>passim</strong></span> <span class='ocrx_word' id='word_1_197' title='bbox 275 3050 313 3115; x_wconf 89' lang='lat' dir='ltr'><strong>C.</strong></span> <span class='ocrx_word' id='word_1_198' title='bbox 327 3049 463 3114; x_wconf 86' lang='lat' dir='ltr'><strong>Balbum</strong></span> <span class='ocrx_word' id='word_1_199' title='bbox 484 3049 652 3112; x_wconf 87' lang='lat' dir='ltr'><strong>nominat:</strong></span> <span class='ocrx_word' id='word_1_200' title='bbox 672 3062 705 3111; x_wconf 90' lang='lat' dir='ltr'><strong>et</strong></span> <span class='ocrx_word' id='word_1_201' title='bbox 723 3046 768 3110; x_wconf 92' lang='lat' dir='ltr'><strong>ita</strong></span> <span class='ocrx_word' id='word_1_202' title='bbox 786 3046 850 3110; x_wconf 90' lang='lat' dir='ltr'><strong>alii.</strong></span> <span class='ocrx_word' id='word_1_203' title='bbox 865 3048 989 3112; x_wconf 89' lang='lat' dir='ltr'><strong>Verum</strong></span> <span class='ocrx_word' id='word_1_204' title='bbox 1008 3049 1035 3113; x_wconf 88' lang='lat' dir='ltr'><strong>si</strong></span> <span class='ocrx_word' id='word_1_205' title='bbox 1052 3051 1135 3116; x_wconf 89' lang='lat' dir='ltr'><strong>ratio</strong></span> <span class='ocrx_word' id='word_1_206' title='bbox 1153 3053 1207 3118; x_wconf 93' lang='lat' dir='ltr'><strong>illa</strong></span> 
     </span>
     <span class='ocr_line' id='line_1_27' title="bbox 140 3152 1207 3245; baseline 0.005 -26"><span class='ocrx_word' id='word_1_207' title='bbox 140 3155 262 3220; x_wconf 84' lang='lat' dir='ltr'><strong>Heinsii</strong></span> <span class='ocrx_word' id='word_1_208' title='bbox 277 3157 398 3238; x_wconf 85' lang='lat' dir='ltr'><strong>valeat,</strong></span> <span class='ocrx_word' id='word_1_209' title='bbox 411 3155 571 3245; x_wconf 90' lang='lat' dir='ltr'><strong>possimus</strong></span> <span class='ocrx_word' id='word_1_210' title='bbox 584 3152 797 3233; x_wconf 88' lang='lat' dir='ltr'><strong>contendere,</strong></span> <span class='ocrx_word' id='word_1_211' title='bbox 814 3153 905 3218; x_wconf 90' lang='lat' dir='ltr'><strong>illum</strong></span> <span class='ocrx_word' id='word_1_212' title='bbox 920 3155 1017 3220; x_wconf 91' lang='lat' dir='ltr'><strong>etiam</strong></span> <span class='ocrx_word' id='word_1_213' title='bbox 1028 3155 1139 3223; x_wconf 91' lang='lat' dir='ltr'><strong>deberi</strong></span> <span class='ocrx_word' id='word_1_214' title='bbox 1153 3159 1207 3224; x_wconf 89' lang='lat' dir='ltr'><strong>Se·</strong></span> 
     </span>
     <span class='ocr_line' id='line_1_28' title="bbox 140 3258 1203 3350; baseline 0.006 -26"><span class='ocrx_word' id='word_1_215' title='bbox 140 3261 261 3344; x_wconf 91' lang='lat' dir='ltr'><strong>tinum,</strong></span> <span class='ocrx_word' id='word_1_216' title='bbox 279 3261 371 3350; x_wconf 91' lang='lat' dir='ltr'><strong>quod</strong></span> <span class='ocrx_word' id='word_1_217' title='bbox 384 3261 537 3329; x_wconf 90' lang='lat' dir='ltr'><strong>ultimum</strong></span> <span class='ocrx_word' id='word_1_218' title='bbox 550 3277 617 3342; x_wconf 92' lang='lat' dir='ltr'><strong>est,</strong></span> <span class='ocrx_word' id='word_1_219' title='bbox 634 3258 820 3349; x_wconf 89' lang='lat' dir='ltr'><strong>simpliciter</strong></span> <span class='ocrx_word' id='word_1_220' title='bbox 837 3260 961 3342; x_wconf 82' lang='lat' dir='ltr'><strong>vocari,</strong></span> <span class='ocrx_word' id='word_1_221' title='bbox 982 3277 1020 3326; x_wconf 92' lang='lat' dir='ltr'><strong>ut</strong></span> <span class='ocrx_word' id='word_1_222' title='bbox 1036 3264 1203 3349; x_wconf 89' lang='lat' dir='ltr'><strong>Lucanus,</strong></span> 
     </span>
     <span class='ocr_line' id='line_1_29' title="bbox 139 3366 1203 3456; baseline 0.008 -26"><span class='ocrx_word' id='word_1_223' title='bbox 139 3367 283 3451; x_wconf 87' lang='lat' dir='ltr'><strong>Italicus,</strong></span> <span class='ocrx_word' id='word_1_224' title='bbox 301 3368 431 3449; x_wconf 89' lang='lat' dir='ltr'><strong>Gallus,</strong></span> <span class='ocrx_word' id='word_1_225' title='bbox 453 3367 609 3449; x_wconf 89' lang='lat' dir='ltr'><strong>Sabinus,</strong></span> <span class='ocrx_word' id='word_1_226' title='bbox 627 3383 659 3432; x_wconf 90' lang='lat' dir='ltr'><strong>et</strong></span> <span class='ocrx_word' id='word_1_227' title='bbox 673 3366 726 3430; x_wconf 90' lang='lat' dir='ltr'><strong>alii</strong></span> <span class='ocrx_word' id='word_1_228' title='bbox 741 3367 892 3456; x_wconf 84' lang='lat' dir='ltr'><strong>appellari</strong></span> <span class='ocrx_word' id='word_1_229' title='bbox 905 3369 1020 3434; x_wconf 90' lang='lat' dir='ltr'><strong>solent.</strong></span> <span class='ocrx_word' id='word_1_230' title='bbox 1038 3371 1079 3435; x_wconf 88' lang='lat' dir='ltr'><strong>Et</strong></span> <span class='ocrx_word' id='word_1_231' title='bbox 1097 3373 1124 3436; x_wconf 90' lang='lat' dir='ltr'><strong>si</strong></span> <span class='ocrx_word' id='word_1_232' title='bbox 1136 3373 1203 3453; x_wconf 82' lang='lat' dir='ltr'><strong>jam</strong></span> 
     </span>
     <span class='ocr_line' id='line_1_30' title="bbox 137 3471 1205 3564; baseline 0.007 -27"><span class='ocrx_word' id='word_1_233' title='bbox 137 3472 235 3538; x_wconf 89' lang='lat' dir='ltr'><strong>Setini</strong></span> <span class='ocrx_word' id='word_1_234' title='bbox 248 3497 433 3564; x_wconf 90' lang='lat' dir='ltr'><strong>cognomen</strong></span> <span class='ocrx_word' id='word_1_235' title='bbox 445 3474 597 3540; x_wconf 90' lang='lat' dir='ltr'><strong>habuisse</strong></span> <span class='ocrx_word' id='word_1_236' title='bbox 608 3471 859 3538; x_wconf 87' lang='lat' dir='ltr'><strong>concederemus</strong></span> <span class='ocrx_word' id='word_1_237' title='bbox 874 3473 1042 3557; x_wconf 79' lang='lat' dir='ltr'><strong>Flaccum,</strong></span> <span class='ocrx_word' id='word_1_238' title='bbox 1059 3499 1127 3542; x_wconf 91' lang='lat' dir='ltr'><strong>non</strong></span> <span class='ocrx_word' id='word_1_239' title='bbox 1142 3503 1205 3544; x_wconf 91' lang='lat' dir='ltr'><strong>ma·</strong></span> 
     </span>
     <span class='ocr_line' id='line_1_31' title="bbox 137 3576 1202 3671; baseline 0.008 -30"><span class='ocrx_word' id='word_1_240' title='bbox 137 3578 182 3666; x_wconf 89' lang='lat' dir='ltr'><strong>gis</strong></span> <span class='ocrx_word' id='word_1_241' title='bbox 198 3577 277 3644; x_wconf 87' lang='lat' dir='ltr'><strong>inde</strong></span> <span class='ocrx_word' id='word_1_242' title='bbox 295 3578 455 3644; x_wconf 87' lang='lat' dir='ltr'><strong>conficere</strong></span> <span class='ocrx_word' id='word_1_243' title='bbox 470 3579 598 3658; x_wconf 85' lang='lat' dir='ltr'><strong>liceret,</strong></span> <span class='ocrx_word' id='word_1_244' title='bbox 617 3576 707 3640; x_wconf 89' lang='lat' dir='ltr'><strong>illum</strong></span> <span class='ocrx_word' id='word_1_245' title='bbox 727 3597 766 3640; x_wconf 86' lang='lat' dir='ltr'><strong>ex</strong></span> <span class='ocrx_word' id='word_1_246' title='bbox 786 3577 870 3640; x_wconf 89' lang='lat' dir='ltr'><strong>Setia</strong></span> <span class='ocrx_word' id='word_1_247' title='bbox 889 3578 1085 3664; x_wconf 90' lang='lat' dir='ltr'><strong>oriundum,</strong></span> <span class='ocrx_word' id='word_1_248' title='bbox 1103 3607 1202 3671; x_wconf 90' lang='lat' dir='ltr'><strong>quam</strong></span> 
     </span>
     <span class='ocr_line' id='line_1_32' title="bbox 136 3683 1201 3772; baseline 0.008 -23"><span class='ocrx_word' id='word_1_249' title='bbox 136 3685 303 3750; x_wconf 89' lang='lat' dir='ltr'><strong>Lucanum</strong></span> <span class='ocrx_word' id='word_1_250' title='bbox 327 3709 366 3750; x_wconf 77' lang='lat' dir='ltr'><strong>es</strong></span> <span class='ocrx_word' id='word_1_251' title='bbox 388 3686 546 3765; x_wconf 87' lang='lat' dir='ltr'><strong>Lucania,</strong></span> <span class='ocrx_word' id='word_1_252' title='bbox 569 3683 716 3748; x_wconf 89' lang='lat' dir='ltr'><strong>Italicum</strong></span> <span class='ocrx_word' id='word_1_253' title='bbox 740 3706 780 3748; x_wconf 83' lang='lat' dir='ltr'><strong>ex</strong></span> <span class='ocrx_word' id='word_1_254' title='bbox 802 3684 891 3748; x_wconf 88' lang='lat' dir='ltr'><strong>Italia</strong></span> <span class='ocrx_word' id='word_1_255' title='bbox 913 3686 962 3750; x_wconf 86' lang='lat' dir='ltr'><strong>vel</strong></span> <span class='ocrx_word' id='word_1_256' title='bbox 983 3689 1116 3772; x_wconf 88' lang='lat' dir='ltr'><strong>Italica,</strong></span> <span class='ocrx_word' id='word_1_257' title='bbox 1139 3707 1201 3757; x_wconf 88' lang='lat' dir='ltr'><strong>etc.</strong></span> 
     </span>
     <span class='ocr_line' id='line_1_33' title="bbox 135 3790 1201 3882; baseline 0.008 -28"><span class='ocrx_word' id='word_1_258' title='bbox 135 3793 208 3878; x_wconf 90' lang='lat' dir='ltr'><strong>qnia</strong></span> <span class='ocrx_word' id='word_1_259' title='bbox 228 3793 282 3856; x_wconf 88' lang='lat' dir='ltr'><strong>illa</strong></span> <span class='ocrx_word' id='word_1_260' title='bbox 302 3792 497 3882; x_wconf 83' lang='lat' dir='ltr'><strong>cognomina</strong></span> <span class='ocrx_word' id='word_1_261' title='bbox 517 3812 585 3854; x_wconf 92' lang='lat' dir='ltr'><strong>non</strong></span> <span class='ocrx_word' id='word_1_262' title='bbox 604 3811 731 3878; x_wconf 89' lang='lat' dir='ltr'><strong>semper</strong></span> <span class='ocrx_word' id='word_1_263' title='bbox 749 3790 884 3877; x_wconf 90' lang='lat' dir='ltr'><strong>patriam</strong></span> <span class='ocrx_word' id='word_1_264' title='bbox 905 3790 1147 3877; x_wconf 86' lang='lat' dir='ltr'><strong>demonstrant,</strong></span> <span class='ocrx_word' id='word_1_265' title='bbox 1164 3815 1201 3862; x_wconf 90' lang='lat' dir='ltr'><strong>ut</strong></span> 
     </span>
     <span class='ocr_line' id='line_1_34' title="bbox 135 3894 1200 3986; baseline 0.008 -27"><span class='ocrx_word' id='word_1_266' title='bbox 135 3895 197 3962; x_wconf 89' lang='lat' dir='ltr'><strong>hoc</strong></span> <span class='ocrx_word' id='word_1_267' title='bbox 208 3898 358 3986; x_wconf 90' lang='lat' dir='ltr'><strong>pluribus</strong></span> <span class='ocrx_word' id='word_1_268' title='bbox 375 3896 504 3962; x_wconf 88' lang='lat' dir='ltr'><strong>ostendi</strong></span> <span class='ocrx_word' id='word_1_269' title='bbox 516 3897 551 3960; x_wconf 92' lang='lat' dir='ltr'><strong>in</strong></span> <span class='ocrx_word' id='word_1_270' title='bbox 565 3897 752 3985; x_wconf 78' lang='lat' dir='ltr'><strong>praelatione</strong></span> <span class='ocrx_word' id='word_1_271' title='bbox 764 3894 805 3958; x_wconf 86' lang='lat' dir='ltr'><strong>ad</strong></span> <span class='ocrx_word' id='word_1_272' title='bbox 818 3912 945 3960; x_wconf 89' lang='lat' dir='ltr'><strong>tomum</strong></span> <span class='ocrx_word' id='word_1_273' title='bbox 962 3897 1023 3963; x_wconf 91' lang='lat' dir='ltr'><strong>VII</strong></span> <span class='ocrx_word' id='word_1_274' title='bbox 1042 3901 1200 3966; x_wconf 87' lang='lat' dir='ltr'><strong>Thesauri</strong></span> 
     </span>
     <span class='ocr_line' id='line_1_35' title="bbox 133 4001 1199 4100; baseline 0.006 -34"><span class='ocrx_word' id='word_1_275' title='bbox 133 4001 253 4086; x_wconf 90' lang='lat' dir='ltr'><strong>Italici,</strong></span> <span class='ocrx_word' id='word_1_276' title='bbox 276 4027 349 4094; x_wconf 87' lang='lat' dir='ltr'><strong>pag.</strong></span> <span class='ocrx_word' id='word_1_277' title='bbox 376 4028 426 4092; x_wconf 90' lang='lat'><strong>17,</strong></span> <span class='ocrx_word' id='word_1_278' title='bbox 443 4004 500 4068; x_wconf 89' lang='lat' dir='ltr'><strong>ubi</strong></span> <span class='ocrx_word' id='word_1_279' title='bbox 521 4018 647 4090; x_wconf 86' lang='lat' dir='ltr'><strong>etpost</strong></span> <span class='ocrx_word' id='word_1_280' title='bbox 668 4001 856 4067; x_wconf 86' lang='lat' dir='ltr'><strong>Fabrettum</strong></span> <span class='ocrx_word' id='word_1_281' title='bbox 877 4002 1071 4100; x_wconf 88' lang='lat' dir='ltr'><strong>docuimus,</strong></span> <span class='ocrx_word' id='word_1_282' title='bbox 1094 4008 1120 4072; x_wconf 91' lang='lat' dir='ltr'><strong>si</strong></span> <span class='ocrx_word' id='word_1_283' title='bbox 1151 4025 1199 4074; x_wconf 91' lang='lat' dir='ltr'><strong>tot</strong></span> 
     </span>
     <span class='ocr_line' id='line_1_36' title="bbox 134 4106 1198 4201; baseline 0.008 -31"><span class='ocrx_word' id='word_1_284' title='bbox 134 4110 265 4174; x_wconf 91' lang='lat' dir='ltr'><strong>nomina</strong></span> <span class='ocrx_word' id='word_1_285' title='bbox 282 4111 502 4191; x_wconf 86' lang='lat' dir='ltr'><strong>cumulentur,</strong></span> <span class='ocrx_word' id='word_1_286' title='bbox 521 4108 601 4176; x_wconf 90' lang='lat' dir='ltr'><strong>illud</strong></span> <span class='ocrx_word' id='word_1_287' title='bbox 616 4131 635 4172; x_wconf 89' lang='lat' dir='ltr'><strong>a</strong></span> <span class='ocrx_word' id='word_1_288' title='bbox 650 4108 750 4196; x_wconf 89' lang='lat' dir='ltr'><strong>patria</strong></span> <span class='ocrx_word' id='word_1_289' title='bbox 762 4106 992 4197; x_wconf 86' lang='lat' dir='ltr'><strong>desumptum,</strong></span> <span class='ocrx_word' id='word_1_290' title='bbox 1006 4112 1198 4201; x_wconf 87' lang='lat' dir='ltr'><strong>plerumque</strong></span> 
     </span>
    </p>
   </div>
   <div class='ocr_carea' id='block_1_7' title="bbox 132 4214 1199 4387">
    <p class='ocr_par' dir='ltr' id='par_1_7' title="bbox 132 4214 1199 4387">
     <span class='ocr_line' id='line_1_37' title="bbox 132 4214 1199 4303; baseline 0.007 -25"><span class='ocrx_word' id='word_1_291' title='bbox 132 4217 208 4303; x_wconf 88' lang='lat' dir='ltr'><strong>poni</strong></span> <span class='ocrx_word' id='word_1_292' title='bbox 227 4216 260 4280; x_wconf 91' lang='lat' dir='ltr'><strong>in</strong></span> <span class='ocrx_word' id='word_1_293' title='bbox 284 4217 439 4300; x_wconf 86' lang='lat' dir='ltr'><strong>ablativo,</strong></span> <span class='ocrx_word' id='word_1_294' title='bbox 453 4233 485 4280; x_wconf 90' lang='lat' dir='ltr'><strong>et</strong></span> <span class='ocrx_word' id='word_1_295' title='bbox 502 4217 546 4280; x_wconf 92' lang='lat' dir='ltr'><strong>ita</strong></span> <span class='ocrx_word' id='word_1_296' title='bbox 565 4214 834 4280; x_wconf 75' lang='lat' dir='ltr'><strong>vocandus-esset</strong></span> <span class='ocrx_word' id='word_1_297' title='bbox 851 4218 884 4280; x_wconf 92' lang='lat' dir='ltr'><strong>C.</strong></span> <span class='ocrx_word' id='word_1_298' title='bbox 904 4217 1049 4283; x_wconf 86' lang='lat' dir='ltr'><strong>Valerius</strong></span> <span class='ocrx_word' id='word_1_299' title='bbox 1067 4221 1199 4284; x_wconf 84' lang='lat' dir='ltr'><strong>Flaccus</strong></span> 
     </span>
     <span class='ocr_line' id='line_1_38' title="bbox 218 4323 1068 4387; baseline 0.002 -2"><span class='ocrx_word' id='word_1_300' title='bbox 218 4323 245 4386; x_wconf 93' lang='lat' dir='ltr'><strong>I.</strong></span> <span class='ocrx_word' id='word_1_301' title='bbox 1046 4325 1068 4387; x_wconf 81' lang='lat' dir='ltr'><strong>b</strong></span> 
     </span>
    </p>
   </div>
   <div class='ocr_carea' id='block_1_8' title="bbox 0 0 1602 5128">
    <p class='ocr_par' dir='ltr' id='par_1_8' title="bbox 0 0 1602 5128">
     <span class='ocr_line' id='line_1_39' title="bbox 0 0 1602 5128; baseline 0 0"><span class='ocrx_word' id='word_1_302' title='bbox 0 0 1602 5128; x_wconf 95' lang='lat' dir='ltr'><strong> </strong></span> 
     </span>
    </p>
   </div>
  </div>
 </body>
</html>
