3246 5112
390 541 783 610 ARGONAUTICON
811 549 896 612 LIB.
921 550 967 612 11.
1147 575 1206 640 ¹¹7

190 670 335 752 Erudiit;
354 693 436 760 soepe
450 671 519 760 ipsa
536 695 636 739 manu
650 673 779 765 dignata
797 678 937 745 carinam
953 697 1011 745 est.
1183 701 1207 741 t·

192 788 241 850 An
259 808 326 849 non
344 787 485 873 experti,
503 787 629 853 cubitus
646 812 748 876 quum
763 791 835 855 luce
851 792 958 882 fugata

192 899 328 963 Horruit
340 898 444 963 imbre
459 897 549 964 dies?
565 903 711 987 quantis,
729 904 812 990 proh
827 906 959 992 Jupiter,
975 909 1089 972 austris

191 1013 392 1078 Restitimus!
408 1009 529 1100 quanta
547 1017 674 1102 quoties
688 1033 721 1081 et
736 1016 872 1082 Palladis
885 1035 953 1084 arte

191 1131 228 1193 ln
246 1151 373 1193 cassum
389 1128 521 1193 decimae
537 1129 653 1196 cecidit
668 1146 779 1196 tumor
795 1131 915 1198 arduus
930 1119 1062 1200 undae'i'

195 1243 285 1326 Quin
298 1243 399 1333 agite,
416 1243 547 1309 osocii:
565 1245 661 1310 micat
675 1245 877 1312 immutabile
892 1249 1024 1331 caelum,
1182 1271 1207 1309 π

192 1357 342 1442 Puraque
358 1378 418 1420 nec
434 1355 565 1445 gravido
581 1359 719 1422 surrexit
735 1360 873 1447 Cynthia
888 1383 1011 1444 cornu;

193 1470 308 1536 Nullus
322 1471 356 1533 in
372 1480 428 1535 ore
441 1470 554 1552 rubor,
568 1488 740 1559 certusque
755 1473 796 1537 ad
809 1475 881 1539 talia
895 1475 989 1540 Titan

192 1586 322 1673 Integer
336 1585 370 1648 in
387 1583 520 1668 fluctus,
537 1601 570 1649 et
587 1586 621 1649 in
641 1608 708 1650 uno
727 1585 847 1651 decidit
860 1589 961 1654 Euro.

193 1696 302 1779 Adde,
316 1697 405 1785 quod
424 1699 458 1760 in
477 1700 711 1763 noctem'venti
728 1698 864 1788 veloque
881 1701 1025 1790 marique

193 1811 396 1877 Incumbunt
410 1814 529 1902 magis:
551 1812 577 1875 it
590 1813 693 1878 tacitis
709 1814 785 1877 ratis
801 1815 891 1878 ocior
902 1814 1001 1880 horis.
1182 1837 1208 1876 s·

192 1929 299 2015 Atque
311 1925 392 1994 adeo
409 1949 477 1990 non
493 1926 546 1989 illa
561 1927 653 2012 sequi
670 1926 750 1990 mihi
768 1925 871 1997 sidera
886 1945 1082 2011 monstrant,

194 2042 274 2124 Quae
289 2039 416 2129 delapsa
431 2039 508 2127 polo
522 2037 624 2104 reficit
640 2063 745 2122 mare3
769 2056 878 2105 tantus
895 2042 996 2106 Orion

182 2261 218 2308 St.
228 2249 322 2308 'Atm
339 2257 413 2305 Codd.
426 2258 512 2305 etedd.
523 2259 663 2334 euteiieins.
680 2285 711 2297 ·—
726 2261 762 2321 57.
780 2261 845 2308 Orbe.
859 2261 986 2310 camut.
998 2256 1065 2312 mile.
1081 2289 1111 2300 -
1125 2263 1163 2312 ⁵8.
1179 2269 1208 2313 Ie

151 2343 202 2384 imo.
213 2338 271 2384 Edd.
289 2345 343 2383 ante
355 2338 419 2383 Gerr.
433 2343 517 2398 preter
532 2337 586 2383 Ald.
597 2341 669 2384 Auro.
680 2337 781 2396 Quidem
790 2339 855 2400 epod
867 2340 942 2388 Pium.
951 2341 1050 2402 lingent.
1059 2343 1110 2390 eol,
1118 2353 1162 2390 ete.
1178 2368 1208 2380 ···

151 2417 187 2464 tio.
198 2419 228 2463 Et
237 2417 318 2462 tacitis.
325 2415 400 2462 Vetic.
410 2417 498 2461 Bonum
508 2424 531 2462 et
540 2415 605 2464 Cere.
615 2415 683 2462 codd.
693 2441 723 2452 -
734 2416 773 2463 61.
784 2416 853 2463 Ideo.
866 2419 955 2466 Boron.
966 2419 1018 2466 cod.
1028 2421 1070 2466 Eo.

152 2632 176 2663 v.
188 2615 287 2682 610eq.
298 2616 439 2671 Incassum,
452 2609 565 2673 frustra,
589 2609 656 2662 nihil
700 2611 901 2681 navigantibus,
917 2624 943 2664 et
961 2616 1041 2664 tacitis
1062 2615 1141 2676 loris,
1160 2632 1208 2668 no-

151 2690 222 2742 uobie
236 2707 344 2752 nocens,
356 2691 448 2739 decidit
458 2691 559 2739 decimu
577 2702 658 2740 usmor
700 2689 815 2752 cumnis,
826 2707 874 2760 per
885 2689 978 2742 mundi
990 2690 1092 2744 silentia
1101 2729 1110 2756 ,
1119 2713 1146 2745 v.
1158 2702 1207 2758 41,

150 2772 239 2820 arduus
248 2765 604 2830 sendee,fluctusdecumauue,
615 2785 654 2838 gr.
699 2771 760 2818 ratis
775 2771 840 2818 ocius
850 2768 887 2819 ire
899 2769 972 2820 solet.

150 2852 269 2921 τρικυμία.
284 2846 379 2900 Ovidio
387 2884 395 2909 ,
404 2865 477 2898 more
485 2864 534 2898 suo
542 2844 655 2911 ludenti,
736 2849 779 2898 61.
791 2851 872 2914 Atque
881 2850 943 2897 adeo
955 2865 1003 2897 nou
1014 2848 1059 2897 illa
1072 2851 1140 2915 eequs'
1150 2851 1209 2898 mihi

150 2928 229 2980 Triat.
243 2927 262 2978 l.
276 2927 306 2988 Ι,
321 2925 362 2977 El.
378 2925 405 2976 11
417 2962 425 2988 ,
439 2943 464 2976 v.
477 2931 510 2992 49
520 2941 527 2975 t
537 2927 657 2976 Posterior
699 2927 781 2976 sidera
794 2939 949 2988 monstraret,
964 2944 1020 2992 quse
1037 2927 1138 2993 delapsa
1147 2931 1208 2994 polo

150 3025 213 3056 rtouo
229 3007 403 3071 undecimoque
418 3007 499 3071 prior.
701 3005 779 3073 reficit
787 3022 862 3054 mare.
871 3003 959 3057 Locus
967 3001 1151 3066 intricatior‚et
1160 3002 1208 3055 dil-

184 3081 657 3154 55.AdditTiphys,eitumaetrorum
701 3079 844 3135 licultatem
863 3079 892 3132 iu
912 3081 1003 3154 primis
1027 3091 1114 3132 mouet
1138 3101 1208 3132 inon-

149 3163 225 3216 talem
245 3179 318 3225 esee,
340 3161 386 3232 qui
408 3159 474 3212 nihil
497 3159 657 3229 tempestatis
701 3174 791 3219 scunt,
812 3159 884 3229 quod
899 3158 1020 3212 nonnulli
1044 3160 1140 3212 mutari
1164 3177 1208 3211 vo·

150 3241 314 3312 prenuntiet.
322 3244 400 3292 Micat
407 3241 656 3298 irnnuetabileeaelum‚
701 3237 808 3290 luerunt
817 3238 844 3290 iu
854 3252 985 3298 monstrat,
993 3237 1035 3290 vel
1042 3238 1127 3308 Argo,
1137 3237 1208 3308 quod

150 3319 185 3372 uti
199 3331 276 3372 antea
287 3355 295 3382 ,
305 3335 442 3379 screnum,
459 3318 560 3382 Cynthia
570 3315 656 3384 (luna)
700 3316 796 3370 ttossio
804 3355 812 3380 ‚
821 3317 863 3369 vel
872 3316 959 3370 Pallas
968 3355 976 3380 ,
984 3314 1056 3386 quod
1062 3315 1209 3369 Schradero

145 3418 219 3465 pura,
229 3400 380 3466 neegravido
388 3415 472 3456 eor-uu,
482 3413 531 3447 nec
539 3394 656 3466 pluviam
700 3395 808 3465 placuit.
825 3395 949 3448 Heinsius
973 3393 1037 3445 olim
1064 3397 1209 3465 conjecerat

151 3475 287 3539 minitans,
297 3490 423 3542 certusque
428 3477 465 3524 ad
469 3476 531 3524 talia
539 3477 612 3524 Titan
619 3475 657 3524 iu·
701 3493 768 3524 meus
778 3488 843 3535 stat,
855 3472 928 3545 quod
940 3473 1047 3544 propius
1061 3471 1162 3524 accedit
1175 3471 1208 3526 ed

151 3571 215 3623 teger
222 3557 353 3626 suffiscuu,
361 3567 385 3603 et
393 3556 418 3603 s'u
426 3571 473 3603 uno
481 3554 571 3602 decidit
579 3555 657 3611 Euru-
701 3549 853 3621 vulgatam,
866 3569 1023 3622 censumque
1034 3549 1120 3602 fundit
1130 3551 1208 3621 aptis-

153 3633 272 3703 signum,
286 3630 359 3703 quod
373 3648 511 3702 nunquam
525 3629 609 3694 fallit,
621 3629 659 3680 vi·
702 3628 797 3682 simum
806 3646 813 3692 ;
822 3647 971 3700 quumvero
981 3627 1073 3681 durius
1080 3627 1114 3680 sit
1122 3628 1157 3681 ad
1166 3649 1212 3682 au·

151 3709 236 3763 dimus
245 3711 328 3763 solem
337 3711 411 3763 nulla
420 3708 550 3762 nubecula
560 3717 657 3758 tectum
702 3725 759 3768 res,
774 3707 867 3759 malim
881 3726 929 3780 ego
941 3725 947 3759 :
959 3725 1025 3758 ruens
1035 3720 1072 3758 est
1083 3705 1207 3780 (Adelph.

151 3799 176 3839 et
194 3789 250 3842 eolo
275 3790 348 3841 Euro
372 3787 453 3840 flente
484 3784 655 3839 occidentem.
703 3789 840 3837 Delamalle
867 3786 904 3838 sic
928 3783 1074 3854 intelligit:
1106 3810 1118 3832 ι
1136 3790 1210 3836 Mon-

151 3866 215 3918 Sunt
228 3905 236 3929 ,
249 3867 297 3939 qui
313 3885 361 3938 pro
377 3871 443 3916 Euro
467 3864 559 3916 malint
578 3884 655 3923 erem,
702 3877 791 3923 straut,
801 3864 1014 3916 i.e.monstretur.
1024 3861 1213 3916 ·subsudit0-

152 3943 215 3996 utin
225 3963 272 3995 uno
280 3965 342 3994 auro
350 3945 394 4006 sit,
401 3958 465 3994 totus
473 3961 576 4001 assectas,
585 3941 657 4013 quod
702 3944 785 4001 meires,
796 3941 853 3994 scil.
863 3939 1036 4012 navigationis
1045 3953 1120 4012 penti
1130 3982 1137 3995 .
1148 3941 1209 4013 gall.

153 4033 177 4074 et
193 4021 260 4074 milti
273 4021 423 4093 perplacet,
441 4017 487 4073 sed
505 4019 578 4072 nolui
599 4039 658 4073 mu·
702 4039 733 4070 on
744 4035 851 4080 mouere,
864 4039 896 4071 ou
909 4019 1027 4086 euseigue.
1038 4017 1111 4086 En..)
1123 4019 1211 4076 Sidera

153 4112 216 4152 tare.
703 4097 777 4168 sequi
790 4095 861 4168 apud
874 4095 992 4150 animum
1005 4094 1145 4159 constitui,
1156 4115 1211 4150 nort

138 4233 140 4237 y
187 4182 230 4247 59.
241 4184 271 4228 Iu
282 4192 376 4228 noctem
388 4180 457 4228 venti
465 4181 570 4243 veloque
582 4179 659 4227 mari·
703 4193 761 4245 quae
775 4172 1032 4242 occidunt,quaeque
1044 4176 1211 4242 delapsepolo

155 4277 200 4324 que
212 4260 367 4318 incumbunt,
382 4267 462 4310 noctu
475 4255 556 4324 magis
572 4254 660 4308 favent
704 4256 782 4328 reficit
791 4251 972 4322 mere(hoceet
980 4261 1118 4328 poetarum
1128 4267 1212 4316 note.
