3116 5102
375 529 439 608 364
675 531 712 593 C.
737 527 932 594 VALERII
962 525 1136 593 FLACGI
1211 577 1213 582 -

418 663 599 754 Siquando
617 664 672 728 hic
690 664 831 753 aliquam
851 677 963 730 nostro
981 677 1069 728 satus
1086 663 1168 728 orbe
1184 665 1311 730 solebat

418 780 635 854 Thessaliam,
653 779 780 867 siquos
800 777 948 866 Phryxus
966 799 1149 844 memorare
1168 778 1338 871 Pelasgos,
1413 801 1449 850 trs

418 895 460 958 lli
474 894 552 976 tibi,
568 909 618 959 tot
632 915 742 975 casus,
756 891 919 958 horrenda
930 907 980 957 tot
992 893 1062 958 arie
1075 894 1200 975 mensi,

418 1011 611 1091 Cernimur;
629 1010 698 1098 ipsc
715 1026 845 1100 egomet
859 1010 994 1098 proprio
1008 1007 1049 1072 de
1062 1009 1221 1096 sanguine
1233 1008 1376 1098 Phryxi:

418 1125 569 1213 Namque
586 1123 674 1188 idem
692 1125 852 1189 Cretheus
871 1123 1078 1216 ambobus'et
1089 1121 1205 1186 AEolus
1219 1139 1334 1188 auctor

418 1243 502 1305 Cum
515 1243 611 1323 Jove,
625 1241 849 1329 Neptunoque
860 1287 869 1321 ,
882 1257 916 1305 et
931 1261 1007 1302 cum
1022 1236 1209 1302 Salmonide
1222 1239 1386 1328 Nympha.

418 1354 540 1443 Meque
557 1377 617 1419 nec
633 1355 700 1420 huc
717 1373 829 1436 enses,
844 1377 971 1442 araeque
991 1376 1085 1444 egere
1098 1369 1260 1441 paternae3
1415 1379 1452 1419 aa

419 1469 489 1534 Nec
502 1485 576 1550 tua,
590 1469 784 1534 Thessalicis
796 1490 994 1556 quamquam
1009 1469 1129 1556 inclyta
1143 1469 1275 1532 nomina
1289 1470 1401 1553 terris,

418 1585 543 1672 Sponte
556 1605 695 1671 sequor:
714 1583 768 1648 cui
788 1605 856 1647 non
867 1583 958 1663 jusso
971 1597 1020 1646 tot
1035 1581 1123 1646 adire
1137 1583 1287 1672 voluptas

419 1698 566 1762 Monstra
583 1697 704 1762 maris?
721 1698 775 1762 cui
789 1701 937 1786 Cyaneos
950 1698 1072 1761 intrare
1085 1697 1251 1788 fragores?

419 1813 552 1900 Sceptra
567 1812 616 1875 tui
629 1827 701 1877 toto
714 1812 818 1877 Pelias
834 1813 896 1877 sub
911 1813 1046 1876 numine
1057 1812 1173 1878 Phoehi

419 1927 560 1991 Maxima
576 1941 664 1993 sorte
682 1941 818 2010 tenens,
836 1943 952 2016 totquc
965 1929 1018 1992 illa
1037 1929 1177 1992 creantia
1191 1927 1283 1993 diros
1418 1947 1451 1992 sss

421 2041 570 2131 Oppida,
584 2057 634 2106 tot
648 2041 737 2132 vigili
752 2041 971 2130 pulcherrima
983 2040 1118 2106 flumina
1129 2064 1252 2126 cornu;
1434 2049 1435 2052 ’

408 2227 464 2282 see.
473 2229 597 2290 Metasque
606 2227 749 2274 mmsis.
759 2230 851 2274 lionam
861 2227 932 2276 codd.
944 2237 968 2276 ct
978 2229 1033 2276 cdd.
1043 2239 1099 2276 ants
1109 2230 1191 2278 Helas.
1198 2256 1231 2266 -
1239 2231 1294 2288 4⁸⁴·
1304 2232 1354 2277 Sub
1364 2232 1452 2278 hmine.

377 2307 463 2354 Sabell.
479 2322 511 2354 cx
519 2309 663 2368 coniectura.
685 2333 715 2343 -
728 2308 782 2363 485.
798 2310 905 2355 Maxima
921 2319 970 2356 asts
980 2319 1058 2356 tenen
1071 2320 1149 2374 totquc
1163 2310 1335 2358 immeantis
1346 2312 1372 2360 d.
1385 2312 1452 2359 Vatis.

376 2386 430 2433 cod.
442 2388 551 2432 Maxima
569 2387 599 2431 ab
615 2385 679 2434 huss
697 2396 776 2434 ussus
792 2398 870 2451 totque
887 2388 930 2436 illa
946 2391 1070 2436 memoralia
1085 2389 1110 2436 d,
1127 2391 1219 2438 Bonan.
1235 2390 1290 2438 cod.
1303 2393 1412 2438 Maximo
1425 2393 1452 2438 ab

376 2465 440 2512 hosts
451 2475 529 2512 ursos
540 2475 619 2529 totquc
630 2465 791 2512 uuertmmu
800 2467 824 2514 d.
839 2467 899 2516 lldd.
913 2477 967 2516 ants
978 2468 1058 2516 lleius.
1068 2471 1113 2516 Eu.

354 2685 357 2696 Ι
376 2631 464 2680 mato,
484 2628 539 2682 tot,
553 2637 602 2688 per
604 2619 677 2689 freta
685 2620 792 2688 prirnam
806 2619 893 2674 mitte-
939 2620 1010 2674 neal.
1022 2620 1140 2674 Omnino
1148 2629 1248 2692 poete,
1259 2620 1306 2672 uhi
1320 2589 1453 2674 soi-mosis·

377 2708 437 2752 rent
449 2700 577 2761 cadram,
590 2717 697 2752 navem.
939 2699 1200 2770 simaaantiquitatis
1215 2699 1329 2751 semines
1347 2717 1452 2752 muma-

412 2781 509 2847 474.Se’
519 2779 703 2850 Plryoeus,qui
716 2795 797 2849 gener
806 2797 893 2851 nuper
937 2791 1013 2844 rant,
1035 2777 1110 2832 haud
1132 2777 1210 2830 facile
1237 2795 1297 2832 eam
1321 2780 1452 2831 omittunt

375 2868 456 2920 tuus,
475 2871 558 2908 nosco
576 2871 644 2908 sacru
662 2861 735 2919 orbe,
757 2858 892 2929 popularis
936 2855 1018 2922 Vide,
1028 2877 1054 2911 v.
1065 2875 1087 2910 c.
1101 2855 1242 2920 Ovidium,
1255 2857 1368 2910 Heroid.
1380 2858 1453 2918 xlx,

376 2948 484 3002 noster,
499 2935 533 2989 dc
542 2935 677 2989 Thessalis
692 2937 807 3007 Pelasgis
819 2937 891 2990 Grae-
941 2937 988 2990 131
1002 2948 1046 3002 ,ct
1059 2936 1244 3007 Propertium,
1258 2938 1302 3001 11,
1317 2956 1349 2990 ar
1359 2974 1367 3000 ,
1377 2936 1419 2990 51.

378 3015 635 3082 cisrctibinarrarit,
643 3033 676 3068 eu
684 3015 751 3068 tales
758 3014 893 3071 adsumus.
975 3019 1034 3078 aso.
1049 3021 1101 3068 Nec
1112 3035 1196 3074 enses,
1209 3037 1255 3068 nec
1267 3031 1454 3086 aroepatemoe,

417 3103 478 3165 477.
491 3100 548 3162 lpas
562 3109 660 3162 egomet
672 3105 799 3166 cognatus
812 3095 896 3169 Phry·
939 3113 994 3149 non
1003 3096 1083 3149 timor
1092 3097 1191 3167 patris,
1202 3097 1249 3169 qui
1259 3115 1319 3158 me,
1331 3106 1363 3148 ut
1373 3093 1456 3166 Phry·

377 3175 418 3238 xi;
428 3178 543 3226 ainbobus
550 3178 662 3226 entiam
672 3179 786 3226 ctAEolus
794 3191 894 3228 auctor:
939 3193 1002 3227 xum
1018 3173 1158 3238 Athamas,
1168 3175 1201 3229 ad
1216 3192 1276 3227 aras
1290 3174 1370 3227 vellet
1377 3176 1455 3247 jugu-

377 3254 411 3307 dc
432 3254 509 3306 AEolo
528 3263 614 3319 reeta,
639 3253 673 3306 de
698 3253 815 3308 Cretheo
838 3274 893 3309 non
938 3253 1038 3307 lare...
1067 3275 1113 3306 nec
1133 3267 1177 3305 tua
1204 3257 1321 3315 ηοηιὶκα,
1340 3254 1454 3316 samam,

376 3335 456 3401 item,
469 3331 543 3406 quod
558 3351 613 3386 non
631 3343 687 3385 tam
700 3335 832 3404 jactantia
848 3337 894 3389 la·
937 3351 1092 3406 quanquam
1104 3333 1203 3387 Grecis
1217 3333 1404 3398 notissimam,
1417 3351 1455 3384 re·

376 3415 448 3467 sonis
459 3413 540 3485 ipsius
553 3450 560 3476 ,
571 3429 654 3484 quam
668 3412 837 3467 librariorum
855 3413 894 3467 in·
938 3433 1001 3481 quor
1019 3429 1121 3483 sponte:
1137 3431 1200 3467 uam
1218 3415 1346 3485 quianon
1358 3415 1455 3482 jussas,

377 3493 458 3546 curie
481 3491 665 3546 tribuendum.
679 3493 788 3545 Valerio
815 3513 892 3548 suum
937 3493 988 3547 nisi
998 3493 1064 3548 alius
1073 3493 1184 3565 imperio
1193 3505 1322 3559 mactus,
1337 3507 1374 3544 sot
1384 3511 1456 3544 moa·

376 3571 426 3624 sihi
443 3572 587 3625 restituisse
605 3570 712 3626 videtur
724 3573 893 3627 Burmannus
938 3589 1005 3634 stra,
1028 3573 1166 3647 pericula,
1185 3577 1274 3634 maris,
1297 3578 1458 3640 &ausosque

375 3651 428 3704 ita:
444 3655 537 3722 Nesope
554 3653 614 3704 mihi
634 3655 762 3715 Oreslrem,
777 3658 892 3705 ambobus
938 3657 1030 3706 intrare
1032 3655 1154 3722 fragores
1164 3651 1280 3706 audeat?

375 3745 403 3782 at
410 3735 495 3785 AEolus
504 3745 599 3784 auctor.
970 3733 1029 3797 484.
1044 3733 1130 3784 Immo
1144 3735 1236 3795 Pelias,
1254 3745 1353 3800 saepem
1364 3733 1400 3781 tui
1412 3741 1459 3780 toto

411 3815 472 3880 479.
482 3815 654 3880 nepetaeque.
669 3809 793 3863 hisvero
801 3829 889 3866 remo·
936 3817 980 3866 sab
988 3815 1104 3883 numine(
1113 3813 1150 3866 sic
1158 3811 1236 3885 posui
1251 3829 1316 3864 cum
1327 3807 1459 3864 Dorrillio

375 3889 427 3941 tior
440 3889 613 3953 casteone
624 3905 738 3961 nempe,
750 3893 833 3960 patris
845 3895 890 3947 Ja-
936 3893 971 3947 ad
989 3892 1162 3946 Gharitonem
1180 3911 1206 3963 p.
1230 3891 1298 3962 ⁵733
1318 3889 1363 3943 ed.
1386 3889 1459 3960 lips·

377 3967 467 4035 sonis,
482 3967 682 4040 quodammodo
697 3968 815 4025 vitricus.
835 3977 890 4024 Sal·
937 3991 987 4047 pro
997 3973 1114 4040 nominc)
1123 3973 1206 4024 atati
1214 3975 1331 4023 maxima
1345 3981 1411 4021 sorte
1423 3981 1457 4017 te-

376 4050 456 4100 monis
472 4051 586 4116 Nympha
606 4059 644 4102 est
665 4051 742 4111 rm,
758 4051 891 4106 Salmonei
940 4073 1014 4113 nens,
1027 4051 1071 4106 cui
1081 4052 1219 4115 omnium,
1235 4061 1371 4123 quotquot
1382 4047 1460 4100 asole

380 4127 453 4192 filia,
468 4139 606 4200 materque
618 4127 706 4180 Peliae.
716 4129 775 4182 vid.
785 4131 895 4185 Pindari
940 4133 1123 4196 illustrantur,
1138 4131 1335 4204 amplissimum
1350 4125 1460 4197 contigit

381 4207 460 4278 Pyth.
479 4209 530 4273 tv,
552 4214 623 4272 aas,
640 4205 687 4258 ubi
708 4208 792 4262 Pelias
806 4219 894 4284 lapsi:
940 4231 1051 4286 regnum
1063 4255 1070 4278 ,
1083 4212 1160 4284 cujus
1181 4211 1294 4282 imperio
1315 4217 1411 4282 parent
1426 4219 1462 4255 tot

378 4290 575 4362 ἐρασιπλοκάμου
587 4299 671 4361 γενεά·
684 4287 736 4340 vid.
749 4291 838 4344 Tahh.
853 4303 896 4363 ge·
942 4296 1053 4345 creantia
1073 4297 1140 4344 divos
1161 4294 1264 4361 oppida,
1288 4301 1328 4342 tot
1349 4289 1460 4342 deorum
