3192 5128
372 451 474 576 cantv
672 503 822 570 PETRI
850 503 1127 574 BURMANNI'

371 657 429 723 per
444 655 479 696 se
490 633 574 696 ferre
585 631 746 719 potuerit,
766 629 823 696 sed
834 631 942 696 omnia
953 633 1038 716 fere,
1053 653 1125 720 quae
1140 631 1231 708 deco
1244 632 1445 719 molemus,

294 782 300 794 -
371 758 550 828 paucorum
562 737 640 800 etin
651 737 764 826 primis
775 735 1029 818 Heinsiijudicio
1045 737 1201 819 debeant3
1216 759 1323 824 neque
1336 737 1447 805 etiam

363 842 562 919 ‚Carrionem
575 857 632 910 aut
647 842 725 907 alios
746 857 1017 908 commentatores
1032 865 1108 916 eum
1126 843 1328 916 consuluisse
1343 861 1448 908 eom·

373 947 532 1038 pererim,
556 947 736 1039 accuratius
760 947 841 1014 mihi
857 947 898 1012 de
925 948 989 1012 hoc
1005 948 1139 1015 homine
1156 969 1226 1015 esse
1246 947 1447 1039 agendum,

373 1053 532 1118 existimo.
546 1053 636 1117 Licet
651 1075 728 1118 veto
743 1068 808 1118 tam
824 1054 965 1117 immane
979 1053 1057 1116 huic
1070 1052 1204 1122 editioni
1220 1055 1368 1142 pretium
1385 1051 1451 1116 ho-

374 1160 608 1240 diestatuatur,
625 1158 706 1222 tanti
717 1157 1128 1225 eamvalerevixaliirmare
1146 1159 1248 1226 ausim
1258 1160 1316 1248 (t)
1326 1161 1450 1226 Scatet

375 1266 462 1329 enim
477 1284 649 1354 operarum
663 1281 696 1329 et
708 1280 930 1329 correctorum
944 1262 1077 1330 infinitis
1092 1264 1233 1346 mendis,
1252 1265 1295 1331 ita
1311 1281 1350 1330 ut
1368 1263 1449 1345 ejus

376 1371 463 1435 nulla
480 1373 546 1438 sere
560 1371 734 1436 auctontas
745 1392 814 1436 esse
827 1371 948 1458 possit,
963 1371 996 1434 in
1012 1370 1118 1437 verbis
1130 1371 1229 1458 ipsius
1242 1377 1346 1458 poete
1358 1391 1450 1435 con-

376 1471 568 1542 stituendis:
584 1471 664 1535 nihil
679 1493 755 1537 vero
776 1469 1021 1536 incommodum
1040 1471 1139 1559 magis
1155 1471 1267 1538 lectori
1289 1468 1449 1536 accidere

378 1578 495 1658 debet,
512 1594 545 1643 et
566 1578 728 1646 incertum
746 1599 822 1640 eum
841 1575 1020 1660 dimittere,
1036 1599 1134 1664 quam
1154 1576 1244 1664 quod
1262 1577 1359 1664 plane
1390 1574 1448 1640 di·

377 1706 466 1746 versa
483 1705 565 1771 saepe
580 1682 675 1746 lectio
692 1682 725 1744 in
743 1681 841 1746 initiis
858 1697 1028 1764 notarum,
1046 1681 1164 1774 quibus
1179 1681 1276 1746 verba
1293 1679 1448 1748 auctoris

378 1790 483 1853 solent
508 1788 671 1878 praeponi,
697 1811 794 1875 quam
819 1787 853 1850 in
878 1788 949 1876 ipso
971 1803 1073 1876 poetae
1095 1802 1249 1854 contorta
1273 1787 1449 1876 reperiun-

379 1911 433 1956 tur
450 1918 457 1958 :
476 1891 567 1972 cujus
586 1894 651 1956 sive
669 1893 884 1982 negligentiae,
894 1893 960 1958 sive
976 1915 1132 1983 perversae
1147 1892 1296 1974 rationis,
1312 1889 1450 1958 infinita

306 2005 309 2012 '
380 1999 523 2087 exempla
534 1997 651 2064 adduci
662 1996 1038 2086 possunt3sedquardam
1046 1995 1450 2078 ridebitlectoradlile,

381 2104 437 2190 78,
455 2105 493 2180 V,
511 2103 582 2188 195,
598 2119 630 2166 et
642 2103 790 2191 pluribus
801 2104 869 2168 aliis
882 2103 971 2167 locis.
991 2104 1039 2166 De
1054 2102 1125 2190 ipso
1140 2104 1218 2180 Pio,
1234 2118 1267 2166 et
1275 2104 1344 2184 ejus
1355 2103 1449 2185 vita,

380 2211 448 2273 haec
463 2209 530 2273 fere
551 2209 665 2296 partim
681 2230 719 2272 ex
735 2209 807 2297 ipso
824 2209 1074 2294 commentario,
1098 2208 1216 2296 partim
1232 2206 1363 2276 aliunde
1383 2229 1450 2272 co-

379 2314 497 2406 gnovi:
512 2313 612 2400 patria
625 2311 723 2376 fuisse
738 2313 991 2393 Bononiensem,
1011 2333 1050 2376 ex
1066 2311 1186 2376 familia
1202 2311 1321 2394 nobiti,
1339 2333 1450 2400 eque·

380 2417 437 2481 stri
463 2432 495 2480 et
520 2417 694 2501 senatoria,
715 2440 786 2504 quae
804 2417 882 2481 olim
898 2413 1040 2482 Andalea
1053 2417 1155 2498 dicta,
1169 2415 1289 2486 deiude
1305 2417 1358 2482 Pii
1374 2439 1449 2480 no·

381 2545 456 2586 men
475 2523 663 2611 assumpsit3
680 2520 796 2586 vidad
808 2523 865 2588 lib.
879 2523 931 2605 ll,
960 2523 1049 2604 612,
1072 2522 1130 2586 ubi
1150 2522 1246 2588 etiam
1267 2522 1449 2611 glorietur,

344 2662 346 2668 v
382 2627 459 2692 huic
476 2627 565 2716 genti
586 2628 762 2692 maximum
782 2628 893 2692 lumen
912 2625 1072 2692 addidisse
1084 2627 1253 2716 Virginem
1274 2627 1451 2694 sanctitate

382 2732 454 2794 vitae
470 2732 672 2820 praeclaram,
689 2732 843 2812 Dianam,
859 2753 931 2818 quae
949 2732 1036 2796 inter
1049 2730 1136 2798 divas
1152 2732 1250 2796 relata
1262 2734 1370 2821 Agnes
1383 2754 1452 2800 no·

384 2837 472 2901 mine
489 2835 657 2918 decorata,
675 2853 708 2900 et
723 2838 843 2925 templo
863 2836 1021 2902 honorata
1036 2837 1117 2918 fuit,
1138 2835 1287 2902 afflictam
1302 2858 1379 2900 vero
1400 2836 1450 2904 ci·

382 2943 500 3007 vilibus
514 2941 725 3024 factionibus,
736 2965 815 3030 quas
832 2941 947 3006 misere
963 2943 1088 3008 ltaliam
1104 2944 1255 3008 lacerasse
1272 2942 1447 3024 novimus,

383 3045 502 3113 deinde
529 3048 694 3137 queritur,
718 3062 752 3110 et
771 3046 844 3111 ideo
870 3049 1010 3112 multum
1041 3047 1082 3112 dc
1109 3048 1243 3135 antiquo
1270 3047 1449 3136 splendore

384 3153 537 3216 amisisse.
558 3153 647 3220 Inter
661 3151 795 3228 majores
814 3150 968 3232 celebrat,
987 3153 1236 3219 Contestabilem
1253 3152 1447 3234 Andalum,

384 3281 483 3346 quem
510 3256 812 3345 Imperatoriarum,
838 3255 872 3319 id
887 3271 936 3320 est
956 3257 1212 3342 Gibellinarum,
1230 3258 1369 3345 partium
1386 3257 1447 3322 du·

384 3385 477 3444 cem,
493 3363 528 3425 in
554 3362 699 3424 exsilium
722 3359 762 3423 ab
786 3359 971 3424 adversariis
993 3363 1124 3450 pulsum
1146 3379 1252 3428 narrat
1274 3361 1316 3426 ad
1331 3362 1386 3426 lib.
1402 3363 1445 3444 1,

383 3491 465 3530 vers.
483 3463 556 3550 239.
571 3465 644 3552 lpse
659 3485 755 3539 vero,
770 3464 881 3530 inanes
894 3466 965 3530 illos
980 3466 1155 3532 nobilitatis
1170 3469 1280 3532 titulos
1297 3483 1445 3530 contem-

385 3595 482 3655 nens,
505 3572 653 3635 maluisse
668 3594 701 3635 se
718 3593 804 3655 csse,
825 3595 921 3660 quam
938 3571 1039 3640 videri
1056 3577 1194 3656 fatetur,
1225 3589 1258 3640 et
1278 3574 1319 3639 ad
1335 3573 1446 3638 litera·
1536 3613 1541 3625 ι

384 3702 457 3742 rum
484 3676 628 3742 studium
645 3701 678 3742 se
696 3679 871 3767 recepisse,
896 3680 931 3744 in
955 3703 1060 3768 eoque
1085 3681 1281 3769 acquievisse
1302 3679 1445 3769 gaudet;

385 3806 445 3847 nec
456 3781 538 3846 inl'ra
555 3783 681 3872 generis
695 3782 884 3872 dignitatem
899 3807 933 3850 se
944 3784 1131 3868 demisisse,
1148 3784 1344 3873 quodpaene
1360 3805 1445 3872 puer

385 3887 561 3975 susceperit
572 3888 750 3968 juventutis
765 3887 948 3957 erudiendas
964 3889 1180 3977 provinciam,
1199 3889 1392 3972 arbitratur,
1410 3889 1445 3952 in

386 3993 617 4062 commentario
641 3993 682 4057 ad
705 3993 810 4058 Plauti
838 3991 986 4063 Bacchid.
1010 3996 1129 4076 actV,
1153 4017 1351 4083 sc.v11,17.
1377 3993 1447 4059 Me-

421 4222 460 4290 (1)
478 4217 552 4273 Adde
565 4219 689 4273 Bibliotb.
699 4219 999 4276 Fabricio-Ernestinam
1013 4221 1072 4286 loco
1086 4239 1164 4287 mem.
1174 4241 1200 4292 p.
1214 4222 1273 4276 252.
1290 4221 1408 4276 limus.
