3192 5128
391 537 522 586 txxxvr
629 510 1229 584 LUDOVICICARRIONIS

389 643 529 710 tuendo.
558 644 687 710 Horum
714 640 832 708 deiude
853 641 1001 730 exemplo
1023 641 1152 708 excitati
1169 640 1272 724 Gelli,
1294 657 1384 708 tante
1407 646 1467 712 iu-

389 751 535 833 dustrie,
551 749 729 841 diligentia,
739 747 850 814 studio
866 749 902 815 in
914 747 1062 814 eamdem
1074 747 1206 816 leudem
1219 749 1467 832 incubuerunt,

387 876 427 928 ut
438 875 625 949 temporum
637 855 771 944 quidem
783 854 951 920 intervallo
964 871 1162 944 superentur
1173 855 1215 920 ab
1227 855 1300 940 illis,
1310 855 1467 924 doctrine

388 979 477 1032 certe
495 964 546 1028 vel
563 977 694 1050 aequent
712 961 762 1025 vel
786 974 963 1048 superent:
986 981 1092 1024 unum
1107 960 1294 1026 Manutium
1315 964 1464 1053 excipio,

325 1051 341 1072 ’
385 1094 455 1159 quo
480 1068 632 1158 equidem
656 1067 793 1132 homine
819 1066 902 1132 nihil
925 1081 1033 1132 statuo
1057 1064 1128 1132 fieri
1147 1090 1244 1156 posse
1269 1070 1463 1160 elegantius.

385 1179 471 1244 Nam
484 1197 561 1242 cum
578 1173 711 1263 reliquis
726 1173 761 1236 in
779 1173 844 1236 hoc
860 1194 978 1261 genere
996 1171 1152 1238 omnibus
1171 1196 1239 1239 nou
1256 1197 1388 1260 vereor,
1415 1200 1464 1243 ne
1484 1231 1488 1251 ,

386 1283 526 1365 Mureti,
542 1281 691 1347 Turnebi
709 1296 743 1346 et
755 1278 905 1345 Lambini
921 1301 990 1345 non
1010 1279 1102 1344 facile
1119 1280 1358 1349 contenderint.
1373 1285 1461 1352 Ger·

387 1388 493 1472 mani,
510 1405 543 1454 et
559 1388 663 1453 serius
679 1387 765 1452 hanc
778 1383 942 1452 scribendi
959 1385 1119 1452 rationem
1134 1387 1329 1478 attigerunt,
1340 1405 1379 1454 et
1390 1390 1462 1456 mi·

385 1498 474 1562 nime
489 1496 630 1578 multos,
651 1494 710 1582 qui
726 1515 797 1560 enm
814 1494 1000 1559 excolerent
1019 1492 1167 1559 invenire
1181 1511 1389 1583 potuerunt:
1408 1497 1457 1561 si·

384 1602 519 1692 quidem
533 1623 638 1689 quum
654 1621 838 1666 numeroso
854 1599 900 1663 illi
916 1599 1050 1688 poetice
1067 1599 1168 1690 magis
1185 1599 1285 1670 dediti
1303 1601 1458 1670 rideren-

382 1725 454 1789 tur,
472 1708 566 1772 imin
582 1729 621 1771 ee
637 1705 761 1772 ceteris
777 1727 847 1770 sese
860 1720 1011 1793 praestare
1025 1705 1241 1791 studuerunt,
1265 1723 1305 1772 ut
1319 1731 1457 1784 omnem

382 1815 478 1880 aliem
495 1811 698 1902 disciplinam
718 1827 847 1876 tantum
871 1833 940 1876 non
966 1812 1183 1903 negligerent,
1207 1814 1236 1880 si
1258 1814 1455 1897 Ssmbucos,

381 1918 583 1986 Camerarius
610 1933 644 1981 et
665 1916 831 1984 Fabricios
858 1917 1009 2005 excipies.
1036 1919 1140 2008 Belgio
1166 1941 1244 1984 vero
1272 1921 1393 2003 nosci,
1414 1935 1457 1986 ut

380 2026 554 2116 postremi,
570 2024 636 2089 hoc
647 2021 748 2088 studii
764 2044 867 2112 genus
879 2023 1019 2110 amplexi
1033 2039 1132 2107 eunt,
1151 2025 1196 2088 ita
1211 2026 1333 2090 mirum
1349 2026 1454 2109 dictu,

381 2148 544 2222 quantum
563 2151 664 2219 quem
689 2128 780 2193 brevi
805 2141 954 2215 ternpore
979 2127 1015 2192 in
1040 2151 1081 2192 eo
1109 2130 1341 2196 excelluerint!
1359 2131 1454 2216 Quid

381 2240 471 2304 enim
486 2236 528 2302 de
543 2234 691 2300 Lnurinis
705 2246 739 2297 et
752 2231 911 2316 Golthiis,
927 2254 1010 2321 quos
1024 2232 1160 2298 honoris
1172 2257 1284 2300 carust
1297 2237 1452 2320 nomino,

381 2341 510 2408 dicam?
526 2340 567 2406 de
583 2339 704 2428 quibus
723 2339 751 2404 si
772 2337 905 2426 quanm
925 2337 1008 2426 quid
1024 2338 1161 2404 sentiam
1178 2340 1381 2432 interrogor,
1404 2343 1453 2408 ita

379 2446 577 2538 respondere
603 2446 710 2526 soleo,
733 2465 837 2532 prope
859 2443 946 2508 solos
968 2444 1094 2526 fecere,
1112 2467 1155 2510 ne
1176 2447 1290 2537 Bruge
1310 2464 1452 2532 nosne,

379 2553 559 2644 quidquam
574 2568 632 2618 aut
647 2549 747 2616 Gallis
760 2563 819 2614 aut
833 2549 921 2615 Iulis
937 2548 1084 2628 invidere
1097 2549 1246 2617 debeant.

424 2661 551 2725 Omitto
564 2657 678 2724 Iunios
696 2672 730 2722 et
746 2657 904 2748 langius,
921 2679 1064 2746 quorum
1077 2656 1163 2723 inme
1179 2673 1213 2723 et
1226 2659 1329 2749 glorie
1343 2675 1451 2726 totum

377 2765 495 2834 orbem
506 2781 667 2832 terrerum
682 2779 852 2854 pervagata
864 2777 914 2830 est
925 2785 934 2828 t
947 2785 1054 2828 unum
1069 2761 1151 2828 illud
1166 2763 1295 2848 addam,
1307 2767 1382 2857 plus
1392 2787 1449 2836 cce

378 2895 418 2938 ex
431 2870 602 2938 Veteribus
626 2869 783 2938 restitutis
815 2867 919 2934 laudis
942 2869 1109 2953 retulisse,
1127 2893 1227 2959 quem
1256 2871 1381 2961 alioqui
1408 2895 1450 2938 ex

377 2981 490 3048 multis
499 2980 661 3046 librorum
669 2978 812 3044 millibus
822 2977 1011 3069 pmdigioso
1019 2978 1117 3044 titulo
1124 2980 1315 3070 conscriptis
1326 2979 1449 3048 referre

377 3088 572 3178 potuissent.
588 3087 696 3170 Quem
709 3085 902 3150 sententiam
913 3131 923 3167 ,
935 3085 980 3148 mi
992 3083 1125 3163 aneli,
1135 3086 1197 3151 nisi
1209 3099 1243 3152 et
1256 3102 1290 3152 te
1302 3087 1448 3154 riderem

377 3194 575 3284 amplexum,
591 3205 677 3256 esset
687 3211 800 3272 ceusu,
817 3211 877 3255 cnr
893 3189 927 3255 in
940 3189 1152 3279 prmdicnudis
1164 3191 1284 3258 horum
1299 3193 1446 3258 virorum

374 3300 526 3368 leudibus
549 3319 653 3364 essem
674 3295 856 3362 fecundus:
874 3297 948 3385 quis
969 3298 1059 3362 enim
1081 3297 1117 3364 id
1146 3321 1214 3364 non
1238 3299 1370 3388 posset?
1387 3299 1445 3365 sed

374 3429 480 3496 quum
493 3404 608 3492 etipse
621 3402 656 3466 in
669 3401 816 3466 dissimili
830 3401 940 3468 studio
958 3402 1096 3470 similem
1113 3421 1221 3472 tamen
1236 3407 1321 3471 viam
1334 3404 1379 3470 sis
1393 3405 1446 3470 in·

374 3533 520 3604 gressus,
532 3524 630 3597 atque
641 3531 697 3574 eos
709 3531 841 3592 omnes,
851 3531 994 3600 quorum
1012 3509 1134 3577 eminet
1145 3513 1198 3576 vel
1212 3513 1382 3602 ingenium
1392 3512 1445 3578 rel

374 3617 534 3699 doctrina,
545 3614 588 3680 ad
603 3614 751 3680 eamdem
762 3615 922 3680 rationem
934 3618 1083 3707 exemplo
1101 3634 1134 3683 et
1150 3618 1375 3684 cohortatione
1387 3633 1444 3700 tua

373 3745 548 3815 provoces,
571 3720 652 3812 quid
665 3722 780 3786 attinet
791 3745 845 3786 me
864 3722 899 3785 in
914 3722 1000 3788 hanc
1015 3724 1208 3789 sententiam
1224 3725 1354 3814 longam
1371 3743 1443 3787 orn·

373 3831 498 3896 tionem
522 3829 922 3917 compsrnreiproesertim
941 3848 1045 3917 quum
1068 3845 1101 3896 et
1118 3853 1199 3921 ego,
1221 3830 1313 3909 cujus
1337 3846 1375 3894 tu
1396 3831 1438 3895 nb

372 3935 615 4000 adolescentulo
635 3935 842 4000 nascentibus
862 3935 976 4000 studiis
992 3937 1164 4025 profuisti,
1186 3936 1271 4000 hanc
1292 3936 1441 4002 eamdem

372 4039 549 4131 castigandi
562 4041 732 4123 rationem,
748 4057 782 4106 te
794 4040 877 4107 duce
892 4057 989 4130 etque
1006 4042 1088 4108 adeo
1103 4057 1254 4125 auctore,
1271 4043 1365 4106 annis
1374 4042 1440 4123 jam

370 4150 490 4215 abhinc
501 4147 637 4235 aliquot,
646 4147 707 4211 sim
721 4165 879 4236 sequutm
893 4172 901 4214 :
915 4149 951 4214 in
963 4173 1044 4238 que,
1061 4173 1158 4239 quem
1173 4148 1310 4215 feliciter
1320 4171 1439 4231 verser,

373 4255 504 4336 nescio,
521 4275 618 4342 mem
640 4275 718 4319 vero
736 4252 916 4342 diligenter,
930 4254 1021 4322 hunc
1038 4256 1202 4326 Valerium
1223 4277 1334 4320 meum
1352 4253 1439 4343 apud
