3122 5126
430 817 846 930 PRAEFATIO

359 1059 528 1140 movi
571 1061 904 1148 corrosus

621 1277 653 1311 nt

244 1407 426 1473 CAIUM
454 1409 720 1480 VALERIUM
750 1415 999 1487 FLACCUM.

484 1634 769 1664 -aeooe—

79 1777 221 1900 Cnrus
240 1829 433 1900 vanamne
459 1833 616 1903 chcus
641 1835 779 1906 Batsns
802 1835 953 1914 Semnus
970 1843 1022 1942 (1)
1048 1848 1162 1923 floruit

79 1949 217 2036 Romae,
241 1965 409 2043 regnante
422 1948 641 2046 Vespasiano,
661 1958 714 2026 cui
735 1983 832 2030 suum
851 1984 970 2058 poema
988 1995 1161 2071 nuncupa·

80 2075 145 2160 rit,
163 2067 277 2167 paulo
295 2077 373 2168 post
390 2090 521 2169 captam
536 2101 556 2146 a
569 2078 646 2148 Tito
663 2081 944 2178 Hierosolymam,
962 2092 1051 2162 circa
1064 2100 1104 2166 A.
1120 2102 1159 2170 C.

81 2194 195 2283 LXX,
220 2195 266 2264 ad
295 2197 387 2291 quod
413 2197 541 2269 lacinus
566 2191 703 2288 alludit,
726 2206 823 2291 I,1a
850 2229 919 2306 sqq.
944 2215 1087 2288 Videtur
1116 2246 1159 2294 ex

84 2319 347 2412 Argonauticon
372 2321 487 2408 initio,
502 2320 674 2394 Valerium
698 2353 802 2399 unum
829 2357 848 2402 e
874 2333 1159 2424 Quindecimv-iris

85 2440 203 2528 brisso,
221 2467 371 2537 quorum
394 2469 516 2515 munus
546 2463 619 2517 erat
648 2475 778 2521 servare
799 2469 832 2523 et
859 2461 1032 2532 consulere
1056 2464 1159 2538 libros

86 2564 290 2659 Sibyllinos,
303 2569 427 2662 quibus
444 2595 504 2638 sua
520 2567 588 2640 fata
603 2571 766 2644 contineri
783 2581 920 2652 omnino
935 2587 1078 2657 Romani
1092 2616 1156 2686 pu-

87 2689 211 2758 tabant.
233 2692 382 2761 Patriam
401 2709 511 2764 autem
520 2693 668 2783 Valerii,
687 2712 724 2766 ut
741 2703 855 2795 magni
873 2703 981 2793 Livii,
992 2724 1026 2779 et
1046 2712 1156 2784 Stellae

121 2927 155 2994 (r)
167 2926 229 2978 Hoc
245 2937 286 2978 est
303 2926 436 2997 integrum
445 2923 544 2979 Valerii
558 2938 656 2980 nomen
664 2967 672 2993 ,
681 2927 754 2999 quod
768 2930 896 3001 reperitur
908 2933 936 2984 in
951 2936 1067 3005 pretioso
1079 2939 1155 2992 Vati·

88 3021 142 3075 uni
153 3020 269 3085 codice,
286 3021 361 3074 initio
374 3022 434 3075 libri
447 3023 524 3076 tertii.
536 3023 642 3077 Codicis
656 3023 777 3080 hocloco
791 3027 906 3098 primurn
915 3065 924 3092 ,
933 3047 1030 3086 nornen
1038 3035 1154 3089 auctoris

86 3118 216 3171 occurrit:
237 3131 329 3170 carent
350 3117 420 3171 enim
441 3117 517 3172 titulo
533 3119 634 3190 primus
652 3137 685 3172 ac
704 3121 836 3175 secundus
856 3121 936 3190 liber;
954 3124 981 3176 in
1002 3125 1078 3179 titulo
1094 3129 1156 3184 libri

85 3213 169 3284 quarti
181 3212 259 3266 deest
272 3215 389 3292 auctoris
403 3232 500 3267 nomen
515 3231 522 3277 ;
539 3215 613 3268 libris
623 3215 659 3279 V,
669 3216 724 3268 VII
733 3257 741 3284 ,
750 3219 836 3283 VIII,
850 3219 988 3292 praefixum
1003 3235 1042 3276 est
1057 3245 1155 3282 nomen

85 3313 138 3361 cati
151 3313 254 3362 Valerii
264 3313 351 3361 Flacci
361 3314 437 3361 Setini
441 3333 452 3371 ,·
465 3311 542 3363 initio
557 3311 619 3363 libri
637 3314 700 3364 sexti
718 3313 815 3386 legiur,
834 3319 907 3368 Caius
927 3322 1037 3372 Valerius
1054 3327 1157 3390 Flacca,

82 3409 178 3458 Setiam
188 3411 299 3468 Balbas;
317 3405 365 3458 sed
378 3405 434 3458 hee
452 3407 573 3468 nomina,
590 3409 685 3458 Setiam
697 3413 801 3470 Balbus,
818 3407 884 3462 mibi
897 3409 1019 3466 videntur
1034 3434 1090 3468 esse
1104 3436 1155 3489 pro

83 3511 174 3559 Badius
183 3509 282 3556 Setiam
296 3501 476 3575 imprudenter
485 3503 603 3574 scripta:
624 3505 650 3556 1⁰
659 3499 733 3574 quod
743 3522 890 3575 cognomen
899 3523 915 3558 a
924 3507 1031 3578 regione
1044 3507 1154 3566 ductum

80 3604 142 3655 nolet
153 3619 214 3654 esse
228 3599 354 3652 ultimum
362 3616 371 3662 ;
383 3600 410 3650 2⁰
419 3597 492 3670 quod
501 3597 592 3652 titulus
604 3599 674 3652 libro
682 3601 760 3653 tertio
770 3601 892 3672 prelixus
898 3603 1000 3669 ,literis
1009 3608 1153 3677 majoribus

78 3699 159 3751 rubro
182 3697 276 3750 colore
298 3705 428 3761 exaratus,
445 3713 527 3766 quum
546 3695 674 3767 elegantia
692 3697 826 3769 scripturn
841 3697 1031 3771 diligentiorem
1052 3703 1152 3759 librarii

78 3813 169 3848 arram
188 3793 361 3865 profiteatur,
375 3809 456 3862 qnam
471 3790 557 3844 ceteri
575 3792 643 3844 tituli
661 3793 813 3867 majusculis
827 3794 942 3850 horridis
963 3817 994 3852 ac
1010 3798 1151 3874 incomptis

77 3893 187 3966 scripti,
202 3888 332 3943 sincerior
343 3906 375 3941 ac
388 3886 442 3940 lide
451 3885 554 3959 dignior
566 3905 623 3941 esse
631 3888 697 3941 mibi
707 3888 826 3953 videtum
838 3891 866 3943 3ο
875 3859 962 3962 qnod,
973 3911 1056 3964 quum
1068 3894 1149 3949 libra·

74 3990 126 4043 rim
140 3990 169 4042 in
185 3988 274 4042 titulis
287 3987 419 4039 librorum
432 3985 475 4049 V,
495 3985 564 4051 VII,
578 3985 663 4050 VIII,
679 4005 762 4040 unum
779 4006 927 4059 cognomen
944 3992 1092 4059 omitteret,
1108 4000 1151 4046 Se-

73 4091 118 4138 er'm'
134 4103 289 4159 cognomen
310 4083 438 4136 retinuit:
457 4081 508 4136 boc
531 4094 618 4136 autem
639 4083 724 4136 ultimi
748 4086 885 4158 proprium
910 4098 949 4140 est
967 4090 1149 4160 cognominis,

70 4185 154 4239 rarius
162 4183 274 4245 omitti,
289 4182 377 4234 immo
390 4198 471 4252 sepe,
488 4178 523 4233 ad
540 4192 674 4233 auctorem
689 4179 882 4254 designandum
890 4220 899 4247 ‚
910 4183 996 4238 solum
1011 4184 1147 4247 adbiberi3

69 4283 128 4336 vid.
138 4283 196 4336 Titi
210 4279 334 4334 Lucretii
346 4278 409 4333 Cari
418 4277 515 4349 patria,
526 4295 624 4348 genus,
638 4289 743 4332 auctore
753 4277 896 4332 Lambino.

183 4383 212 4446 J·
950 4398 972 4436 a
