3198 5106
372 577 465 624 cnxn
675 557 827 626 PETRI
856 555 1135 628 BURMANNI

375 685 566 749 Carrionem
589 685 622 748 in
642 685 726 750 libro
744 709 805 754 suo
827 710 890 775 pro
905 710 979 776 erge
997 685 1167 776 perspicue
1190 707 1225 749 se
1245 686 1360 776 legisse
1377 687 1444 754 tlte

374 775 551 872 affirmare,
568 788 674 856 addit:
690 791 861 874 crederem,
877 797 907 856 sr'
918 792 956 856 id
969 791 1122 858 Centenis
1135 791 1268 878 legisset.
1289 793 1354 858 Sed
1371 797 1445 859 mis-

373 918 446 960 sum
462 896 616 960 faciemus
632 897 817 980 hominem,
831 899 926 980 cujus
943 921 1068 980 mores,
1082 897 1266 978 jactantiam
1283 881 1317 963 et
1333 900 1442 964 ineru-

280 981 284 994 ’
372 999 479 1065 ditum
497 1003 616 1066 festum
632 1001 782 1085 breviter,
800 1025 840 1066 ex
861 1002 1019 1092 Lipsienis
1036 1000 1180 1089 epistolis
1197 998 1346 1085 ineditis,
1362 1004 1442 1070 vivis

371 1105 536 1172 coloribus
547 1104 729 1171 videbimus
743 1100 878 1196 depicto.
890 1107 968 1172 Non
979 1104 1098 1172 vidisse
1111 1127 1187 1171 eum
1201 1107 1250 1170 Pii
1265 1107 1444 1174 editionem

370 1229 472 1301 puto:
487 1229 573 1277 certe
596 1235 793 1302 numquam,
807 1213 898 1302 quod
921 1213 1038 1296 sciam,
1053 1203 1206 1296 advocat,
1220 1207 1253 1278 et
1271 1237 1344 1310 que
1366 1216 1443 1280 citet

371 1341 410 1384 ex
425 1319 502 1400 Pio,
516 1319 569 1383 ills
586 1310 665 1384 sunt
682 1341 722 1384 ex
736 1318 985 1384 Adnotamentis
1001 1319 1064 1399 Pii,
1082 1341 1155 1406 quce
1172 1309 1269 1408 supra
1287 1319 1441 1387 vidimus.

370 1425 498 1490 Mesesii
514 1425 714 1489 mentionem
731 1425 808 1489 feeit
823 1425 858 1488 in
873 1424 1059 1513 prefatione
1075 1425 1118 1490 ad
1132 1426 1284 1490 lectorem
1296 1473 1306 1508 ,
1318 1440 1352 1491 et
1366 1427 1443 1491 elio-

369 1551 445 1592 rum
457 1530 552 1594 etiem
567 1528 799 1616 interpretum:
812 1527 886 1611 sed,
899 1528 1057 1617 superbe,
1070 1528 1153 1593 nihil
1166 1528 1314 1612 illorum,
1326 1547 1442 1620 preter

367 1635 552 1714 jactantiam
565 1633 741 1722 quemdem
752 1632 863 1722 (quod
877 1633 919 1698 ed
932 1635 1022 1699 hune
1035 1629 1166 1722 poetam
1179 1633 1314 1720 attinet)
1325 1635 1366 1700 ad
1380 1659 1441 1701 nos

369 1741 569 1828 pervenisse,
583 1761 650 1804 suee
673 1739 789 1804 mercis
814 1737 948 1827 putidus
970 1741 1119 1823 jactator,
1135 1755 1168 1806 et
1192 1741 1323 1830 ineptus
1341 1739 1442 1822 judex

370 1848 509 1912 eliorum
521 1848 689 1928 laborum,
703 1847 904 1935 pronuntiat.
919 1840 1182 1913 Primae-editioni
1196 1849 1330 1914 Carrion
1340 1847 1442 1940 Scho—

370 1953 412 2018 lia
429 1953 561 2035 adjecit,
573 1975 646 2042 ques
660 1968 694 2018 et
706 1975 767 2018 nos
782 1953 906 2044 integre
918 1955 1025 2018 verbis
1039 1971 1143 2043 poetae
1157 1955 1365 2037 subjecimus.
1379 1955 1443 2020 Sed

371 2081 475 2147 quum
498 2059 614 2124 eodem
638 2059 707 2123 fere
730 2075 877 2148 ternpore
899 2060 1046 2126 Gifenius
1068 2061 1230 2126 emitteret
1247 2062 1443 2126 collectanea

371 2187 429 2230 sus
452 2165 486 2228 in
508 2165 714 2241 Lucretium,
729 2179 762 2229 et
786 2165 821 2228 in
843 2166 906 2230 illis
932 2167 1034 2230 multa
1051 2165 1113 2230 sibi
1131 2167 1273 2231 sublecta
1297 2167 1444 2232 crederet

371 2270 523 2348 Carrion,
536 2272 573 2336 Α.
590 2269 692 2354 1566,
704 2271 837 2335 alteram
851 2263 1029 2336 editionem
1046 2272 1188 2354 curavit,
1202 2273 1322 2337 minori
1335 2273 1443 2337 forma

369 2377 472 2456 in-rn,
484 2377 569 2465 typis
582 2376 803 2442 Plautinianis.
816 2375 855 2440 ln
867 2377 960 2458 eujus
971 2377 1067 2442 etiam
1079 2393 1171 2443 textu
1178 2378 1281 2442 multa
1293 2379 1441 2462 mutavit,

371 2499 405 2547 et
424 2504 524 2548 noves
542 2483 775 2573 Castigationes
794 2483 926 2566 adjecit,
944 2485 978 2549 in
997 2484 1117 2572 quibus
1139 2483 1305 2549 Gifanium
1323 2487 1441 2573 passim

369 2589 581 2655 inclementer
594 2590 730 2678 excipit,
741 2605 774 2654 et
787 2605 825 2653 ut
838 2590 946 2654 solent
954 2589 1065 2654 similis
1079 2590 1189 2654 ferinae
1201 2589 1370 2673 homines,
1383 2613 1441 2656 sua

260 2687 263 2697 λ
370 2691 432 2779 ipsi
444 2690 520 2755 vitia
535 2691 721 2779 exprobrat.
736 2689 802 2755 Hes
819 2689 1055 2780 Castigationes
1072 2713 1132 2755 nos
1148 2690 1284 2754 Scholiis
1301 2691 1370 2771 ejus
1386 2691 1441 2756 ad·

368 2797 516 2877 jecimus,
530 2813 564 2861 et
575 2795 853 2862 intermiscuimus
865 2795 927 2877 its,
941 2810 979 2859 ut
988 2816 1192 2878 careremus,
1205 2818 1248 2860 ne
1263 2796 1374 2861 eedem
1390 2797 1440 2862 bis

371 2902 483 2967 lectori
496 2900 754 2967 obtruderentur
765 2924 773 2966 ι
786 2901 948 2990 promittit
959 2923 1037 2966 vero
1049 2902 1084 2965 in
1098 2901 1160 2966 hae
1171 2901 1285 2966 ultima
1299 2902 1440 2966 editione

371 3008 506 3073 Carrion
526 3008 962 3090 justumeommenterium,
980 3007 1037 3071 sed
1053 3031 1152 3094 quem
1168 3031 1348 3096 numquam
1364 3031 1440 3098 pro-

372 3111 470 3178 diisse
487 3113 606 3198 cred0;
624 3129 709 3178 certe
728 3114 812 3196 ejus,
827 3114 884 3200 qui
900 3113 1065 3195 meminit,
1078 3113 1243 3180 neminem
1260 3115 1348 3179 novi.

413 3219 491 3284 Post
502 3218 689 3284 absolutum
696 3219 763 3298 jam
776 3219 860 3306 typis
872 3217 1056 3299 Valerium,
1068 3219 1204 3284 minoris
1215 3218 1327 3284 forme
1340 3218 1440 3283 editio

369 3327 403 3389 in
424 3349 539 3390 manus
564 3347 652 3395 mens
675 3326 782 3406 venit,
801 3326 997 3415 Rhototnegi
1025 3349 1141 3392 excuse
1165 3332 1203 3393 A.
1232 3329 1334 3409 1612,
1363 3349 1438 3391 cum

369 3433 558 3521 praefatione
571 3433 674 3522 ignoti
687 3431 767 3495 mihi
779 3431 858 3514 viri,
874 3432 930 3520 qui
945 3432 996 3496 his
1010 3435 1096 3497 notis
1112 3457 1233 3498 nomen
1250 3457 1346 3498 suuni
1362 3432 1440 3496 texit

368 3540 407 3601 Α.
422 3537 453 3601 S.
467 3539 493 3602 l.
505 3536 543 3600 V.
556 3537 597 3602 D.
610 3535 773 3624 inscripsit
787 3559 865 3600 vero
878 3537 1009 3625 Spt’rt'tr'rt
1022 3537 1212 3602 Allemendi
1228 3535 1357 3603 Castelli
1368 3539 1441 3601 novi

370 3637 507 3708 Docere
515 3688 525 3721 ,
548 3653 579 3706 et
593 3644 626 3705 irc
642 3637 786 3730 supreme
800 3643 980 3708 Arausiaca.
1001 3643 1099 3708 Curia
1115 3643 1257 3708 Praesidi.
1277 3643 1438 3708 Cerdonis

369 3749 504 3838 vestigia
525 3771 559 3813 se
578 3770 726 3837 premere
748 3747 930 3837 profitetur,
946 3767 980 3813 et
996 3751 1133 3840 margini
1152 3751 1219 3831 ejus
1237 3750 1438 3830 conjectures

371 3873 404 3922 et
424 3857 526 3922 varies
551 3856 721 3939 lectiones,
740 3872 809 3921 non
828 3879 901 3922 raro
924 3859 990 3922 suis
1014 3857 1130 3923 additis
1153 3857 1307 3923 adlevisse
1328 3859 1437 3939 jactat.

371 3965 463 4028 Hanc
484 3988 573 4029 nunc
598 3981 749 4029 excutere
772 3986 839 4027 non
856 3980 966 4046 vacet,
985 3987 1092 4053 neque
1114 3964 1195 4028 tanti
1215 3985 1284 4027 esse
1308 3987 1346 4027 ex
1369 3987 1438 4028 uno

368 4073 419 4136 vel
431 4072 540 4160 aliquo
554 4073 728 4162 specimine
742 4072 870 4161 colligo.
882 4075 932 4139 An
946 4073 1041 4137 lateat
1053 4070 1193 4136 Andreas
1208 4071 1362 4136 Schottus
1376 4071 1437 4135 du·

369 4179 450 4243 bito.
465 4181 558 4243 Certe
572 4180 705 4244 ultimus
719 4180 880 4245 Cerrionis
893 4180 1125 4269 Castigationes
1141 4179 1235 4266 1617,
1248 4179 1345 4245 simul
1361 4201 1436 4243 curn

368 4284 529 4353 Laurentii
544 4285 631 4350 Balbi
647 4285 744 4370 notis,
754 4301 787 4351 et
802 4286 867 4351 suis
880 4285 1025 4351 Andreas
1039 4282 1190 4350 Schottus
1202 4285 1298 4366 jussit
1311 4283 1363 4350 edi
1378 4287 1440 4349 Co·
