3116 5102
361 523 758 591 ARGONAUTICON
788 525 873 592 LlB.
899 525 938 591 V.
1122 527 1186 594 363

162 653 360 718 Distnlerant
372 653 429 718 sed
441 654 524 719 bella
537 669 643 720 toros:
660 670 731 718 tum
746 654 901 720 Phrontis
915 671 950 720 et
962 655 1068 744 Argus

161 767 314 851 AEolidae‚
330 769 494 858 fraterque
510 769 628 851 Melas,
647 791 729 857 quos
742 769 865 836 advena
878 771 1027 860 Phryxus

160 883 357 973 Progenuit,
372 885 556 974 pariterque
569 885 632 949 levi
644 885 810 972 Cytisorus
825 887 859 948 in
872 885 971 950 hasta.

158 999 238 1063 Post
250 999 322 1082 alii,
339 1022 421 1087 quos
433 1000 597 1088 precipuo
611 999 736 1064 Titania
752 1001 847 1064 tellus

157 1113 249 1203 Legit
261 1114 388 1178 honore
403 1114 531 1194 Patres,
550 1113 695 1201 motique
714 1111 875 1200 adpraelia
888 1136 990 1203 reges.
1146 1132 1185 1180 t⁶⁵

198 1227 366 1294 Admonet
375 1228 429 1292 hie
439 1228 565 1310 socios,
582 1228 802 1316 nebulamque
813 1231 955 1317 erumpit
966 1229 1082 1313 lason,

153 1341 274 1407 Sideris
291 1365 348 1407 ora
361 1345 485 1426 l'erens3
502 1366 588 1407 nova
604 1343 661 1406 lux
679 1341 785 1406 offusa
798 1343 927 1431 Cytaeis.

153 1459 384 1540 Conveniunt,
396 1460 603 1548 rogitantque
614 1460 719 1540 viros,
730 1459 957 1548 rogitantque,
970 1460 1050 1548 quid
1066 1462 1155 1544 ausi,

152 1572 284 1656 Quidve
299 1575 415 1639 ferant.
435 1573 611 1661 Postquam
630 1574 742 1661 primis
759 1575 918 1639 inhiantia
934 1575 1029 1640 dictis

150 1691 307 1779 Agmina,
325 1711 603 1778 suppressumque
619 1687 707 1753 videt
720 1689 787 1769 jam
803 1712 953 1754 murmur
971 1692 1085 1774 lason,
1143 1714 1184 1763 ιη.

151 1805 241 1870 Talia
253 1805 383 1868 miranti
397 1804 532 1892 propius
546 1804 621 1869 tulit
634 1825 707 1868 orsa
722 1819 881 1892 tyranno:

150 1951 162 1974 «
176 1921 247 1984 Rex
260 1917 503 2008 Hyperionide,
521 1941 620 2006 quem
637 1941 697 2006 per
711 1920 792 1982 l'reta
809 1935 897 1984 tanta
910 1921 1094 2008 petundum

150 2032 323 2114 Caelicolae,
341 2049 374 2096 et
388 2033 492 2121 prima
511 2031 646 2122 dignum
663 2049 804 2098 statuere
822 2035 947 2114 catina,

136 2255 190 2311 661.
207 2255 254 2302 Sed
263 2254 360 2302 bellator
369 2266 449 2302 ntum.
460 2255 523 2302 Male
538 2254 655 2302 diatinetie
667 2254 746 2302 veihis
762 2263 789 2301 ut
800 2271 861 2317 sape
872 2256 947 2303 Vitio.
959 2255 1012 2302 cod.
1023 2257 1070 2302 Sed
1081 2255 1178 2305 bellator

105 2345 159 2382 tam.
172 2337 262 2381 Bonum
274 2335 328 2381 cod.
337 2337 428 2381 Botion
440 2337 459 2381 1.
470 2338 536 2381 lunt.
550 2335 597 2380 Sed
606 2333 665 2380 bello
676 2335 779 2396 Cytorus.
793 2335 883 2381 Botion.
900 2335 931 2380 ll.
949 2336 995 2381 Sed
1004 2335 1063 2381 bella
1076 2339 1176 2398 Cytorio.

1 2424 2 2427 ’
104 2415 191 2461 Mater.
203 2428 256 2460 eum
269 2414 318 2460 Pio.
328 2415 374 2460 Sed
383 2413 444 2460 belle
461 2423 537 2459 torum
547 2423 602 2458 tarn.
613 2413 667 2459 ttd.
677 2415 777 2475 lingent.
794 2439 824 2448 -
840 2413 894 2468 462.
904 2414 1074 2462 AEolioe.Vatic.
1084 2417 1175 2464 Boron

103 2493 174 2539 codd.
184 2492 405 2548 Βοηοη.1.-464.
415 2493 551 2555 Pmmpuos.
561 2493 625 2539 Cart.
635 2517 666 2527 —
674 2493 728 2547 465.
738 2495 822 2540 Patris.
830 2528 835 2540 .
842 2495 994 2556 .regr's.Vatie.
1003 2497 1093 2542 Bonan.
1104 2497 1175 2543 codd.

103 2573 195 2618 Βοηοιι.
207 2572 252 2619 let
263 2573 292 2617 ll.
300 2573 365 2617 lunt.
376 2573 462 2618 Mirer.
475 2573 545 2619 Pares
555 2573 667 2635 movitque
677 2571 794 2634 adpnoelia
804 2575 872 2635 regis.
883 2574 935 2621 hld.
947 2575 1029 2621 Patres
1036 2560 1136 2639 motique
1145 2577 1178 2622 ed

98 2649 183 2711 pretia
200 2653 266 2712 mgis.
281 2652 381 2712 Rogant.
400 2676 431 2685 -
449 2649 502 2706 466.
523 2649 658 2713 Nebulaque
673 2653 777 2712 erumpit.
790 2653 857 2698 Cirr.
876 2679 907 2687 —
923 2651 976 2714 467.
993 2655 1087 2715 Effusa.
1099 2655 1175 2702 Vatic.

102 2731 193 2776 Βουοη.
207 2730 277 2778 codd.
293 2740 317 2777 ct
332 2731 386 2776 edd.
402 2739 457 2776 aute
471 2729 549 2776 Heius.
565 2729 657 2792 Offusa.
670 2730 775 2776 Gronov.
788 2730 857 2778 Obae.
868 2731 909 2786 tv,
924 2745 961 2777 at.
974 2731 1073 2793 Effultit
1085 2734 1173 2781 Ithaeis.

102 2811 169 2856 Cart.
179 2810 232 2858 eod.
245 2836 275 2846 —
284 2817 337 2870 472.
350 2808 485 2856 Parendum.
490 2808 564 2855 Vatic.
574 2808 626 2856 cod.
638 2818 662 2856 et
671 2809 735 2856 cnr.
745 2809 788 2855 En.

136 3010 200 3069 461.
212 3012 271 3059 ihm
284 3009 395 3058 Phrontis
409 3022 432 3058 et
444 3011 528 3076 Argus
538 3009 616 3058 AEoti.
640 3013 644 3024 “
659 3005 758 3077 templo
783 3005 851 3061 Solis
874 3006 1060 3076 congregatis,
1085 3026 1172 3062 novun

100 3089 382 3156 doe,sraterqueide1as
394 3101 417 3138 et
429 3088 617 3156 &tironenfilii
658 3097 746 3139 tamen
763 3084 888 3156 splendor
898 3086 1036 3138 accersitae
1047 3084 1167 3140 videtur:

100 3168 195 3230 Phryxi
214 3187 229 3221 e
254 3167 397 3235 Chalciope
423 3167 555 3239 succepti,
578 3166 614 3219 ad
657 3165 786 3218 audacius
800 3163 916 3218 dictum!

98 3243 208 3298 AEolum
225 3265 308 3318 genus
323 3244 614 3300 relerentemideTa-
692 3247 754 3310 468.
781 3247 944 3305 Conveniunt,
969 3246 1096 3313 rogitant,
1123 3243 1171 3298 ite·

98 3321 155 3374 but.
167 3327 304 3398 genealog.
314 3326 337 3379 I.
656 3344 718 3404 pum
728 3326 878 3398 iterumque
889 3323 1039 3394 exquirunt.

135 3405 198 3465 464.
209 3411 265 3457 Post
277 3409 334 3468 olii,
347 3426 407 3474 quos
419 3408 517 3458 attunt:
528 3410 611 3469 tellus,
692 3407 753 3472 469.
764 3412 895 3472 Postquam
900 3406 987 3473 primis
996 3406 1066 3454 dictis
1073 3405 1172 3454 inhian-

96 3479 152 3533 Soli
162 3481 265 3549 dicata,
286 3485 409 3548 Colchis,
427 3489 554 3554 praecipuo
568 3489 612 3538 Ιιο-
655 3486 689 3535 tio
698 3488 811 3553 agndae,
820 3482 974 3556 i.e.cupide
980 3481 1170 3554 exspectantia,

97 3579 158 3614 nore
166 3567 610 3632 Patres,aenatoreedegeratflnoti·
655 3563 1167 3635 quidnamdicturueeeaeulasonvidet,

96 3655 159 3703 que,
183 3641 304 3706 excitati,
326 3646 364 3711 od
381 3642 506 3696 instantia
523 3647 610 3711 prelia
649 3647 750 3713 propius
761 3648 926 3709 mlittrranno
938 3646 1112 3696 inirantiorsa.
1124 3641 1168 3695 sic

95 3719 285 3785 regendum.
655 3721 1061 3790 ordinea,velim,verba,hoc
1071 3739 1168 3776 acuam

131 3801 193 3858 666.
204 3803 328 3854 Admonet
335 3803 474 3862 hiesocios,
487 3804 611 3854 nebulam·
655 3803 762 3874 propiue
777 3801 907 3857 accedeus
926 3801 982 3855 hee
1001 3802 1083 3854 verba
1105 3801 1168 3856 lacit

94 3893 143 3940 que
153 3878 227 3945 (noli
242 3879 380 3932 mutarein
390 3882 495 3942 nebula,
510 3893 611 3934 namet
655 3881 691 3934 ad
713 3899 821 3954 regem,
845 3879 933 3934 audax
953 3881 1058 3936 lacinus
1080 3880 1166 3936 admi·

93 3950 146 4004 ulia
165 3956 294 4026 ejusmodi
312 3959 408 4024 veiha,
430 3962 516 4021 exire,
533 3979 609 4012 eece·
654 3972 764 4015 nantem.

93 4033 165 4092 dm,
186 4047 237 4090 etc.
261 4049 288 4092 et
308 4050 434 4110 quartum
458 4051 485 4091 et
507 4049 608 4092 tentum
689 4043 812 4114 ⁴7²·519·
822 4041 915 4094 Oratio
924 4041 981 4112 ipsa
993 4039 1099 4094 tasonis
1110 4058 1166 4092 mo·

92 4107 245 4168 adsciscunt
263 4135 354 4170 carum
364 4121 374 4187 )
384 4122 500 4188 enempit,
521 4122 608 4172 sideris
652 4120 762 4175 dentiam
771 4121 865 4174 miscet
874 4120 1007 4192 gravitati.
1020 4125 1075 4172 lieo
1084 4125 1165 4188 Hype-

92 4208 138 4240 ora
145 4194 251 4259 fimas,
266 4198 465 4269 pulchritudine
479 4199 606 4270 insigniat
652 4203 760 4259 dorida,
772 4201 811 4254 lili
825 4201 907 4265 Solia,
916 4220 987 4271 quem
1000 4212 1025 4252 et
1039 4200 1089 4271 ipsi
1100 4203 1167 4250 carli·

92 4289 158 4324 novo
170 4277 217 4327 lun
226 4278 308 4344 ssusa
322 4282 422 4342 t'yteein
438 4279 563 4344 Colchis,
577 4279 606 4334 in
651 4284 721 4341 coloe,
732 4279 782 4346 dii,
791 4285 893 4349 dignum
903 4280 1032 4346 habuere,
1040 4279 1073 4331 ad
1085 4296 1165 4350 quem
