3192 5128
258 489 298 556 P.
326 487 574 561 BURMANNI
599 487 834 559 PRAEFATlO
859 487 1084 558 SECUNDA.
1124 511 1206 557 cxix

123 617 168 682 de
186 615 322 682 Valerio
341 633 455 685 nostro
476 616 572 682 edam
588 615 777 685 disseruisse
796 615 934 696 dicitur,
954 615 1012 680 sed
1030 616 1110 704 quid
1129 639 1206 682 een·

14 765 16 820 ζ
124 725 255 806 suerit,
269 747 338 788 uon
352 722 461 805 addit,
479 722 620 810 ideoque
640 721 681 786 de
700 720 769 800 ejus
788 722 947 786 sententia
966 723 1047 787 nihil
1061 740 1205 788 mussat:

14 863 15 870 Ι
127 828 188 893 sed
208 849 318 916 nuper
337 827 452 890 Petrus
469 825 640 890 Marcellus
661 823 876 906 Corradinus,
897 827 924 890 l.
948 825 985 890 C.
1005 827 1151 910 Setinus,
1172 831 1206 891 in

128 935 219 999 libro
245 933 288 998 de
308 933 443 997 Ciuitate
460 947 493 995 et
508 932 649 996 Ecclesia
667 930 796 1012 Setina,
813 931 849 994 A.
871 953 952 1018 1702
973 934 1084 998 Romae
1099 933 1206 1016 edito,

14 1047 15 1076 t
132 1063 204 1129 (ηρ,
225 1063 237 1103 1
252 1061 347 1129 ‚pag.
361 1063 391 1126 7,
411 1037 504 1102 Setiae
518 1037 656 1101 asseruit
670 1035 831 1100 Valeriam
848 1035 1016 1119 familiam,
1033 1055 1066 1103 et
1079 1057 1209 1127 poetam

133 1163 311 1227 nostrum3
328 1166 395 1210 non
415 1143 478 1210 alio
498 1159 711 1232 argumento,
734 1142 796 1206 nisi
813 1141 903 1229 quod
921 1144 1116 1211 recentiores
1133 1147 1212 1216 scn’-

135 1267 267 1340 ptores,
287 1275 371 1340 quos
389 1273 507 1340 magno
524 1270 662 1312 numero
683 1264 849 1330 recenset,
868 1271 944 1314 eum
961 1249 1108 1320 Setinum
1124 1253 1209 1319 fece·

136 1359 225 1422 rint:
247 1357 340 1446 quod
352 1379 429 1420 vero
442 1355 592 1423 alumnus
607 1355 766 1442 Agenorei
785 1352 864 1420 laris
881 1377 900 1418 a
918 1355 1058 1424 Martiali
1074 1355 1212 1439 dicatttr,

38 1457 40 1470 '
137 1463 202 1528 hoc
215 1485 284 1528 nou
296 1460 338 1527 ad
354 1461 492 1541 natales,
506 1457 564 1524 sed
579 1457 620 1525 ad
633 1459 731 1541 lares,
745 1459 796 1550 vel
811 1457 903 1522 sedes
918 1474 950 1522 et
962 1459 1212 1546 habitationem,

137 1570 188 1632 rel
201 1566 295 1656 quod
309 1567 355 1637 ibi
369 1565 511 1636 nutritus
523 1565 565 1629 sit
577 1563 589 1651 (
597 1562 688 1652 quod
701 1585 719 1626 a
730 1563 846 1627 Vossio
863 1579 895 1626 et
911 1563 998 1646 aliis,
1017 1565 1075 1653 qui
1091 1582 1212 1632 temere

138 1675 208 1740 baec
216 1675 442 1762 arripuerunt,
454 1670 594 1758 hausit),
607 1692 677 1734 esse
688 1668 907 1734 referendum.
923 1669 987 1734 Sed
998 1687 1212 1760 praeterquam

140 1781 231 1870 quod
247 1781 311 1845 alio
329 1782 418 1862 loco,
435 1794 473 1843 ut
488 1778 642 1845 Heinsius
659 1775 816 1858 ostendit,
828 1775 981 1843 Martialis
993 1781 1111 1842 censen
1120 1779 1213 1844 tellu-

139 1912 205 1952 nem
223 1890 374 1975 Aponam
390 1885 508 1955 Flacca
528 1883 630 1961 dicat,
649 1883 676 1948 si
696 1883 762 1946 vim
782 1882 870 1948 vocis
889 1883 1015 1951 alumni
1027 1883 1213 1954 cousidere-

141 2017 234 2076 mus,
252 1994 307 2060 illa
327 1992 458 2081 proprie
476 1990 516 2054 de
535 1988 715 2054 infantibus
729 2011 841 2052 recens
855 1988 956 2070 natis,
973 1989 1030 2076 qui
1041 1989 1082 2056 ali
1093 1989 1215 2055 debent

140 2101 244 2166 aliena
260 2121 341 2187 ope,
360 2096 491 2177 dicitur,
508 2117 576 2161 non
597 2093 638 2158 de
655 2094 735 2175 illis,
754 2093 812 2181 qui
828 2092 938 2175 sedes,
956 2109 989 2157 et
1000 2094 1081 2161 lares
1093 2094 1126 2168 in
1138 2095 1213 2162 alias

140 2207 241 2270 urbes
252 2202 462 2269 transferunt.
475 2201 516 2264 Et
529 2199 607 2264 hinc
620 2198 744 2264 alumni
754 2213 787 2261 et
796 2195 953 2279 alumnae,
966 2198 1091 2264 ratione
1107 2201 1215 2264 nutti-

141 2335 236 2392 cum,
250 2311 370 2398 passim
383 2308 521 2376 infantes
533 2321 721 2374 occurrunt.
735 2305 786 2370 Sic
798 2304 885 2369 idem
895 2305 1128 2386 Martialis,lib.
1137 2307 1214 2390 XII,

144 2419 243 2508 epigr.
257 2418 322 2500 60,
344 2416 482 2483 natalem
503 2435 619 2494 snum,
641 2413 699 2501 qui
715 2411 828 2476 incidit
844 2411 877 2475 iu
890 2410 1051 2479 Kalendas
1062 2412 1214 2498 Martias,

143 2540 239 2588 vorat
256 2522 372 2588 Martis
394 2521 559 2597 annuum
578 2518 661 2588 dnm
673 2543 685 2582 :
698 2529 811 2584 natam
829 2533 862 2582 ct
878 2517 1046 2582 alumnam
1061 2533 1099 2582 ut
1116 2541 1215 2607 syno-

145 2651 244 2718 nyma
260 2627 355 2718 ponit
369 2625 486 2696 eodem
501 2625 603 2706 libro,
622 2625 724 2713 epigr.
739 2645 776 2688 21
794 2646 802 2688 :

288 2799 370 2853 Nulla
380 2817 430 2851 nec
441 2798 468 2851 in
478 2797 567 2851 media
577 2796 689 2850 certabit
701 2806 763 2850 nata
776 2796 879 2850 Subura
889 2833 897 2858 ,

323 2889 380 2942 Nec
391 2885 534 2958 Capitolini
544 2885 619 2938 collis
629 2885 737 2938 alumna
747 2883 802 2936 tibi.

145 3062 211 3127 Ubi
228 3083 296 3126 non
311 3076 362 3126 est
377 3061 452 3126 alibi
470 3075 562 3141 nata,
577 3081 649 3146 quoe
664 3059 699 3122 in
712 3056 933 3146 Capitolinum
952 3057 1068 3122 collem
1084 3056 1218 3122 domici·

144 3170 228 3236 lium
251 3168 436 3244 transtulit,
456 3165 514 3232 sed
531 3165 577 3230 ihi
595 3166 703 3255 genita
719 3181 786 3246 est,
805 3181 838 3230 et
857 3165 891 3228 in
912 3164 980 3252 ipsa
995 3165 1077 3229 urhe
1092 3165 1215 3230 Roma:

145 3275 194 3340 sic
206 3274 446 3363 metaphorice,
459 3273 515 3338 lib.
530 3272 586 3354 lV,
600 3272 700 3362 epigr.
715 3293 754 3358 19
765 3288 878 3354 ,vocat
894 3269 1102 3352 endromida,
1118 3271 1219 3336 alum-

145 3403 223 3444 nam
238 3381 424 3469 Sequanicae
436 3380 591 3460 textricis,
607 3378 682 3466 quia
698 3378 733 3440 in
745 3377 902 3465 Sequanis
916 3394 984 3442 erat
995 3400 1013 3440 a
1025 3376 1159 3441 muliere
1171 3377 1217 3441 ihi

146 3503 222 3552 nata
232 3487 390 3556 conlecta.
400 3485 510 3576 Virgil.
527 3483 568 3549 de
581 3485 751 3567 Marcello,
765 3486 876 3547 Romae
888 3499 976 3566 nato,
984 3483 1124 3566 AEn.Vl,
1136 3484 1217 3571 877:

514 3653 569 3706 Nec
578 3651 694 3705 Romula
704 3650 840 3722 mondum

180 3787 183 3792 .
292 3740 356 3794 Ullo
369 3759 397 3794 se
410 3750 516 3793 tantum
526 3740 603 3793 tellus
610 3741 722 3814 jactabit
731 3740 849 3792 alumno.

146 3923 288 3989 Ovidius
309 3923 351 3988 de
371 3923 449 3988 love
465 3923 500 3985 in
518 3923 613 3987 Creta
631 3937 725 4002 nato,
743 3923 814 3984 Am.
831 3919 900 3999 ΙΙΙ,
919 3941 956 3998 x,
974 3915 1033 3982 23:
1051 3920 1134 3982 testis
1146 3915 1220 3980 lau·

144 4031 249 4095 datto
267 4027 407 4094 alamno.
432 4029 607 4109 Horatius,
629 4028 684 4093 lib.
701 4028 767 4108 Ill,
789 4026 851 4091 Od.
873 4025 931 4106 18,
952 4047 992 4087 ex
1010 4022 1128 4087 veriori
1145 4045 1220 4086 sen·

146 4137 250 4203 tentia
268 4135 449 4201 scholiastae
470 4152 502 4200 et
524 4134 757 4224 interpretum,
777 4134 859 4197 ruris
878 4132 1022 4196 alumnos
1039 4144 1134 4193 vocat
1147 4117 1219 4190 ver-⁸

144 4245 260 4328 nulas,
281 4261 375 4309 natos
394 4244 428 4307 in
447 4267 522 4307 rure
535 4243 609 4308 illo:
629 4259 666 4307 ut
682 4259 714 4306 et
731 4241 835 4306 dulces
849 4239 1012 4322 altaunos,
1029 4235 1091 4301 Od.
1109 4233 1169 4317 233
1187 4250 1220 4298 et
1293 4315 1294 4318 Ἴ
