3192 5128
367 569 1440 604 mmmmmmfflfflmm

619 779 875 850 LUDOVICI
902 781 1189 854 CARRIONIS

527 989 917 1098 PRAEFATIO
971 994 1294 1120 ALTERA,

707 1227 896 1268 rnrrronrs
924 1230 1011 1269 ιιιιιι
1036 1211 1110 1270 1566
1144 1223 1149 1234 '

436 1420 493 1465 Al)¹
509 1417 687 1485 nomnen,
708 1419 925 1470 omnosunt
949 1422 993 1468 ΕΤ
1018 1421 1209 1470 Ennomon
1235 1423 1372 1490 VlRUM,

574 1575 813 1645 mennon
842 1539 1134 1688 usnemun,
1158 1599 1234 1648 sic.

688 1757 731 1814 IN
755 1757 785 1813 C.
804 1757 889 1811 VAL.
914 1757 1120 1813 FLACCUM.

656 1957 1162 1997 ψ

373 2104 424 2210 Sr
440 2164 555 2207 eorum
570 2143 776 2227 institutum,
794 2146 851 2232 qui
866 2144 918 2210 vel
934 2145 1043 2228 factis,
1056 2145 1107 2209 vel
1123 2145 1266 2210 consiliis
1283 2147 1349 2210 suis
1363 2168 1442 2234 ope·

371 2270 440 2312 ram
452 2249 589 2338 reipubl.
599 2266 750 2340 gnorent,
761 2273 830 2315 non
839 2252 988 2340 praesenti
1002 2266 1129 2317 tannim
1143 2252 1261 2341 gloria,
1274 2252 1332 2316 sed
1345 2253 1442 2316 etiam
1463 2254 1467 2262 '

370 2357 564 2442 posteritatis
584 2357 740 2422 memoria
762 2359 966 2441 celebraturq
984 2375 1032 2424 est
1048 2359 1217 2448 profecto,
1233 2359 1280 2422 mi
1296 2359 1443 2438 Pameli,

372 2483 432 2525 our
449 2478 481 2526 te
493 2479 611 2552 praeter
630 2479 762 2529 caeteros
786 2464 995 2549 admiremur,
1012 2466 1069 2554 qui
1092 2465 1125 2529 in
1149 2481 1288 2553 utraque
1308 2465 1370 2529 hac
1389 2488 1443 2529 ra-

373 2569 461 2633 tione
484 2569 531 2635 sic
552 2571 587 2634 in
604 2571 731 2661 republ.
746 2589 857 2638 nostra
873 2573 1030 2664 Brugensi
1044 2595 1077 2636 es
1095 2587 1258 2654 versatus,
1276 2587 1314 2636 ut
1335 2594 1444 2659 neque

371 2676 496 2762 privata
512 2693 569 2740 tua
584 2699 684 2766 opera
705 2677 849 2761 civibus,
873 2701 942 2743 non
958 2677 1103 2743 officium
1124 2678 1253 2758 amicis,
1274 2698 1342 2741 non
1362 2683 1444 2741 oon-

372 2781 479 2846 silium
488 2785 597 2872 patriae
611 2783 752 2848 defuerit
764 2808 772 2849 ι
786 2809 858 2874 quae
874 2785 1009 2873 quidem
1027 2807 1045 2849 a
1060 2801 1092 2848 te
1109 2785 1224 2848 merita
1240 2783 1305 2863 jam
1324 2785 1369 2848 ita
1386 2784 1445 2848 ha·

371 2886 427 2953 bct
443 2891 563 2971 multa,
575 2906 630 2972 ut,
645 2912 748 2978 quum
765 2889 993 2979 sapientissimi
1008 2889 1068 2952 viri
1080 2888 1312 2971 judicaverint,
1333 2890 1444 2979 patriae
1487 2931 1489 2936 -

373 3012 406 3059 et
423 2998 633 3085 parentibus,
651 2997 771 3086 quibus
792 2999 859 3063 nati
877 3019 1011 3079 sumus,
1030 2997 1121 3060 nullo
1145 3019 1206 3061 nos
1228 2995 1328 3061 modo
1352 2997 1445 3060 satis·

373 3101 478 3167 facere
487 3125 597 3192 posse,
609 3119 718 3168 tamen
732 3105 797 3169 hoc
808 3127 884 3169 vere
895 3104 976 3168 mihi
988 3102 1098 3169 videar
1109 3101 1268 3184 dicturus,
1281 3103 1444 3190 rempubl.

374 3223 464 3272 tunm
486 3208 604 3274 habere
620 3231 638 3272 a
656 3227 708 3292 te,
728 3210 756 3275 si
781 3233 849 3274 non
873 3210 1064 3298 plusquam
1086 3207 1234 3273 debitum
1251 3209 1292 3272 sit
1309 3207 1445 3296 (vereor

374 3313 461 3378 enim
477 3330 516 3377 ut
530 3315 595 3379 hoc
611 3315 685 3378 satis
703 3315 774 3403 pie,
788 3315 848 3379 etsi
864 3337 939 3378 vere
957 3314 1079 3402 possim
1097 3312 1246 3402 dicere),
1262 3314 1335 3402 plus
1358 3329 1445 3376 certe

374 3440 472 3506 quam
490 3420 689 3508 postulatum
703 3420 753 3484 sit.
769 3420 869 3500 Nam,
881 3435 920 3483 ut
937 3418 1086 3483 omittam
1104 3417 1145 3482 dc
1162 3419 1293 3506 reliquis
1312 3417 1444 3506 privatis

372 3525 578 3616 publicisque
594 3527 716 3591 meritis
731 3527 795 3590 tuis
812 3525 990 3607 recordari,
1000 3525 1082 3612 quid
1096 3525 1132 3588 in
1147 3525 1209 3589 hac
1224 3523 1349 3588 afflictae
1364 3525 1444 3612 reip.

374 3629 564 3697 Christisnae
578 3634 686 3717 ruina,
701 3648 808 3697 autre
824 3632 954 3713 utilius,
968 3630 1079 3695 autad
1097 3631 1287 3695 memoriam
1304 3629 1444 3719 gratius,

373 3737 483 3825 patriae
502 3755 567 3802 tuae
583 3755 734 3828 praestare
750 3738 903 3828 potuisti,
919 3736 1027 3802 studio
1040 3737 1096 3802 iilo
1110 3753 1187 3820 tuo,
1201 3734 1291 3824 quod
1307 3736 1341 3797 in
1357 3748 1445 3797 vete·
1466 3791 1470 3800 f

373 3863 447 3906 rum
460 3844 692 3935 theologorum
706 3844 931 3911 monumentis
948 3841 1189 3932 conquirendis,
1208 3859 1240 3906 et
1255 3840 1444 3930 conquisitis

374 3947 526 4033 edendis,
545 3953 666 4017 multos
680 3952 746 4032 jam
763 3953 883 4017 abhinc
899 3973 1001 4016 annos
1016 3964 1202 4015 constanter
1214 3947 1326 4036 ponis;
1348 3963 1445 4034 atque

373 4055 417 4119 ita
435 4057 551 4143 ponis,
576 4074 615 4122 ut
637 4080 744 4148 neque
769 4075 980 4149 sumptuum,
1005 4079 1087 4145 quos
1112 4058 1148 4120 in
1171 4055 1255 4120 hanc
1277 4075 1346 4117 rem
1367 4051 1445 4118 facis

373 4161 571 4244 immensos,
588 4185 695 4253 neque
713 4165 852 4247 laboris,
874 4187 973 4253 quem
989 4163 1124 4251 suscipis
1141 4183 1243 4251 prope
1257 4157 1445 4239 infinitum,

374 4269 532 4335 rationem
553 4271 652 4336 ullam
671 4271 789 4336 habeas
805 4287 861 4336 aut
881 4270 1029 4336 modurn.
1047 4271 1087 4333 In
1105 4292 1171 4357 quo
1195 4284 1252 4331 tuo
1274 4283 1339 4330 tarn
1362 4287 1444 4354 prse-
