3196 5120
394 535 456 600 166
490 535 543 599 ΙΝ
572 535 658 599 Llss.
683 532 949 600 SECUNDUM
978 537 1367 606 ARGONAUTICON

389 651 477 715 Quam
489 648 590 721 perlida
604 660 642 702 ert
650 648 707 704 brec
719 651 894 706 miserationis
908 653 1057 719 simulatio,
1067 665 1180 727 aptaque
1193 652 1228 708 ad
1238 667 1385 711 maternam
1397 659 1453 732 pie-

389 744 470 786 tatem
491 746 554 786 aeatu
572 734 689 787 fanatico
708 733 940 806 instingueudaml

400 877 404 882 ·
423 863 460 914 V.
482 862 545 915 158.
562 865 611 913 Sed
619 882 658 914 me
673 883 769 931 quoque
778 866 875 932 pulsam
896 867 973 914 Fatua
993 864 1059 915 uiro.
1070 861 1160 916 -‘llle
1174 863 1250 917 locut
1263 883 1307 917 me
1316 864 1454 920 admonuit

388 945 468 1018 hujue
481 944 586 1018 Virgilii
602 961 692 998 verena
701 987 709 1012 ‚
719 949 779 998 AEn.
795 947 854 1008 ΙΙΙ,
865 948 913 1009 317
929 963 936 997 :

527 1048 593 1094 Heu!
611 1047 663 1108 quia
675 1057 696 1094 te
709 1063 776 1094 catus
790 1048 904 1109 dejectam
917 1047 1019 1108 conjugo
1031 1055 1098 1093 tauto

526 1119 636 1182 Excipit?

387 1225 474 1290 Quem
488 1223 584 1296 gallica
600 1222 811 1296 interpretatione
824 1223 926 1296 egregie
947 1223 1072 1296 expressit
1088 1224 1202 1278 lacobus
1220 1229 1330 1289 Deliller

524 1332 584 1378 Maio
594 1347 666 1384 veut,
679 1330 709 1377 ‹le
722 1345 749 1378 ee
760 1331 817 1377 baut
827 1345 886 1392 rang
898 1332 929 1378 de
937 1330 1041 1394 l'epouae
1053 1331 1177 1390 d'llector,

524 1409 545 1454 Δ
556 1407 635 1468 quelle
645 1406 741 1452 hamele
752 1405 847 1452 fortune
856 1407 972 1454 flea-roua
980 1407 1131 1454 duceaduci

386 1512 442 1566 Nec
451 1510 539 1564 minua
552 1511 673 1574 feliciter,
683 1510 746 1583 quia
756 1510 872 1575 brevius,
883 1510 950 1564 alter
958 1510 1063 1583 Virgilii
1076 1511 1223 1584 interpres,
1238 1515 1351 1574 Gustum

525 1617 572 1676 Qui
583 1634 640 1664 rour
653 1633 666 1664 a
681 1617 724 1664 fait
733 1617 829 1665 dichoir
839 1618 895 1665 d'uu
904 1617 924 1665 ai
933 1618 1008 1680 grand
1018 1619 1149 1679 hyminie?

421 1743 457 1796 V.
479 1743 538 1797 185.
556 1745 691 1812 Proecipites
709 1747 817 1796 excussit
834 1747 866 1796 ab
884 1747 955 1796 ubere
972 1758 1054 1798 natos.
1067 1775 1103 1785 -
1115 1741 1187 1809 Quid
1202 1743 1384 1798 vehementius
1399 1744 1451 1798 hoc

387 1826 478 1878 matris
494 1835 567 1896 geatu
584 1823 698 1878 infantes
709 1827 742 1878 ab
757 1827 838 1878 ubere
850 1825 1126 1897 extorquentieiQuid
1139 1828 1167 1880 iu
1181 1826 1291 1897 vulgum
1300 1829 1451 1899 potentius,

386 1921 417 1962 ut
435 1909 517 1962 animi
536 1910 575 1962 rei
595 1909 731 1963 atrocitate
748 1911 882 1982 perculsi,
898 1910 1014 1964 fanatica
1034 1911 1130 1984 pietate
1147 1911 1312 1966 efferantur?
1329 1913 1384 1966 Nec
1401 1914 1451 1964 im·

387 1995 483 2047 merito
503 2004 596 2046 auctor
615 1992 721 2066 adjicit,
737 2013 762 2045 v.
781 1997 853 2046 186:

527 2095 593 2142 Ilicet
600 2105 695 2142 arrectae
704 2104 808 2148 mentes,
824 2094 944 2156 eriemque
956 2103 1057 2141 mimum
1102 2089 1104 2101 '

526 2171 604 2216 Corda
614 2185 680 2216 sacer
688 2169 785 2215 Veneris
794 2169 893 2229 gemitus
904 2167 973 2230 rapit.

385 2267 477 2320 Matris
493 2286 543 2320 vox
554 2305 563 2331 ,
576 2267 731 2320 humanitus
744 2266 852 2338 quidem
866 2266 1020 2334 clamantia,
1032 2267 1152 2320 outniuut
1165 2278 1279 2320 matrum
1294 2265 1376 2320 eorde
1389 2285 1450 2340 per·

386 2352 529 2414 sonuisset3
544 2349 609 2423 quid
627 2370 682 2403 non
702 2349 758 2404 deae
780 2352 891 2416 clamor,
909 2371 982 2403 sacer
1000 2355 1101 2402 Veneris
1117 2355 1249 2420 gemitus?
1270 2352 1330 2404 Nou
1349 2363 1451 2423 poterat

385 2434 451 2505 fingi
470 2432 632 2504 probabilior
646 2452 745 2498 cauta,
763 2453 811 2486 cur
827 2433 999 2488 Lemniorum
1009 2445 1125 2488 mentem
1136 2436 1211 2488 furor
1229 2446 1284 2488 tatu
1301 2433 1375 2500 dirus
1388 2436 1449 2490 elie·

386 2529 480 2582 uaret;
494 2511 547 2570 non
561 2515 729 2570 verisimilius
747 2515 817 2570 effici
831 2517 952 2581 facinus,
969 2528 1025 2570 tarn
1040 2517 1170 2572 absonum
1183 2517 1257 2572 fidei.

419 2664 457 2717 V.
473 2679 520 2731 192
528 2697 605 2715 .....
621 2662 718 2730 Infirmi
734 2665 815 2730 qualis
834 2664 877 2712 rub
896 2675 965 2712 nocte
983 2663 1093 2713 emathii

525 2749 637 2800 Aecum
656 2748 782 2796 attonitum
797 2747 925 2813 Phlegyan
947 2759 972 2796 et
989 2747 1084 2796 Thesea
1094 2747 1174 2813 juxta

527 2831 670 2896 Tisiphone,
689 2847 815 2895 serosque
831 2830 907 2896 dapes
921 2841 944 2879 et
957 2831 1049 2896 pocula
1067 2830 1128 2879 tttar

530 2913 669 2976 (romenei
684 2916 778 2978 gentis)
785 2948 794 2972 ,
809 2925 832 2961 et
844 2913 922 2979 nigris
941 2913 1093 2978 amplectitur
1103 2914 1198 2976 hydris.

384 3020 482 3072 Auctor
492 3037 555 3073 usur
564 3029 603 3072 eet
613 3020 809 3090 comparatione
821 3017 947 3081 terribili,
958 3030 984 3071 et
991 3017 1029 3070 rei
1038 3029 1149 3072 narratu
1159 3017 1327 3090 congruenti,
1336 3021 1451 3091 juvante

384 3103 513 3175 Virgilio,
529 3105 592 3155 AEn.
605 3103 662 3166 Vl,
675 3103 725 3156 603
740 3119 747 3152 ι

783 3203 872 3248 Luceut
883 3200 1013 3264 genialibus
1025 3203 1078 3249 altit

523 3277 600 3322 Aurea
610 3275 685 3321 fulcra
696 3275 767 3329 terit,
782 3277 903 3338 epulaeque
911 3287 965 3324 ante
975 3293 1015 3322 ora
1028 3286 1112 3338 paratu

523 3351 629 3412 Regifico
640 3351 698 3396 luxu
709 3364 715 3394 :
728 3349 840 3396 furiarum
854 3350 954 3396 maxima
961 3353 1029 3412 juxta

521 3423 640 3477 decubat,
652 3431 676 3468 et
684 3423 791 3468 manibus
800 3423 910 3485 prohibet
920 3425 1056 3486 confingere
1064 3439 1167 3478 menam,

475 3494 479 3504 ’
521 3497 677 3558 Exsurgitque
687 3496 762 3544 facum
770 3498 891 3552 attellana,
903 3509 973 3560 atque
983 3497 1075 3544 intonat
1084 3512 1133 3543 ore.

383 3600 479 3670 Aliquo
496 3595 647 3650 discrimine
666 3594 757 3648 differt
782 3596 940 3668 supplicium
957 3595 1031 3669 quod
1049 3595 1175 3648 valeriae
1195 3593 1329 3650 deacrihit.
1349 3597 1446 3650 Statim

383 3686 507 3737 Nostrum
519 3678 634 3733 imitatur
647 3690 703 3742 eet,
716 3679 802 3731 Theb.
817 3679 846 3742 l,
857 3697 908 3749 71²
921 3696 928 3731 ε

904 3789 980 3834 Torva
992 3788 1092 3847 Magtera

519 3866 630 3924 lejuuum
640 3863 758 3923 Phlegyan
769 3863 850 3910 subter
858 3877 913 3908 cava
921 3877 976 3908 aare
983 3863 1100 3921 jacentem

526 3939 629 3985 AEteruo
641 3937 726 3998 premit
735 3937 857 3992 accubitu,
866 3937 1011 3998 dapibusque
1021 3933 1125 3996 profanis

521 4009 668 4057 luatimulat:
680 4009 722 4056 aed
730 4010 796 4056 mitta
807 4009 892 4056 farnem
902 4009 994 4056 fastidia
1003 4009 1107 4055 vincunt.

381 4119 526 4190 Phlegyas,
547 4117 635 4170 Martie
649 4115 736 4180 filius,
749 4116 877 4188 Apollinis
896 4116 1024 4190 templum
1041 4114 1172 4176 incendit,
1186 4113 1260 4186 quod
1276 4115 1374 4186 Apollo
1392 4119 1449 4188 ejus

380 4205 464 4257 lilium
483 4200 644 4254 Coronidem
664 4210 867 4270 compresserat,
882 4218 913 4252 ex
927 4219 980 4274 quu
998 4199 1089 4271 genuit
1106 4197 1297 4271 AEsculapiutu.
1309 4198 1375 4252 Vide
1386 4201 1446 4254 Ser·

377 4289 450 4342 rium
465 4285 501 4340 ad
518 4283 677 4357 Virgilium,
690 4286 752 4335 AEn.
767 4283 821 4346 VI,
837 4285 899 4336 618.
1364 4297 1374 4306 ·’
