3198 5106
384 533 535 586 ccxxxvi
791 511 1046 585 PRAEFATIO

384 643 467 725 hoc,
479 643 537 708 sed
551 643 637 708 idem
654 643 687 706 in
704 645 811 731 operis
827 667 953 708 summa
969 645 1097 729 infeli13
1110 667 1178 708 non
1196 646 1283 709 enim
1299 665 1447 735 apparet,

384 771 542 837 quorsum
553 749 613 812 ista
625 747 797 836 descriptio
806 750 980 838 anaglyphi
989 749 1108 814 inserta
1120 749 1171 814 sit.
1181 753 1224 815 At
1233 767 1343 815 noster
1353 769 1449 840 poeta

387 853 576 942 (Virgilius)
587 853 628 918 ad
639 853 899 918 confirmandum
909 853 1020 917 AEneae
1031 855 1177 919 animum
1188 855 1240 919 his
1251 875 1359 920 rerum
1372 858 1450 922 ima·

385 960 515 1050 ginibus
537 962 663 1049 egregie
678 961 817 1024 utitur».
834 960 908 1023 Pari
923 961 1048 1024 ratione
1065 961 1092 1024 si
1110 963 1182 1048 quis
1200 961 1370 1052 Virgilium
1393 979 1452 1028 aut

385 1067 593 1154 Apollonium
618 1065 804 1148 Rhodium,
829 1066 999 1156 diligenter
1023 1070 1198 1131 contulerit
1224 1091 1300 1132 cum
1322 1070 1449 1134 Valerio

383 1175 518 1255 Flacco,
536 1190 693 1261 perpetuo
716 1176 782 1238 fere
798 1174 927 1238 illorum
945 1174 1123 1256 imitatore,
1151 1177 1251 1240 multa
1271 1176 1378 1243 adhuc
1396 1201 1449 1243 re-

384 1279 497 1367 periet,
508 1301 578 1364 quas
587 1278 712 1358 valeant
721 1276 762 1341 ad
773 1277 1024 1342 illuminandum
1035 1278 1290 1368 poliendumque
1300 1299 1450 1347 nostrum

385 1407 524 1449 cannen.
539 1383 590 1449 Ad
605 1385 660 1448 lib.
674 1383 724 1466 11,
738 1404 818 1470 271,
833 1400 924 1448 notat
939 1383 1091 1449 Burman.
1106 1385 1266 1475 singulare
1277 1389 1376 1453 fuisse
1388 1391 1451 1456 Va·

361 1507 365 1512 ·
384 1490 485 1573 lerio,
499 1490 556 1577 qui
573 1489 734 1577 scyphum
751 1489 916 1553 tribuisset
932 1489 1076 1553 Eaccho:
1090 1506 1123 1554 at
1135 1477 1311 1580 respexisse
1322 1492 1451 1558 videtur

386 1596 559 1660 Horatium
584 1595 660 1683 (qui
673 1615 872 1683 quamquam
887 1593 933 1659 illi
946 1594 1036 1661 haud
1049 1596 1134 1660 clare
1147 1599 1260 1664 asserit
1271 1599 1450 1688 scyphum)

387 1699 442 1761 lib.
460 1701 494 1780 I,
507 1697 569 1763 Od.
586 1715 638 1787 27,
657 1722 669 1762 ι
689 1721 759 1785 sqq.
779 1699 858 1762 dum
875 1699 979 1764 canit:

599 1837 673 1891 Natis
687 1838 715 1890 in
727 1856 805 1891 usum
819 1838 915 1893 Iaetitiae
930 1844 1027 1908 scyphis

602 1927 723 1996 Pugnare
732 1927 867 1980 Thracum
879 1940 935 1981 est:
951 1927 1036 1982 tollite
1047 1929 1191 1984 barbarum

634 2014 738 2066 Morem
746 2055 754 2080 ,
764 2014 998 2087 verecundumque
1007 2020 1131 2069 Bacchum

686 2101 844 2171 sanguineis
858 2100 997 2172 prohibete
1010 2102 1082 2155 rixis.

390 2228 438 2289 De
450 2227 522 2288 loco
533 2225 598 2307 111,
615 2222 774 2303 143,vidc
791 2222 973 2287 Gesnerum
990 2224 1025 2286 in
1036 2224 1202 2288 Thesauro
1219 2226 1297 2316 ling.
1314 2227 1368 2292 lat.
1382 2248 1454 2295 voc.

377 2330 554 2418 fcrctmm,
569 2328 770 2417 pag.639.—
777 2329 952 2394 Historiam
968 2330 1052 2418 rapti
1069 2330 1158 2419 Hytae
1172 2331 1241 2412 111,
1257 2331 1331 2415 561,
1345 2335 1455 2422 paullo

390 2436 480 2499 aliter
501 2450 608 2498 narrat
623 2433 833 2514 Theocritus,
847 2432 939 2523 ldyll.
956 2436 1054 2518 XIII,
1068 2436 1125 2500 ubi
1141 2439 1291 2504 consules
1305 2440 1455 2507 Warton.

390 2541 498 2604 Poetae
510 2562 587 2603 vero
604 2539 638 2601 in
651 2538 836 2602 enarrandis
850 2539 966 2604 fabulis
979 2541 1170 2628 antiquitate
1187 2542 1334 2608 obscuris
1347 2544 1455 2611 diver·

391 2667 442 2709 sas
458 2645 656 2708 diversarum
670 2644 814 2731 gentium
829 2645 1000 2731 opiniones
1014 2647 1143 2728 sectati,
1156 2669 1244 2729 eam,
1257 2671 1329 2735 quae
1342 2673 1457 2714 ornau-

392 2750 441 2814 dae
459 2749 510 2813 sui
528 2749 678 2813 carminis
695 2748 858 2838 particulae
877 2749 1014 2814 maxime
1028 2749 1145 2816 idonea
1159 2751 1395 2844 commodaque
1407 2752 1456 2819 vi·

392 2856 533 2937 deretur,
547 2854 705 2944 deligere,
716 2869 773 2918 aut
787 2869 912 2918 mutare
927 2856 978 2919 vel
994 2879 1110 2921 ornare
1126 2875 1313 2924 sueverunt.

438 2961 603 3044 Quoniam
631 2958 731 3049 igitur
756 2959 982 3047 supplementa
1009 2963 1100 3049 quasi
1126 2959 1331 3030 conscribere
1357 2966 1456 3056 coepi,

393 3068 580 3131 criticorum
597 3061 816 3153 quorumdam
832 3066 951 3153 copias,
965 3066 999 3128 in
1015 3089 1094 3154 quas
1108 3068 1225 3152 incidi,
1238 3069 1399 3136 adducere
1403 3073 1457 3152 ju·

393 3189 447 3238 vat
458 3171 499 3236 ad
513 3173 668 3254 majorem
682 3187 799 3234 nostrae
813 3169 962 3234 editionis
974 3173 1301 3241 commendationem.
1316 3177 1458 3244 Thomas

394 3277 563 3366 Wopkens
578 3276 611 3339 in
624 3274 832 3338 Lectionibus
845 3267 1021 3356 Tullianis,
1032 3297 1105 3364 pag.
1124 3277 1164 3343 23
1193 3281 1338 3366 (Amstel.
1356 3282 1458 3370 1730,

395 3381 499 3470 in·8),
511 3379 655 3444 vindicat
673 3378 875 3466 illustratque
896 3379 1063 3467 antiquam
1083 3381 1256 3450 lectionem
1278 3387 1312 3450 in
1331 3389 1460 3454 Valerio

394 3488 526 3568 Flacco,
546 3488 577 3567 I,
601 3479 758 3572 39,fictis
780 3485 840 3547 dot
861 3483 986 3550 vultum
1007 3501 1038 3550 et
1053 3487 1202 3576 pondera
1223 3491 1376 3559 dictic-
1388 3497 1455 3561 Cel.

393 3590 625 3655 Ruhnckenius
641 3587 682 3652 ad
691 3589 771 3652 vell.
785 3587 943 3655 Patercul.
957 3592 1007 3674 II,
1021 3615 1090 3681 cap.
1102 3615 1163 3680 70,
1178 3619 1250 3686 pag.
1261 3596 1333 3685 307,
1348 3601 1456 3666 calcu.

394 3697 463 3763 lum
481 3694 588 3773 adjicit
606 3693 824 3759 emendationi
843 3695 1019 3761 Herelianae
1038 3699 1072 3761 in
1091 3701 1195 3764 Flacci
1211 3703 1303 3785 loco,
1318 3702 1357 3784 V,
1374 3727 1456 3788 102,

394 3801 489 3866 attus
505 3802 538 3863 in
553 3813 664 3862 ventos
682 3799 778 3863 rediit
793 3802 889 3882 ratis,
904 3801 963 3864 ubi
976 3801 1128 3885 Vossius,
1143 3805 1240 3869 etiam
1257 3805 1377 3872 adhoc
1394 3809 1456 3873 Pa·

393 3905 507 3970 terculi
520 3921 634 3993 caput,
646 3927 718 3995 pag.
738 3928 838 3987 1012,
852 3906 928 3972 edit.
944 3907 1137 3975 Iluhncken.
1158 3911 1274 3999 probat
1289 3927 1398 3977 ventos
1411 3937 1457 3980 re·

393 4012 471 4100 cipit
482 4013 561 4075 ratis
567 4057 578 4090 ‚
596 4009 792 4098 damnatque
804 4011 951 4076 Sabellici
963 4014 1166 4102 aliorumque
1179 4015 1387 4104 opinionem,
1400 4022 1456 4108 qui

391 4118 504 4182 occcidit
516 4139 674 4206 reponere
687 4118 1035 4184 nommant-Valerii
1043 4121 1153 4184 locum
1167 4127 1456 4212 corruptissimum,

393 4228 425 4308 I,
440 4225 525 4312 672,
539 4237 632 4312 putat
646 4222 860 4314 Oudendorp.
874 4225 908 4288 in
926 4225 1011 4288 curis
1025 4241 1144 4313 poster.
1160 4226 1201 4293 ad
1214 4229 1362 4296 Frontini
1378 4233 1457 4297 Stra·
