3122 5126
246 519 761 592 renunciassent
792 521 846 589 nt
877 487 1067 592 Ancon.
1107 547 1196 592 ιιιιιι

101 673 247 743 rapere,
259 649 460 716 incumbere
472 648 588 730 remis,
600 650 808 738 celocemque
816 649 899 714 vado
912 651 1087 720 haerentem
1098 669 1198 724 conto

106 761 276 848 tantisper
291 757 462 846 impellere
472 754 603 836 jubeat,
619 753 701 820 dum
716 755 764 820 vis
777 772 952 824 tentorum
970 760 1130 826 contraria
1143 782 1200 847 pe-

106 865 279 932 detentim
305 886 341 928 se
364 861 555 943 contrahat,
579 861 813 949 elangueatque
830 877 1019 952 tempestas,
1035 863 1200 934 flaccescet

109 973 312 1038 nimborum
329 969 501 1049 violentia,
524 968 681 1055 stratique
694 969 834 1056 aequoris
857 970 990 1035 malacia
1007 975 1134 1062 optanti
1149 996 1199 1038 re·

110 1082 198 1146 dett.
222 1080 385 1168 Quique,
409 1078 438 1142 si
455 1077 607 1166 persistat
625 1077 730 1144 hiems
749 1077 898 1160 hortida,
919 1101 1051 1166 proram
1069 1099 1198 1148 canna

113 1187 247 1267 ferens,
268 1185 396 1252 malum
419 1182 629 1271 confringens
645 1198 677 1245 et
693 1181 866 1265 rudentes,
890 1184 1001 1273 nilque
1017 1187 1107 1274 quod
1122 1190 1199 1254 artis

116 1292 218 1358 fuerit
238 1291 469 1371 obliviscatur,
488 1304 642 1369 moneat,
657 1289 791 1370 soletur,
806 1291 993 1378 promittat,
1007 1293 1199 1384 clavumque

117 1397 342 1464 recussimum
361 1408 549 1461 constanter
568 1394 728 1474 retinens,
742 1416 864 1460 sacram
877 1395 969 1462 fessis
986 1413 1128 1466 ostentet
1140 1421 1199 1466 an·

116 1505 256 1570 cbomm
271 1549 281 1584 ,
297 1523 360 1566 nec
371 1500 493 1589 frigore
505 1515 694 1588 torpescens
705 1515 797 1566 metu
811 1501 929 1566 fractos
941 1502 1073 1580 excitet,
1088 1517 1135 1588 et,
1147 1506 1198 1570 in·

116 1611 193 1674 titis
205 1607 384 1688 fluctibus,
394 1627 528 1670 cursum
547 1603 727 1694 prudenter
743 1606 887 1684 varians,
902 1606 943 1672 ad
961 1610 1198 1678 conclamatum

118 1716 239 1803 saepius
264 1727 400 1800 portum
426 1708 579 1792 reducat,
601 1726 743 1798 quotum
764 1735 783 1775 a
802 1711 910 1799 primo
931 1713 1079 1800 putabis?
1096 1717 1197 1804 Atqui

121 1822 205 1886 tales
219 1817 373 1908 phoenice
393 1816 450 1904 (ut
463 1815 578 1902 aiunt)
601 1816 738 1880 rariores
754 1815 918 1899 videmus3
933 1841 1036 1905 quum
1052 1820 1198 1909 plerique

124 1927 184 1990 alii
200 1925 276 2005 sint,
299 1923 361 2011 qui
381 1937 438 1986 aut
463 1920 633 1986 dexterum
651 1923 753 1986 Lunae
768 1921 926 1988 circulum
946 1925 1198 2011 Agamemnonis

123 2031 274 2119 exemplo
292 2029 488 2110 observant,
506 2043 564 2092 aut
581 2049 657 2092 cum
676 2027 831 2116 segnibus
853 2029 1197 2117 comperendinantes,

122 2154 197 2226 post
222 2158 374 2200 serenam
394 2157 428 2198 se
449 2133 618 2200 belliorem
640 2155 767 2222 sperare
789 2133 982 2223 predicant,
1000 2159 1200 2225 mutumque

122 2242 284 2332 ignaviter
304 2239 522 2304 detrectantes
542 2239 698 2327 optimam
722 2261 901 2328 numquam
922 2258 1111 2326 causantur,
1124 2244 1199 2309 lieet

123 2349 247 2412 nullam
270 2348 306 2410 in
328 2345 445 2410 Aulide
461 2366 586 2410 moram
603 2345 798 2434 pronuntiet
816 2345 980 2429 futuram,
998 2369 1059 2412 nec
1074 2347 1116 2414 ad
1135 2350 1198 2414 Ca·

122 2457 243 2544 pbstea
265 2452 475 2540 naufragium
496 2450 679 2538 portendat.

31 2570 32 2574 ’
165 2561 301 2624 Horum
317 2557 484 2622 sententiae
512 2556 668 2620 ameum
685 2557 845 2622 calculum
860 2556 980 2624 addere
994 2557 1198 2648 contigisset,

122 2690 262 2732 aureum
279 2665 385 2728 tellus
400 2662 505 2750 (absit
522 2685 541 2731 a
556 2662 656 2726 verbo
675 2665 812 2728 tumoris
837 2662 966 2754 opinio)
977 2665 1063 2730 inter
1084 2665 1199 2731 densas

121 2770 185 2834 luci
204 2767 320 2833 Martii
338 2763 470 2828 umbras
489 2785 578 2827 nunc
597 2785 730 2851 quoque
748 2763 944 2828 occultatum
965 2781 1120 2830 maneret.
1137 2767 1201 2832 Sed

122 2868 204 2957 quid
219 2866 264 2932 ad
283 2864 363 2930 me?
378 2864 525 2952 inquies,
537 2861 753 2928 lilaecenatum
769 2863 923 2928 maxime:
938 2865 1018 2952 qnid
1035 2868 1131 2932 remis
1147 2891 1202 2932 ru·

23 3041 24 3050 ,
123 2974 220 3038 dibus
245 2993 329 3036 cum
355 2968 540 3058 theologia?
556 2967 648 3052 Quid
674 2968 831 3056 Neptuno
857 2991 933 3033 cum
951 2970 1105 3036 Christo?
1119 2973 1200 3060 quid

22 3063 23 3066 Ἴ
123 3095 270 3168 quatuor
280 3075 454 3164 regionum
464 3073 569 3136 ventis
579 3121 589 3148 ‚
600 3071 844 3161 remigibusque
857 3095 933 3137 cum
947 3091 1089 3162 quatuor
1099 3078 1202 3142 Evan-

122 3185 258 3274 gelistis,
272 3180 475 3260 doctoribus3
487 3178 608 3267 angelis
619 3177 661 3242 ad
671 3177 857 3243 nocendum
872 3195 964 3244 terrae
978 3197 1011 3246 et
1024 3183 1103 3246 mari
1116 3201 1202 3248 nutu
1288 3257 1290 3260 ¹

123 3292 238 3356 divino
252 3285 396 3366 emissis,
406 3282 576 3371 fluviisque
590 3283 793 3372 evoluptatis
805 3284 880 3348 loco
894 3287 1118 3365 manantibus,
1130 3313 1202 3378 quse

124 3393 357 3486 quaternarius
381 3391 608 3478 complectitur
623 3389 933 3454 numerusPNonnc
953 3392 1044 3480 quod
1065 3417 1141 3458 curn
1165 3394 1203 3460 fi·

124 3505 223 3569 dibus
247 3501 307 3590 (ut
324 3496 461 3583 dicitur)
484 3493 638 3585 graculo?
651 3512 708 3560 aut
732 3517 806 3560 cum
831 3498 1013 3562 amaracino
1036 3500 1203 3566 suiPVale

125 3631 201 3676 curu
219 3625 281 3674 tuo
296 3601 500 3694 (subjunges)
512 3602 705 3667 lenunculo:
721 3602 979 3692 Anticyrasque,
1000 3605 1204 3672 helleborum

125 3739 285 3808 perquam
310 3711 443 3778 abunde
464 3731 655 3790 mansurus,
685 3709 712 3773 si
732 3709 841 3773 salutis
862 3733 940 3775 cura
960 3727 1025 3794 est,
1043 3736 1141 3801 quam
1157 3717 1204 3780 ci-

127 3826 247 3890 tissime
273 3817 400 3909 poteris
421 3815 517 3903 (nam
544 3836 635 3878 mora
663 3813 871 3902 dispendium
899 3815 1013 3904 affert)
1032 3817 1205 3909 adnaviga;

126 3933 178 4020 qui
195 3943 317 4019 praeter
335 3919 567 4011 sapientissimi
589 3920 720 3986 Catonis
743 3920 930 3985 institutum
953 3945 1006 3986 me
1029 3923 1126 3990 undis
1147 3927 1206 3992 ad·

125 4060 232 4118 vocas,
245 4050 281 4102 et
298 4028 508 4118 salsuginosa
523 4049 672 4100 sermone
688 4026 821 4109 invitas,
836 4049 935 4114 quem
953 4029 1043 4117 prius
1060 4033 1207 4100 oratione

124 4143 252 4234 potabili
278 4138 431 4216 diluere,
449 4149 482 4196 et
503 4131 630 4219 liquore
652 4128 943 4228 fluvialiaedulcare
965 4134 1117 4202 debuisti.
1141 4140 1207 4203 Cur

125 4252 246 4318 tenellas
274 4248 464 4333 juvenung
477 4237 613 4325 (quibus
638 4235 781 4324 impero)
800 4260 917 4304 manus
945 4241 1080 4306 insuetis
1105 4245 1207 4310 tonsis
