3192 5128
402 537 661 608 runcano
691 499 945 610 securius.
1120 565 1212 610 cxxv

133 669 238 730 wera·
246 683 279 730 et
288 665 478 755 proedonnm
497 691 583 731 more
600 673 806 733 constructa?
824 669 910 751 Quia
932 693 1009 758 ergo
1028 672 1136 735 omnis
1152 695 1213 761 po-

134 772 247 836 tentiae
258 787 291 835 et
300 771 486 838 divitiarum
496 821 505 854 ,
516 773 637 861 quibus
651 773 754 840 Graeci
763 791 875 863 postea
885 776 1112 857 eminuerunt,
1121 777 1213 867 origo

135 899 177 940 ex
192 878 245 941 his
262 877 429 943 navalibus
447 879 728 966 expeditionibus,
745 903 826 968 quas
849 880 957 968 plures
978 897 1011 945 et
1028 867 1214 946 anniversa·

135 986 200 1048 rias
216 985 318 1048 fuisse
329 984 483 1050 credibile
494 1001 562 1067 est,
580 1001 628 1052 est
643 986 855 1067 deducenda,
870 1001 998 1075 gratnm
1013 1003 1100 1052 certe
1114 974 1213 1052 debe·
1277 1019 1283 1034 ·

136 1089 195 1154 bat
208 1091 274 1154 hoc
286 1090 405 1155 Graecis
418 1108 650 1180 argumentum
661 1115 748 1175 esse,
760 1091 894 1180 quando
906 1092 1066 1172 majorum
1078 1115 1214 1158 suorum

139 1197 238 1260 fortia
249 1197 349 1278 facta,
362 1196 485 1284 quibus
495 1213 533 1261 ut
544 1197 764 1264 fundamentis
778 1187 975 1262 inniteretur
986 1199 1093 1262 omnis
1107 1215 1214 1287 poste·

138 1295 267 1366 riorum
290 1302 455 1390 potentia,
471 1301 722 1368 celebrarentur.
744 1303 849 1374 Grave
867 1326 946 1392 ergo
965 1289 1217 1392 argumentum,

137 1423 172 1471 et
187 1407 409 1496 acceptissima
422 1409 576 1473 omnibus
593 1407 722 1473 Graeciae
736 1409 850 1473 incolis
864 1425 1052 1496 poematum
1064 1411 1214 1473 materies

137 1513 227 1594 erat,
245 1537 319 1601 quse
333 1515 409 1580 licet
420 1514 528 1579 minus
544 1531 671 1580 nostras
689 1532 815 1580 mentes
830 1514 953 1603 capiat,
970 1519 1036 1580 non
1050 1514 1124 1579 ideo
1136 1517 1214 1579 levis

137 1617 384 1700 dirimeretur,
402 1620 482 1708 quia
501 1619 640 1685 hac'snb
659 1621 765 1708 specie
784 1642 899 1684 omnes
923 1609 1072 1684 historias
1089 1622 1210 1710 prisca·

138 1747 213 1789 rum
230 1725 400 1813 gentium,
417 1748 493 1813 quse
514 1725 555 1790 ad
581 1748 640 1790 nos
657 1726 737 1789 nihil
752 1727 908 1807 attinent,
929 1727 1067 1806 abjicere
1089 1727 1208 1792 licebit.

139 1833 215 1896 Non
237 1827 426 1911 damnaret,
450 1830 570 1914 credo,
596 1832 689 1898 Vires
710 1847 821 1919 poetas
843 1832 1019 1920 hispanos,
1037 1833 1221 1916 lusitanos,

139 1938 272 2027 anglos,
289 1937 443 2020 batavos,
460 1953 494 2002 et
515 1939 649 2004 aliarum
671 1939 838 2028 gentium,
859 1938 916 2027 qui
938 1938 1119 2002 carminum
1139 1962 1216 2004 suo·

138 2067 214 2107 rum
234 2059 446 2133 argumenta,
470 2045 640 2132 exprimis
662 2044 697 2108 in
714 2044 842 2109 Indiam
864 2061 896 2108 et
918 2029 1120 2126 Amerinam,
1140 2060 1216 2108 ante

142 2150 202 2213 tria
216 2165 218 2168 ·
233 2150 302 2213 lere
331 2150 447 2214 sucula
476 2150 657 2238 susceptis,
684 2150 949 2239 navigationibus
975 2165 1132 2238 peterent.
1159 2150 1216 2214 11ae

141 2258 229 2322 enim
247 2256 469 2346 expeditiones
489 2279 563 2322 vera
580 2259 748 2323 latrocinia
765 2260 878 2341 fuere,
897 2274 929 2322 et
944 2257 1160 2346 antiquissimi
1176 2257 1216 2320 il·

141 2364 202 2428 lius
217 2364 395 2453 temporis,
412 2363 453 2427 de
470 2388 537 2452 qno
551 2364 739 2431 Herodotus
755 2383 788 2428 et
802 2363 1009 2452 Thucydides
1027 2380 1148 2452 agunt,
1173 2364 1217 2427 fa·

140 2468 224 2534 ciem
251 2484 364 2533 nosno
385 2467 457 2534 orbi
478 2459 670 2535 retulerunt.
700 2471 748 2533 Ex
773 2470 904 2558 Europa
925 2469 1014 2533 enim
1035 2469 1069 2532 in
1100 2484 1216 2559 gentes

142 2596 204 2637 nec
230 2575 315 2655 situ,
342 2595 403 2636 nec
427 2573 560 2650 nomine
581 2589 658 2638 ante
682 2576 845 2664 cognitas,
869 2575 990 2638 nullius
1010 2575 1135 2653 injurias
1154 2589 1213 2659 ant

144 2677 253 2742 damni
271 2677 337 2742 dati
352 2701 445 2758 reas,
462 2679 594 2743 irruunt
605 2681 746 2744 latrones
758 2696 792 2743 et
803 2696 1017 2761 mercatores,
1036 2680 1215 2766 qui'tamcn

142 2808 176 2849 se
192 2785 395 2849 Christianos
411 2784 580 2867 dicebant,
597 2802 783 2872 sectamque
795 2783 1046 2872 profitebantur,
1063 2807 1135 2870 quae
1149 2806 1218 2848 non

142 2889 242 2954 modo
256 2889 407 2971 injuriam
423 2891 542 2954 inferre
553 2889 721 2978 prohibet,
730 2889 793 2963 ‚sed
808 2890 927 2952 illatam
941 2889 1037 2954 etium
1051 2889 1216 2952 vindicare

143 2997 247 3079 retat3
267 2995 325 3061 sed
344 2997 402 3083 qui
420 2996 550 3060 avaritia
566 3011 598 3060 et
616 2995 803 3059 divitiarum
816 2995 1048 3057 immensarum
1063 2993 1216 3081 cupidine

144 3102 353 3183 inflammati,
372 3124 447 3166 cum
467 3103 528 3168 Dei
546 3119 580 3166 et
598 3101 770 3166 hominum
793 3115 1005 3187 contemptu,
1025 3099 1166 3164 caedibus
1185 3117 1218 3164 et

144 3209 264 3297 rapinis
285 3209 394 3273 omnia
412 3207 632 3273 crudelissime
649 3207 806 3295 implent,
823 3222 855 3270 ct
874 3205 1016 3270 dominis
1034 3205 1142 3288 caesis,
1159 3223 1223 3277 aut,

144 3315 177 3378 in
200 3314 407 3380 durissimam
435 3314 625 3380 servitutem
651 3313 809 3395 redactis,
834 3313 1031 3400 amplissima
1057 3328 1216 3376 terrarum

144 3423 246 3508 spatia
260 3436 444 3509 occupant,
461 3435 494 3484 et
505 3415 666 3501 insident,
679 3419 883 3507 posterisque
898 3417 1133 3482 transmittunt.
1150 3418 1215 3482 Has

145 3525 366 3613 expeditiones
386 3525 413 3590 si
428 3541 523 3612 poeta
546 3525 591 3590 ita
613 3525 756 3592 carmine
780 3523 874 3586 nobis
894 3537 1079 3586 exornasset
1098 3539 1130 3586 et
1145 3523 1215 3586 lau·

146 3630 270 3708 dasset,
287 3631 326 3696 ut
344 3631 472 3696 virtutis
494 3631 584 3695 avitae
600 3646 634 3694 et
649 3631 758 3718 glorim
772 3627 945 3716 'laudisque
967 3629 1126 3709 majorum
1145 3651 1216 3692 eer-

146 3737 268 3801 tissima
289 3759 359 3802 esse
383 3736 579 3801 documenta
603 3735 813 3824 popularibus
836 3736 903 3798 suis
924 3732 1150 3822 persuaderet,
1174 3757 1215 3797 an

146 3843 200 3907 ille
222 3843 257 3906 in
279 3844 361 3924 levi,
379 3859 428 3925 et,
445 3841 536 3931 quod
558 3842 622 3930 legi
644 3841 725 3904 nihil
748 3840 881 3920 attinet,
897 3841 1004 3904 inutili
1022 3855 1217 3930 argumento

147 3951 265 4014 versari
278 3948 379 4028 videri
397 3949 530 4038 posset?
549 3948 591 4012 Et
608 3947 676 4010 haec
697 3946 829 4034 quidem
847 3968 1024 4034 graecorum
1044 3963 1218 4035 poetarum

148 4053 292 4146 caussam
320 4055 395 4120 satis
420 4056 589 4118 honestam
616 4055 714 4117 fnisse
740 4045 868 4116 docent.
896 4052 995 4134 Quod
1022 4053 1112 4115 latini
1138 4077 1216 4117 vero

147 4165 251 4249 poetae
265 4183 385 4249 graecos
402 4162 562 4241 aemulari,
580 4176 632 4240 et,
649 4159 674 4221 si
690 4175 841 4245 possent,
858 4181 1009 4246 superare
1029 4157 1218 4239 studerent,

148 4267 228 4354 quid
243 4267 458 4332 mirabimur?
470 4289 572 4354 quum
592 4266 679 4329 enim
699 4264 891 4352 antiquitate
911 4287 985 4329 cum
1006 4264 1123 4330 Graecis
1144 4286 1215 4328 cer-
