3226 5114
400 553 789 618 inconsorrcon
819 553 987 619 mn1v,
1165 555 1226 640 257

210 691 290 752 Care
306 706 407 774 puer,
425 703 485 746 nec
500 703 551 746 res
566 682 650 746 ultra
667 681 824 748 mirabere
840 685 1008 748 nostrasi’»

211 805 288 868 Haec
305 801 390 864 fatus
406 799 582 887 relegitque
599 797 681 878 nas,
697 813 730 860 et
747 797 882 862 vallibus
898 800 978 876 exit,

211 919 375 995 Incertus,
391 911 472 1000 quid
488 914 575 977 luno
593 911 690 994 ferat,
704 933 784 1000 quas
802 931 934 1002 apparet
950 915 1022 979 iras.
1202 935 1228 973 ss

211 1032 280 1097 Nec
296 1030 403 1093 minus
421 1043 454 1092 et
471 1027 575 1092 socios
591 1026 695 1090 cernit
707 1027 822 1114 procul
840 1050 969 1115 aequore
985 1030 1063 1095 ferri

212 1145 414 1234 Praecipites,
437 1142 637 1229 tacitumque
652 1140 755 1230 pudet
770 1144 913 1232 potuisse
930 1144 1079 1232 relinqui.

256 1262 391 1346 Jamque
407 1258 469 1322 iter
486 1255 528 1320 ad
543 1257 703 1337 Teucros,
721 1271 817 1343 atque
832 1256 960 1344 hospita
977 1261 1094 1326 moenia
1109 1261 1212 1342 Trojae

213 1375 375 1455 Flexerat‚
394 1372 481 1436 [liaci
497 1387 647 1458 repetens
661 1370 819 1458 promissa
837 1372 983 1459 tyranni,

215 1490 328 1572 Quum
343 1501 457 1550 moesto
474 1485 597 1549 Latona
613 1484 709 1548 simul
726 1485 894 1572 Dianaque
909 1487 1002 1552 vultu
1206 1512 1232 1552 ε.

214 1605 298 1668 Ante
315 1602 427 1665 lovem
443 1598 547 1680 stetit,
566 1613 599 1662 et
617 1598 751 1686 supplex
768 1599 814 1663 sic
830 1601 915 1664 fanu
931 1603 1065 1690 Apollo:

214 1717 276 1779 «ln
294 1689 391 1802 quem
409 1712 507 1776 alium
525 1709 674 1792 Alciden,
685 1711 720 1774 iu
737 1734 809 1798 quae
823 1712 888 1792 jam
903 1729 1050 1804 tempora
1067 1718 1177 1784 differs

215 1829 421 1908 Caucasium,
438 1849 496 1890 rex
512 1847 645 1914 magne,
662 1826 796 1890 senem?
812 1827 982 1893 nullumne
998 1833 1157 1898 malorum

215 1945 329 2009 Finem
344 1941 426 2006 adeo
444 1962 610 2030 poenaeque
626 1938 739 2004 dabis?
756 1956 787 2004 te
803 1959 919 2007 cuncta
934 1962 1108 2032 precantur

217 2059 305 2124 Gens
314 2056 607 2143 hominum,atque
615 2055 676 2144 ipsi
681 2055 748 2135 jam
756 2071 803 2137 te,
810 2071 901 2144 pater
909 2058 1046 2146 optime,
1056 2079 1195 2145 montes,
1208 2082 1233 2121 ⁶⁵

216 2176 375 2260 Fessaque
392 2195 467 2236 cum
482 2171 568 2234 silvis
583 2185 678 2234 orant
689 2170 767 2259 juga
782 2194 789 2234 :
806 2187 854 2236 sat
872 2172 930 2236 tibi
947 2172 1072 2238 furtum

218 2289 322 2379 Ignis,
346 2303 379 2351 et
394 2284 531 2350 athena
548 2284 679 2352 defensa
696 2286 820 2349 silentia
843 2309 992 2353 mensae».

261 2402 350 2466 Dixit
364 2399 440 2480 ubi,
456 2420 474 2462 e
490 2397 648 2485 scopulis,
664 2397 770 2462 media
785 2399 871 2464 inter
884 2402 1002 2487 pabula
1016 2401 1078 2467 diri

204 2589 242 2635 55.
256 2590 351 2646 Quaeve.
363 2587 453 2629 Boron.
466 2583 520 2628 cod.
536 2586 626 2629 Boron
639 2583 669 2628 ll.
682 2609 712 2618 -
726 2583 764 2630 56.
775 2584 850 2630 Cernit
857 2587 932 2634 sinui.
941 2589 1030 2634 bonon
1038 2599 1063 2636 et
1077 2592 1156 2638 nuru.
1167 2593 1236 2640 codd.

173 2693 206 2703 -
219 2667 259 2721 64,
272 2667 391 2711 Pncanr.
403 2660 478 2709 Codd.
488 2671 512 2707 et
522 2661 576 2708 cdd.
590 2670 644 2707 ente
657 2665 721 2708 cm.
739 2689 770 2698 -
787 2665 825 2710 65.
842 2666 932 2728 Optime
946 2666 1012 2712 abest
1026 2669 1123 2716 aVatio.
1138 2672 1191 2718 rod,
1207 2698 1238 2709 -

173 2748 214 2794 68.
226 2745 294 2793 Dixit
306 2744 358 2798 nbi,
372 2751 396 2789 et
407 2755 473 2788 verm
488 2741 608 2802 sequenti,
621 2745 668 2803 lpse
684 2744 760 2789 edam.
773 2744 849 2790 Codd.
859 2753 883 2790 et
895 2744 950 2792 edd.
962 2756 1015 2794 ante
1031 2749 1095 2796 Cart.
1107 2751 1183 2806 Dr'stt't.
1200 2753 1239 2799 iti.

174 2828 265 2872 Boron.
278 2824 309 2870 ll.
323 2823 381 2869 Exit
391 2822 548 2883 nbi...iptum
560 2824 635 2867 enam.
646 2823 710 2868 Cirr.
720 2821 773 2869 cod.
786 2823 831 2869 En.

174 2992 237 3028 rum
246 2991 262 3026 a
270 2991 313 3025 me
324 2968 499 3043 gerendarum
511 2987 566 3022 nou
576 2969 688 3040 emplius
732 2989 783 3042 que
793 2969 848 3022 lilio
858 2983 921 3037 tuo,
933 2969 1047 3024 Hercule
1056 2973 1101 3024 lin
1112 2994 1167 3041 quoe
1179 2989 1237 3027 tern-

176 3051 363 3106 admiratorem
384 3048 507 3102 habebo!
528 3047 590 3102 Hoc
619 3048 688 3101 fatus
726 3067 792 3117 pom
806 3051 894 3117 differs
909 3053 1051 3102 caucasum
1067 3053 1238 3106 senenrDil-

177 3134 266 3200 nlegit
276 3133 349 3191 vias,
368 3128 440 3182 unde
457 3139 584 3190 venerat,
598 3145 686 3180 rever·
732 3128 800 3180 ferre
809 3127 847 3180 sic
858 3145 924 3199 sepe
933 3128 1027 3181 nonde
1035 3131 1114 3182 rebus
1124 3141 1238 3197 tantum,

176 3211 251 3264 titur.
732 3206 868 3259 sedetiam
881 3208 1015 3278 personis,
1028 3209 1067 3261 uti
1080 3209 1160 3281 paulo
1169 3223 1240 3284 post,

215 3289 258 3358 57.
276 3290 432 3354 Tatiumque
448 3290 522 3354 pudet
530 3289 639 3354 potuisse
648 3304 688 3336 re·
732 3303 758 3338 v.
770 3285 814 3354 78.

178 3363 689 3436 linqui,taciteArgonautisindignatur,
768 3364 813 3417 65.
837 3367 947 3425 Montes,
965 3365 1087 3434 fessaque
1101 3371 1177 3436 juga.
1200 3369 1241 3422 Ad

179 3444 253 3518 quod
259 3463 288 3498 se
294 3443 443 3515 relinquere
448 3444 625 3497 sustinuerint.
635 3444 688 3496 En.
733 3441 906 3496 amovendam
917 3442 1088 3515 tautologiam
1098 3445 1240 3511 Nodellus,

217 3524 260 3579 58.
269 3525 371 3596 Hospita
384 3525 474 3574 mania
486 3523 579 3589 ijae,
596 3521 640 3574 ubi
654 3523 690 3574 ob
733 3521 811 3574 obn.
825 3539 853 3592 p.
869 3528 918 3587 44,
933 3521 1026 3576 suadet
1038 3539 1131 3576 montes
1144 3528 1241 3580 motari

179 3605 318 3662 liberatam
336 3601 466 3673 virginem
486 3601 584 3672 regiam
605 3600 691 3672 hospi·
734 3600 860 3669 insontes.

182 3683 271 3736 taliter
303 3700 358 3734 sese
385 3690 524 3750 exceptum
546 3678 576 3732 iri
600 3697 689 3750 spera·
770 3681 1241 3750 66.Sattibisumonignis‚etoetlierioe

182 3763 240 3825 but,
249 3775 366 3832 repetens,
374 3759 544 3830 repetiturus,
551 3761 688 3825 promissa,
735 3759 838 3825 defensa
851 3760 946 3809 silentia
960 3779 1068 3821 mensa,
1083 3761 1145 3814 satis
1160 3763 1243 3817 tuitus

182 3835 582 3915 equos‚tyranni,v.omninoll‚
593 3838 690 3907 sccsq.
736 3855 763 3888 es
769 3837 827 3907 jure
840 3837 956 3888 convivii
969 3836 1097 3902 deorum,
1114 3840 1175 3892 satis
1187 3857 1242 3913 poea

218 3923 262 3974 60.
270 3918 321 3974 Sed
329 3924 439 3980 ἱαωιια,
450 3935 511 3969 cum
521 3916 623 3980 liberis,
634 3918 693 3966 Dia·
736 3933 829 3966 uerum
842 3912 915 3966 dedit
924 3914 1092 3969 Prometheus
1102 3919 1164 3989 ‚qui
1171 3939 1245 3973 aren.

182 4020 219 4054 na
245 4013 269 4050 et
290 4002 425 4066 Apolline,
449 3995 572 4068 precibus
594 3994 691 4047 adeunt
734 4011 769 4045 na
779 4004 824 4045 tua
835 3991 977 4063 evulgavit.

182 4081 292 4141 lovem,
301 4088 331 4129 ut
341 4076 462 4129 Herculis
472 4092 554 4146 opera
564 4084 651 4126 utatur
658 4071 692 4125 nd
770 4074 814 4125 68.
822 4075 928 4124 Exitnbi
934 4111 940 4123 .
948 4113 954 4124 .
962 4076 1049 4142 ‚ipsum
1056 4079 1137 4128 etiarn
1145 4077 1188 4130 sic
1198 4095 1242 4130 ve.

184 4154 352 4214 liberandum
365 4154 473 4208 tandem
484 4153 649 4206 Promethea.
661 4159 691 4203 In
735 4153 893 4206 tustissimue
904 4149 986 4204 codex
996 4153 1139 4219 canionis,
1150 4173 1181 4208 ex
1189 4175 1244 4227 quo

185 4255 258 4308 quem
269 4237 344 4286 aliurn
353 4238 458 4286 Alciden
470 4231 534 4303 (vid.
546 4233 602 4296 lli,
619 4234 693 4300 644),
736 4231 1246 4286 tamenvixtolerahilemsensumeruere

185 4316 379 4388 qois‚queto‚
395 4314 462 4367 alius
475 4313 567 4366 sortior
578 4311 693 4383 dignior·
737 4312 829 4382 possis.
846 4309 897 4361 Alii
915 4309 977 4362 libri
996 4310 1092 4365 habent
1110 4315 1175 4364 dixit
1190 4315 1244 4376 ubi,

281 4410 307 4475 I.
1080 4433 1116 4498 17
