3122 5126
198 499 269 571 AD
298 496 741 568 R.JUL.MED1CEM
769 495 1013 569 FLORENT.
1060 522 1171 570 xxxrx

95 634 247 698 animum
263 628 613 716 virtutumrarietate,
626 629 717 693 velut
738 643 899 694 astrorum
917 629 1118 719 fulgoribus,
1133 635 1172 698 il·
1197 614 1198 618 Ἰ

96 737 256 805 lustrasti.
266 737 390 824 Cyrum
398 733 554 798 memoria
564 734 657 798 famas
664 733 1175 804 vindicataeternaezintememo·

98 845 144 908 ria
158 841 434 932 pmmntisuma3
443 838 536 920 cujus
546 840 666 904 virtute
679 838 783 920 febri,
795 838 1001 904 subditorum
1015 864 1127 926 curas,
1141 861 1174 910 et

100 951 206 1015 aliena
231 945 366 1037 negotia
389 945 568 1036 praecurris.
593 945 819 1011 Anaxarchum
844 946 1000 1034 patientia
1024 965 1174 1016 aeternat:

101 1055 161 1119 bac
186 1069 224 1119 tu
247 1053 417 1116 fortunam
432 1049 612 1134 delassasti,
628 1066 662 1114 et
677 1072 775 1137 quem
790 1049 920 1132 jamjam
938 1073 1053 1117 manus
1079 1053 1175 1119 datu.

103 1185 180 1226 rum
196 1173 396 1248 speraverat,
410 1155 596 1238 exarmasti,
611 1156 761 1239 stravisti,
778 1157 993 1245 triumphasti.
1004 1143 1175 1227 Fortitudo

107 1267 298 1358 principum
313 1264 495 1353 principem
513 1262 588 1326 facit
602 1263 780 1344 Achillem,
808 1261 1001 1328 iracundum
1020 1281 1127 1331 tamen
1144 1284 1177 1332 et

106 1377 139 1438 iu
154 1371 349 1438 Danaidum
364 1368 485 1458 poculo
495 1367 672 1433 bibentem.
684 1369 736 1434 Tu
750 1383 825 1457 post
842 1391 1008 1456 oppressas
1020 1372 1177 1460 vulpecu-

31 1517 32 1526 .
107 1482 214 1545 larum
225 1475 372 1557 insidias,
387 1472 478 1563 quod
486 1473 656 1563 singularis
672 1473 872 1538 fortitudinis
888 1491 937 1539 est
952 1477 1133 1564 specimen,
1145 1493 1178 1543 te

31 1573 32 1602 ³
110 1588 218 1676 ipsum
233 1580 411 1671 superasti,
427 1602 531 1667 quum
549 1578 660 1643 omnia
675 1579 796 1668 possis,
814 1595 851 1644 ut
866 1580 1038 1644 Christiani
1050 1583 1180 1671 imperii

111 1689 301 1756 moderator
319 1704 354 1752 et
370 1685 502 1769 arbiter,
516 1686 691 1751 honestum
705 1701 830 1750 tantum
843 1685 931 1750 velis.
946 1687 1182 1755 Justitia‘Luci·

114 1799 183 1861 fero
201 1794 321 1859 clarior
336 1790 510 1856 Aristidem
528 1791 639 1855 eximit
658 1791 827 1872 humanis,
844 1805 877 1854 et
901 1792 1027 1880 superis
1049 1795 1179 1860 inserit:

114 1913 151 1974 in
166 1925 215 1990 te,
228 1903 522 1973 certertestimonio
538 1904 822 1994 universigeneris
839 1903 974 1969 humani
982 1953 990 1988 ,
1000 1907 1102 1971 virtus
1112 1908 1183 1974 haec

118 2014 326 2095 irroborarit,
339 2027 397 2094 ut,
410 2033 489 2100 pace
510 2011 748 2099 praeteritorum
770 2012 1043 2100 praesentiumque
1061 2013 1183 2101 princi-

119 2143 196 2210 pum
212 2119 341 2184 dictum
358 2118 415 2200 sit,
439 2118 548 2181 nullus
561 2117 596 2180 in
611 2117 672 2181 hac
684 2118 803 2181 virtute
819 2118 861 2181 sit
876 2119 1093 2185 excellentior.
1110 2121 1184 2204 Qua

120 2244 156 2290 tu
164 2247 233 2288 non
245 2221 349 2287 modo
362 2238 499 2287 cunctos
507 2221 696 2286 antecellere
708 2221 836 2312 gloriari
845 2239 948 2310 potes,
960 2246 1074 2288 verum
1081 2249 1184 2313 quum

123 2330 273 2396 bononiae
286 2329 430 2417 legatum
445 2349 536 2416 agas,
549 2326 684 2416 patriam
700 2343 845 2391 nostram
858 2327 919 2392 hac
931 2351 996 2393 una
1005 2331 1123 2396 virtute
1137 2333 1186 2396 fe·

125 2437 304 2501 licissimam
314 2432 464 2510 reddisti‚
476 2432 652 2521 praesertim
666 2455 734 2520 quo
747 2433 816 2497 haec
828 2433 1007 2499 scribebam
1022 2452 1185 2525 tempore,

126 2565 222 2630 quum
232 2539 346 2605 divino
357 2539 491 2603 consilio
500 2539 631 2604 tertium
641 2541 808 2620 Catonem,
815 2539 1012 2630 Lycurgum,
1022 2543 1186 2627 Solonem,

127 2649 315 2726 Zaleucum,
326 2646 485 2709 Pittacum
493 2644 589 2708 nobis
600 2646 637 2708 R.
651 2643 804 2709 bernard.
814 2646 966 2710 Roscium
978 2647 1185 2732 dictatorem,

128 2773 357 2838 summumque
372 2749 611 2837 magistratum,
624 2764 656 2812 et
671 2749 873 2838 prolegatum
889 2772 958 2814 esse
968 2753 1116 2818 voluisti:
1132 2754 1189 2842 qui

128 2857 312 2922 affabilitate
325 2853 518 2930 comissima,
535 2853 684 2940 aequitate
699 2853 912 2935 libratissima,
922 2854 1061 2938 justitia,
1076 2862 1190 2924 sancti-

130 2980 208 3046 tate,
233 2959 434 3040 seditiones,
456 2957 549 3039 odia,
571 2957 752 3040 latrocinia,
774 2958 959 3046 parricidia,
981 2977 1190 3051 monstraque

131 3069 249 3132 urbana
263 3055 534 3146 inurbanissima,
554 3079 592 3127 ut
603 3064 759 3128 Hercules
775 3064 884 3152 Augias
896 3065 1040 3148 stabula,
1055 3089 1191 3133 conver.

130 3197 215 3258 rere,
224 3175 430 3260 lustrareque
441 3193 509 3234 non
519 3169 688 3235 dubitarit.
700 3171 841 3253 Doctus,
856 3171 1030 3259 eloquens,
1040 3195 1191 3257 severus,
1266 3228 1267 3234 ,

131 3287 287 3365 clemens,
301 3281 451 3370 princeps
468 3279 509 3344 ad
527 3303 671 3370 unguem
685 3280 802 3363 factus,
818 3280 929 3364 fortis,
946 3297 979 3345 et
994 3282 1192 3369 imperterri-

131 3407 181 3456 tus
199 3389 369 3480 inprimis,
382 3403 494 3476 pastor
516 3387 621 3477 gregis
642 3385 806 3475 egregius,
823 3401 856 3450 et
875 3387 932 3474 qui
949 3389 1088 3452 maxime
1105 3389 1191 3454 vitiis

132 3497 222 3562 nasci
236 3510 366 3584 potest,
383 3493 538 3581 quoniam
555 3492 606 3555 his
625 3491 762 3554 maxime
779 3508 873 3556 caret.
893 3493 932 3556 In
958 3515 1024 3580 quo
1050 3496 1192 3582 populus

132 3603 285 3668 Βοιιοιιίω
308 3600 368 3666 tibi
393 3597 597 3663 concorditer
620 3595 801 3686 applaudit,
818 3613 851 3662 et
875 3615 1048 3681 servatam,
1064 3600 1194 3681 jamjam

133 3723 285 3773 ruentem
293 3705 450 3795 patriam,
470 3702 632 3770 adscribit.
652 3700 716 3767 Sed
726 3702 791 3782 jam
804 3701 893 3766 unde
907 3702 1048 3792 digressa
1063 3721 1130 3787 est,
1149 3729 1196 3770 re-

134 3829 276 3879 vertatur
297 3811 412 3886 oratio.
437 3809 622 3874 Fabricium
642 3809 853 3896 temperantia
875 3808 1055 3892 collustrat,
1077 3813 1197 3897 quain

135 3920 251 3984 virtute
272 3933 311 3982 tu
330 3937 465 4006 regnas,
486 3915 643 3979 Catonem
665 3914 918 4000 Camillumque,
942 3913 1064 3978 nedum
1084 3916 1199 3982 Fabri·

135 4027 238 4108 cium,
251 4024 450 4112 relinquens.
467 4020 530 4087 Sed
539 4022 606 4104 jam
626 4021 722 4084 nimis
736 4021 872 4110 longum
891 4022 1020 4110 loquor,
1034 4022 1114 4087 dum
1133 4026 1199 4090 sin-

136 4133 209 4220 gula
233 4151 456 4209 connumero,
479 4149 550 4216 quae
570 4129 674 4192 fatum
696 4127 886 4215 benignius,
906 4143 940 4191 et
962 4127 1028 4192 caeli
1051 4151 1202 4194 assensus

135 4236 358 4326 indulgentior
375 4234 410 4333 in
423 4249 456 4298 to
471 4255 576 4300 uuum
592 4249 842 4323 congesserunt,
863 4255 930 4321 quo
946 4233 999 4316 fit,
1016 4248 1054 4298 ut
1068 4235 1201 4323 appella·
