3122 5126
231 477 307 545 AD
339 479 387 545 R.
413 477 787 546 JUL.MED1CEM
817 479 1065 548 FLORENT.
1132 504 1190 551 xm

86 608 236 674 tissime
258 605 485 672 collustrabis.
506 605 583 672 Vale
598 621 631 672 et
648 606 720 671 vive
737 623 788 671 ter
803 607 897 693 felix,
914 625 946 674 et
961 631 1057 700 supra
1074 612 1192 684 Nesto-

17 777 18 782 ,
86 737 166 779 rem
183 733 358 778 senesce:
373 733 503 775 memor
515 713 550 774 in
565 710 662 776 horas
676 711 764 775 orbis
773 712 841 776 fere
854 713 1082 780 wtius'oculos
1093 716 1127 780 in
1143 734 1191 801 te,

86 844 162 886 non
181 841 296 884 semis
316 842 358 884 ac
373 817 566 883 Pontificem
584 818 777 901 maximum,
794 841 864 884 esse
879 843 1069 904 convers0s3
1086 823 1193 891 Plato·

88 927 225 1014 nisque
255 923 407 989 subinde
430 923 623 988 sententiam
641 923 729 987 illam
754 946 885 988 auream
910 924 1028 992 habeas
1052 928 1085 990 in
1113 951 1190 1012 ore,

90 1054 203 1121 qnam
221 1031 261 1093 in
278 1029 426 1119 quadam
438 1028 480 1095 ad
491 1029 689 1118 Dionysium
702 1029 836 1118 epistola
850 1030 989 1119 reperies
1002 1031 1052 1097 his
1064 1034 1189 1101 verbis:

15 1207 16 1226 q
92 1139 205 1202 «Non
221 1151 279 1200 est
296 1135 533 1228 negiigendum
547 1158 566 1199 a
583 1136 694 1219 nobis,
710 1135 767 1200 sed
783 1158 893 1200 curam
907 1136 1095 1204 habendum
1112 1155 1195 1206 tem·

92 1245 195 1336 poris
209 1242 469 1330 subsequentis.
483 1241 534 1306 Fit
551 1242 639 1306 enim
655 1258 771 1306 natura
789 1241 928 1330 quadam
947 1260 985 1308 ut
999 1244 1195 1334 ignavissimi

96 1349 268 1414 homines
286 1347 377 1412 nihil
397 1363 530 1431 curent,
553 1371 625 1437 quae
643 1349 685 1414 sit
698 1347 739 1412 de
753 1349 830 1437 ipsis
845 1351 955 1414 sutum
971 1352 1093 1439 opinio.
1112 1353 1195 1418 Pro·

18 1496 19 1527 2
94 1455 269 1520 batissimi
292 1469 411 1518 autem
425 1453 486 1516 viri
505 1468 621 1517 cuncta
635 1453 778 1534 faciunt,
795 1476 862 1540 quo
877 1453 912 1516 in
934 1455 1055 1520 futun's
1070 1459 1193 1524 seculi·

14 1606 16 1643 5
94 1563 184 1626 bene
204 1560 255 1625 de
280 1583 321 1624 se
337 1560 511 1648 loquentes
527 1559 677 1624 homines
692 1558 859 1628 audiant».
872 1561 980 1642 Quam
1000 1584 1061 1651 ego
1078 1565 1190 1644 conje-

95 1684 233 1732 cunam
255 1666 373 1746 facio,
391 1687 461 1730 esse
481 1665 619 1753 aliquem
636 1687 787 1747 sensum,
810 1665 860 1727 hia
882 1665 939 1753 qui
959 1668 1082 1732 mortui
1099 1685 1198 1768 aunt,

10 1800 12 1845 ς
93 1795 213 1838 rerum
248 1785 461 1834 nostmrum.
493 1770 658 1852 Quoniam
680 1770 795 1858 optimi
819 1770 919 1834 animi
941 1772 987 1836 sic
1010 1773 1092 1838 forte
1116 1772 1198 1840 divi-

94 1894 198 1960 nant,
212 1875 401 1942 deterrimi
410 1891 519 1940 autem
527 1897 748 1964 nequaquam.
765 1877 885 1957 Quare,
898 1875 1050 1966 Princeps
1063 1879 1196 1966 optime,

95 1985 209 2048 multo
230 1981 348 2070 magis
368 2002 499 2062 verere,
518 1979 600 2068 quid
622 1980 663 2046 de
686 1996 718 2044 te
738 1981 816 2044 hinc
839 1979 881 2044 ad
903 2003 1006 2046 annos
1031 1999 1197 2048 sexcentos

94 2093 298 2179 loquentur
316 2087 481 2170 ffistoriae,
496 2110 594 2175 quam
612 2111 726 2154 eorum
747 2087 939 2168 hominum,
962 2089 1019 2177 qui
1037 2089 1135 2154 hodie
1150 2091 1198 2155 vi-

97 2211 206 2279 mnt,
226 2193 454 2260 rumusculos
471 2192 608 2282 ineptos.
635 2195 758 2258 Iterum
777 2193 848 2258 vale
865 2193 1038 2260 terbeatus.
