3196 5120
390 518 778 586 ARGONAUTICON
807 522 893 586 LIB.
919 521 985 586 lll.
1160 521 1218 587 185

200 647 305 715 Conla
315 649 442 733 labant,
456 673 534 735 nec,
548 675 620 740 quo
632 652 723 741 regio
734 668 792 716 aut
800 652 1003 736 discrimina,
1018 669 1172 736 cernunt,
1194 675 1220 725 γε

200 768 267 830 Cur
285 765 381 855 galeae
398 765 556 854 clipeique
574 767 709 849 micent,
728 789 809 830 num
825 768 959 857 pervigil
974 769 1070 833 armis

199 878 323 961 Hostis,
342 893 376 944 et
393 880 488 942 exciti
503 878 582 944 dent
600 879 695 944 obvia
708 880 815 970 praelia
829 880 963 946 Colchi:

199 991 313 1056 Donec
330 1008 364 1056 et
379 992 471 1058 hasta
485 995 596 1058 volans
612 993 747 1058 immani
767 993 898 1058 turbine
915 996 1061 1062 transtris

199 1106 366 1188 Insonuit,
383 1107 578 1196 monuitque
593 1123 694 1172 ratem
711 1129 824 1196 rapere
836 1107 930 1172 obvia
947 1131 1028 1174 coecs

199 1223 296 1285 Arma
312 1243 422 1286 manu.
438 1222 593 1312 Princeps
606 1223 728 1312 galcam
742 1221 936 1312 constringit
950 1223 1065 1328 Iason,
1188 1248 1213 1285 so

199 1337 387 1402 Vociferans
398 1360 406 1402 :
417 1367 431 1394 ι
446 1337 589 1402 Primam
604 1337 689 1402 hanc
700 1338 784 1420 uati,
798 1354 908 1426 pater,
918 1339 1027 1428 accipe
1035 1362 1196 1430 puguam3

198 1451 343 1539 Vosque,
360 1452 440 1534 riri,
458 1468 586 1540 optatos
605 1452 671 1518 huc
689 1451 801 1520 adfore
814 1453 935 1518 credite
952 1455 1131 1521 Colchos».

179 1607 184 1616 ·
199 1566 344 1632 Bistonas
361 1567 395 1630 in
410 1565 534 1632 medios
548 1567 752 1632 ceuMartius
769 1568 872 1632 exsilit
887 1570 979 1632 astris

198 1682 336 1763 Currus,
352 1681 410 1746 uhi
425 1682 572 1770 ingentes
590 1682 721 1764 anima,
738 1681 939 1770 clamorque,
954 1683 1105 1772 tubaeque

199 1795 388 1884 Sanguineas
401 1795 513 1875 juvere
528 1795 628 1862 deum
643 1819 652 1862 :
669 1819 737 1878 non
753 1797 884 1886 segnius
901 1799 955 1863 ille
1194 1821 1219 1859 ss

196 1909 343 1996 Occupat
356 1932 431 1990 arra
446 1909 576 1993 furens3
594 1910 741 1998 sequitur
759 1911 806 1975 vis
820 1911 927 1975 omnis
944 1912 1117 1995 Achivum,

197 2023 427 2114 agglomerant
439 2025 551 2102 latera,
570 2041 603 2091 et
617 2024 725 2091 densis
739 2026 926 2091 thoracibus
944 2027 1082 2093 horrens

196 2139 264 2204 Stat
278 2163 411 2224 manus,
424 2140 567 2230 aegisono
585 2164 683 2229 quam
700 2163 762 2206 nec
778 2141 845 2206 fera
861 2157 992 2230 pectore
1006 2144 1098 2234 virgo

196 2255 392 2344 liispulerit,
411 2277 472 2319 nec
488 2254 598 2322 dextra
613 2255 719 2338 Jovis,
737 2255 924 2344 Terrorque
941 2255 1127 2346 Pavorque,

185 2453 222 2518 76.
237 2456 385 2518 uirpswtgit
393 2465 473 2502 amet.
485 2454 538 2502 tlt.
549 2463 604 2518 post
614 2453 690 2502 Pium.
705 2479 736 2490 -
753 2469 791 2516 77.
801 2453 845 2502 llic
855 2469 934 2502 versas
944 2455 1114 2506 slsestsvatic.
1125 2467 1149 2505 et
1159 2461 1216 2506 Bor.

154 2536 222 2584 codd.
233 2545 258 2582 et
268 2536 322 2596 eald.
330 2545 385 2584 aute
395 2537 461 2584 Carr.
473 2561 504 2572 -
518 2549 556 2596 99.
571 2536 692 2598 uaeque.
702 2535 767 2582 irat.
777 2534 831 2582 ΑΜ.
843 2533 919 2582 Colis.
932 2544 976 2582 etc.
989 2537 1088 2586 Morsu.
1100 2540 1151 2585 Jsm
1164 2539 1218 2586 l’ias

154 2631 182 2664 cx
194 2616 264 2664 codd.
281 2617 325 2664 En.

153 2787 225 2842 dubii
233 2797 322 2843 umen
332 2825 340 2853 ,
351 2787 478 2861 quidhoc
488 2786 527 2840 rei
537 2785 585 2850 sita
595 2803 662 2838 num
704 2785 736 2839 1¹.
751 2787 782 2851 Ι,
796 2787 813 2840 3
824 2825 832 2850 ,
845 2789 929 2860 ἡρώων
948 2781 1051 2860 ψυχαὶ),
1071 2804 1095 2841 et
1104 2794 1213 2854 clamor,

152 2869 234 2922 hostis
250 2866 360 2941 qnidam
378 2879 501 2920 externus
515 2877 599 2919 castra
611 2884 662 2918 no·
705 2877 733 2919 et
743 2869 805 2918 mboe
814 2870 971 2936 saguineis,
983 2865 1081 2920 caedem
1093 2870 1216 2922 nuntian-

152 2957 246 3002 ctnrna
267 2947 414 3001 securitatis
431 2963 511 2999 causa
529 2944 662 3016 posuerit,
705 2955 759 3008 tes,
763 2948 863 3013 juvere,
875 2946 959 3016 magis
968 2944 1215 3010 excitavere,deum:

152 3047 186 3082 stt
201 3029 282 3080 couti
298 3026 410 3080 fortasse
427 3025 492 3098 ipsi,
507 3043 570 3078 nam
580 3043 663 3096 paror
705 3023 743 3076 sic
755 3024 835 3077 Jason
850 3038 953 3091 occipiat
970 3043 1031 3076 arva
1040 3027 1215 3097 ficiens,'pri·

153 3105 329 3160 remotissima
350 3105 427 3158 etiam
446 3104 538 3168 timet,
556 3104 662 3157 obviam
706 3121 765 3156 mus
783 3102 811 3154 in
832 3102 1011 3155 coutinentem
1034 3114 1132 3156 terram
1150 3106 1214 3158 ruit.

154 3185 203 3239 sibi
218 3185 414 3256 processissent.
741 3183 787 3251 87.
797 3185 1080 3250 Aggiorsemntiatera,
1094 3185 1213 3237 conferto

186 3282 231 3334 77.
250 3265 310 3316 Jam
324 3281 388 3317 vero
404 3263 479 3316 hasta
493 3265 595 3314 immani
611 3276 663 3314 tar·
706 3261 809 3332 agmine
820 3260 963 3323 incedunt;
977 3265 1060 3313 densis
1078 3267 1213 3316 thoracibus

151 3345 220 3403 iias,
232 3341 365 3396 horrendo
374 3340 661 3404 eumsonimmsdinm
704 3343 806 3393 tomus
812 3379 821 3403 ‚
832 3339 926 3404 firma,
937 3339 1095 3404 immobilis,
1105 3356 1214 3394 statma·

151 3423 178 3476 in
192 3440 288 3476 narem
306 3420 428 3484 advolat,
441 3421 570 3492 jubetque
587 3437 662 3474 mma
705 3440 764 3481 sus,
781 3431 810 3472 ut
821 3437 871 3472 nec
886 3422 961 3490 uirgo
974 3420 1052 3487 fita,
1071 3421 1213 3487 ismerva,

151 3501 237 3555 subito
260 3518 354 3571 rapere
377 3520 454 3551 manu
478 3513 560 3558 σασα,
583 3517 660 3570 quse,
705 3503 832 3567 aegisono,
854 3497 936 3570 aegide
961 3499 1079 3562 munito,
1098 3516 1210 3567 pectore,

151 3580 267 3653 quemin
278 3598 355 3632 nsum
365 3579 606 3648 ,velcontraquos
617 3597 662 3631 ca·
704 3595 754 3632 nec
772 3577 864 3631 dextra
881 3578 994 3631 fulmine
1011 3589 1110 3630 armata
1126 3581 1212 3645 Jovis,

150 3671 290 3731 petentur,
303 3657 391 3712 adhue
406 3657 566 3728 ignorarent.
581 3657 659 3710 Prin·
702 3675 752 3710 nec
776 3663 864 3710 Ten-or
883 3665 1026 3726 Pavor-qus,
1048 3662 1137 3710 Martis
1155 3665 1213 3728 equi

150 3759 221 3806 ceps,
239 3739 359 3810 primus,
375 3742 477 3806 galeam
495 3739 655 3804 cressangis,
703 3734 766 3804 (vid.
776 3737 820 3800 ΙΙ,
832 3743 880 3800 sos
888 3739 909 3802 ),
919 3740 1061 3805 dispellere,
1073 3736 1211 3809 disjicere,

149 3815 206 3870 lora
217 3817 313 3871 fortius
325 3815 457 3870 contrahit
468 3816 568 3879 lason,
586 3815 658 3870 roci·
702 3813 861 3885 ordinesque
871 3815 973 3868 solvere
984 3816 1139 3886 potuissent.

150 3896 237 3950 larana
246 3914 254 3950 ε
264 3897 305 3948 En
317 3897 323 3948 l
334 3907 395 3948 vota
403 3895 552 3966 explentur,
562 3908 657 3962 optatos
737 3894 781 3948 88.
791 3897 912 3961 AEgisono
920 3909 1019 3961 pectore
1028 3899 1109 3964 virgo.
1120 3899 1207 3950 Mase-

148 3977 291 4044 luscadsors
300 3979 408 4034 Colchos,
417 3973 482 4026 socii
490 3971 578 4026 dilecti
587 4009 596 4038 ,
605 3993 657 4026 crs·
700 3973 754 4024 rius
769 3991 817 4042 per
829 3972 901 4034 haec,
915 3973 1037 4044 intelligit
1049 3975 1206 4041 Bellonarn;

151 4056 212 4117 ite,
223 4051 380 4123 cogitatione
390 4051 490 4123 fingite.
699 4077 713 4097 «ι
723 4050 796 4123 quod
810 4069 865 4104 non
875 4053 972 4124 probo,
984 4053 1069 4125 inquit
1079 4055 1190 4110 Carrion
1200 4095 1209 4121 ,

172 4133 654 4197 83.UtiMars,Martiascnmtsasuis,
699 4130 870 4202 nequeenim
884 4149 943 4184 eam
955 4131 1037 4204 aegide
1046 4134 1086 4186 uti
1099 4153 1210 4206 usquam
1307 4132 1311 4140 ’

149 4211 228 4276 cislo,
242 4216 267 4264 in
282 4214 514 4273 medioxumam,
527 4209 655 4274 Thracas,
701 4210 789 4282 legiam
808 4207 870 4263 vide
889 4209 924 4264 ad
940 4211 1041 4266 calcem
1060 4215 1139 4286 hujus
1150 4213 1211 4267 libri

149 4285 558 4364 eesttc‚quumingsiasaatma
567 4290 656 4361 (Hom.
702 4300 758 4344 not.
773 4289 816 4344 88.
836 4290 884 4342 Fas.
