3192 5128
277 521 399 592 JUSTI
424 521 719 593 ZINZERLINGI
743 523 1006 596 DEDICATIO.
1105 548 1188 594 xcm

105 653 261 736 exitium,
281 653 383 743 majtu
398 654 485 716 mori
498 650 620 716 malum
628 701 638 733 ‚
651 667 690 717 ut
705 652 834 718 Senecae
849 651 978 738 dicitur,
993 655 1185 721 revehendo.

107 761 144 822 ln
168 758 252 846 quis
276 759 306 822 si
328 757 531 823 committam
549 758 746 848 Argonautis
768 759 887 824 nostris
905 759 1075 824 hominem
1093 784 1188 850 pere·

107 864 325 954 grinantem,
348 875 448 928 ovum
463 887 526 929 ovo
544 867 765 952 comparatum
792 863 916 952 quiris,
931 866 990 930 etsi
1003 865 1079 931 ¹non
1096 865 1188 930 valde

107 970 271 1058 lynceus,
288 968 406 1035 videat.
434 969 504 1059 Ego
521 992 610 1034 nunc
628 969 659 1034 ei
670 969 717 1034 rei
732 968 802 1034 haec
819 969 928 1057 tetigi,
943 986 981 1034 ut
998 970 1189 1054 ostendam,

110 1097 160 1140 me
185 1073 277 1140 adeo
304 1092 418 1141 contra
437 1074 594 1140 decorum
619 1096 686 1140 non
715 1071 838 1157 lacere,
867 1075 958 1162 quod
981 1076 1103 1141 Heroas
1126 1075 1190 1141 hos

111 1179 209 1243 maria
229 1178 383 1267 primum
410 1180 596 1269 ingressos,
615 1179 778 1244 aValerio
793 1179 909 1244 Flacco
932 1193 1095 1260 cantatos,
1115 1180 1188 1268 quis

113 1307 184 1349 meu
195 1286 304 1349 etiam
320 1285 426 1374 opella
441 1283 554 1374 (quod
566 1283 744 1375 praefiscine
758 1283 882 1350 dictum
897 1283 995 1372 volo)
1011 1285 1118 1349 cultus
1133 1285 1189 1349 ali·

113 1391 181 1480 quis
196 1392 357 1473 accessit,
370 1391 498 1457 homini
516 1391 736 1481 peregrinanti
753 1389 879 1456 dedico.
901 1391 1001 1473 Quod
1018 1391 1076 1456 tibi
1094 1413 1189 1472 vero,

111 1497 236 1578 juvenis
256 1497 478 1581 nobilissime,
494 1520 534 1562 ex
557 1510 608 1562 tot
624 1496 694 1562 aliis
711 1497 772 1562 uni
787 1497 834 1561 illi
851 1518 886 1561 se
908 1498 1044 1579 sistunt,
1060 1519 1103 1561 ne
1125 1497 1188 1560 mi·

115 1603 199 1668 reris.
224 1603 350 1669 Debeo
370 1604 435 1669 hoc
449 1603 574 1669 nationi
591 1619 673 1681 tuae,
696 1625 736 1668 ex
753 1625 817 1691 qua
835 1618 886 1667 tot
901 1603 1041 1684 amicos,
1065 1625 1105 1667 ex
1122 1625 1190 1691 quo

116 1706 311 1774 Aoedemias
326 1710 467 1792 incolui,
480 1709 636 1799 obtigisse
651 1707 732 1773 mihi
746 1709 825 1773 olim
840 1724 975 1773 testatus
989 1709 1054 1790 fui,
1070 1730 1192 1796 eosque

118 1814 297 1903 plerosque
318 1839 431 1882 omues
447 1840 466 1882 ι
481 1817 548 1881 tuis
564 1816 720 1905 dynastiis
735 1815 788 1880 vix
805 1837 908 1879 unum
926 1815 1128 1902 alterumque
1149 1813 1191 1878 ad

118 1917 253 2007 lapidem
273 1937 427 1988 remotos.
442 1921 556 1986 Debeo·
570 1922 652 2005 hoc,
663 1929 702 1986 tlt
713 1921 848 2010 propius
860 1921 986 2008 loquar,
995 1919 1191 1985 benevolen-

120 2029 167 2094 tiae
184 2043 216 2092 et
235 2027 392 2092 amicitiae
407 2042 560 2110 tuorum,
571 2049 654 2116 quos
671 2028 837 2114 profectus
852 2025 907 2089 hic
919 2024 1099 2112 reliquisti:
1117 2023 1190 2111 quis

122 2153 243 2201 tantum
268 2157 341 2198 non
359 2133 508 2198 assiduus
527 2148 560 2196 et
575 2131 762 2214 accubuus‚
776 2130 857 2194 dum
871 2130 966 2214 abes,
983 2131 1084 2193 latero
1100 2129 1188 2192 haesi.

124 2236 227 2308 llebeo
239 2234 311 2306 hoc
322 2241 462 2304 lortunae
463 2261 559 2327 ,quae
574 2260 649 2302 cum
661 2237 783 2302 Achate
799 2253 867 2318 tuo,
878 2235 944 2301 fido
960 2252 1101 2324 pectore,
1112 2235 1190 2298 olim

124 2349 152 2411 in
167 2347 322 2413 Andibus
339 2361 372 2410 ct
386 2344 586 2433 Biturigibus
608 2344 689 2408 mihi
706 2343 856 2434 cognito,
874 2323 1021 2430 adeoque
1033 2358 1144 2406 tecum
1159 2357 1192 2404 et

126 2477 192 2518 cum
209 2455 277 2518 tuis
299 2474 352 2516 me
368 2449 618 2557 necopinantem
630 2447 665 2510 in
678 2447 745 2512 hoc
759 2447 920 2537 gallicanae
939 2445 1053 2511 insulae
1070 2445 1193 2536 angulo

126 2557 275 2625 conflixit.
304 2545 375 2623 Nec
405 2556 505 2646 igitur
526 2576 642 2619 ausum
668 2555 733 2618 hoc
758 2577 869 2636 meum
893 2555 1042 2650 pluribus
1062 2571 1191 2617 excuso

129 2667 209 2749 Quin
225 2664 343 2768 potius
362 2663 460 2727 deum
471 2684 628 2743 veneror,
643 2677 681 2724 ut
697 2677 741 2740 te,
758 2659 907 2724 conlecto
930 2665 1029 2724 cursu
1050 2674 1125 2740 tuo,
1140 2677 1191 2722 so-

129 2773 233 2860 spitem
256 2787 292 2836 ct
316 2756 517 2834 incolumem
543 2755 637 2831 nobis
661 2789 759 2864 quarn
785 2759 967 2860 felicissime
983 2763 1135 2846 reducat,
1154 2780 1192 2828 ut

129 2901 175 2941 cur
166 2877 314 2943 absenti
328 2875 495 2964 epistolam
508 2873 593 2937 hanc
602 2871 731 2936 destino
733 2885 903 2970 paresentr
893 2867 1050 2934 reddero
1059 2869 1191 2958 possim

129 2973 204 3050 B.V.
219 2980 379 3074 Lugduni
395 2978 529 3070 postrid.
542 2977 604 3044 kal.
619 2977 795 3044 Novembr.
810 2957 992 3041 MDCXV'I.
1058 3079 1061 3086 1
