3246 5112
340 519 380 584 52
641 516 676 578 C.
704 514 896 577 VALERll
926 513 1096 577 FLACCI
1154 519 1156 530 “

383 650 473 732 Quot
490 667 638 734 proceres
657 660 815 731 natosque
833 643 948 723 dcum,
967 667 1038 731 quae
1056 642 1173 706 robora
1193 663 1304 706 cernes

383 763 561 850 Oppetere,
578 772 611 821 et
628 758 751 846 magnis
767 758 876 821 Asiam
895 754 1073 820 concedere
1089 754 1177 819 fatis!
1240 745 1241 751 ἵ

381 876 465 940 Hinc
481 876 630 938 Danaum
647 870 687 935 de
705 869 769 934 fine
783 870 887 952 sedet,
903 886 1079 960 gentesque
1096 870 1214 933 fovebo
1362 889 1400 929 sss

382 989 460 1052 Mox
478 987 570 1052 alias:
585 999 716 1073 pateant
734 999 876 1064 montes,
892 983 1058 1070 silvaeque,
1077 983 1245 1070 lacusque,

383 1097 571 1188 Cunctaque
588 1099 723 1164 claustra
741 1098 854 1177 maris3
873 1119 946 1184 spes
963 1112 995 1160 et
1012 1111 1116 1160 metus
1132 1095 1284 1160 omuibus
1300 1112 1368 1160 esto

382 1216 522 1280 Arbiter.
541 1216 614 1301 lpse
633 1213 721 1275 locos
740 1226 932 1298 terrenaque
949 1233 1075 1274 summa
1091 1210 1254 1276 movendo

383 1329 552 1417 Experiar,
567 1349 714 1415 quaeuam
732 1324 862 1414 populis
879 1325 1066 1414 longissima
1083 1325 1207 1389 eunctis
1296 1325 1299 1332 ’

383 1446 493 1534 Regna
508 1442 620 1521 velita,
638 1441 849 1527 linquamque
866 1437 954 1502 datas
972 1439 1030 1502 ubi
1048 1435 1157 1503 certus
1169 1439 1342 1502 habenam
1363 1463 1401 1500 so

425 1559 518 1620 Tunc
537 1555 648 1618 oculos
667 1555 776 1642 AEgaea
793 1552 892 1617 refert
909 1551 951 1616 ad
969 1553 1098 1634 caerula,
1115 1554 1217 1616 robur

382 1672 577 1736 Herculeum
594 1668 751 1756 Ledaeque
768 1685 862 1732 tuens
878 1689 995 1758 genus,
1011 1684 1109 1755 atque
1126 1669 1170 1732 ita
1185 1669 1288 1732 fatur:

383 1783 539 1850 «Tendite
557 1784 591 1846 in
610 1799 709 1863 astra,
724 1783 801 1861 viri;
821 1805 873 1846 me
892 1783 1035 1870 primum
1054 1783 1140 1871 regia
1157 1780 1281 1846 mundo

382 1899 484 1988 Iapeti
499 1914 573 1987 post
590 1897 672 1961 bella
690 1897 789 1960 trucis
807 1896 1012 1984 phlegraeque
1030 1897 1156 1960 labores

370 2105 423 2154 663.
434 2107 488 2152 Nea
497 2105 600 2166 pn'rnttm.
617 2103 673 2147 Bou.
683 2100 734 2146 rod.
745 2103 833 2179 bonon.
846 2101 856 2145 l
868 2109 891 2146 et
902 2101 933 2146 ll.
942 2103 1005 2146 Jnnt.
1015 2101 1067 2148 Ald.
1080 2103 1124 2148 liu.

375 2280 437 2334 553.
451 2283 514 2343 Quos
525 2280 594 2344 (nou
605 2289 673 2341 quot,
685 2275 848 2326 consentieu-
892 2286 948 2327 tuto
964 2275 1135 2328 committam,
1154 2275 1247 2340 Miror,
1263 2277 1336 2348 quod
1351 2281 1401 2331 llo-

339 2359 407 2411 tibus
416 2357 520 2427 optime
532 2367 601 2406 note
613 2351 762 2415 codicibus,
775 2366 800 2403 et
813 2354 848 2404 cb
891 2373 983 2408 nsanos
1007 2373 1084 2418 suos,
1104 2375 1170 2427 quos
1192 2353 1219 2407 in
1241 2353 1333 2409 auimo
1351 2357 1400 2410 ha·

339 2435 528 2508 sequensque)
536 2452 661 2500 proceres,
673 2432 792 2502 regulos,
803 2453 846 2482 na·
891 2433 961 2497 buit,
975 2433 1070 2488 diserte
1079 2454 1133 2486 non
1144 2435 1399 2499 nominetValerius‚

337 2517 510 2582 tosqaedeam,
523 2533 578 2579 (μαι
587 2515 682 2571 rubera,
693 2511 847 2563 fortissimos
891 2531 957 2582 quos
975 2514 1109 2567 inieaelum
1128 2513 1270 2567 extollendi
1283 2518 1400 2569 occasio-

338 2594 408 2648 vims
418 2631 425 2656 ‚
438 2611 522 2644 remes
529 2589 636 2670 Bellpna
645 2627 651 2652 ‚
661 2605 769 2658 oppetere
777 2609 847 2644 mor·
890 2610 950 2643 nem
960 2592 1032 2644 haud
1040 2585 1116 2645 facile
1125 2592 1260 2646 dimittunt
1270 2597 1400 2666 augusten

338 2685 408 2735 tem,
432 2684 456 2722 et
473 2672 572 2736 magnis
589 2672 676 2720 Asiam
696 2674 843 2730 concederet
889 2672 970 2723 aetatis
981 2683 1072 2741 poetae.

338 2751 508 2804 succumbere
515 2785 523 2814 ,
529 2748 594 2816 fatis
605 2755 616 2796 !
926 2750 986 2802 561.
1006 2751 1082 2802 'lbmc
1102 2751 1192 2802 erulos
1215 2753 1344 2817 conuertit
1364 2751 1399 2805 sd

375 2831 437 2884 555.
457 2831 537 2887 Hinc,
556 2845 588 2878 ex
600 2826 652 2879 hec
665 2825 752 2900 Trojoe
767 2845 847 2898 expu·
890 2846 964 2880 mure
977 2832 1104 2900 AEgtequn.
1112 2833 1235 2881 -rtotrr
1244 2834 1397 2892 herculeum,

337 2910 482 2981 guntione,
503 2911 619 2960 Danaum
641 2909 672 2956 de
685 2907 743 2975 fine
764 2909 844 2965 seder,
892 2909 947 2974 βίαν
965 2895 1110 2981 llptrdabr,
1131 2909 1271 2962 Herculem
1296 2911 1399 2980 ipsum,

338 2989 445 3042 Greciae
464 2985 609 3057 potentiam
630 2984 753 3054 frangere
775 2994 847 3036 certo
891 2985 1398 3051 sedfortemeumetrobustum,r'umeus,

338 3067 410 3141 apud
426 3066 542 3120 animum
555 3062 692 3125 constitui;
705 3073 848 3134 gentesque
892 3081 915 3116 ee
933 3070 1007 3117 Ledoe
1027 3087 1122 3136 genus,
1149 3067 1232 3130 lilios,
1248 3069 1358 3121 Castora
1375 3081 1401 3122 et

341 3147 437 3199 fovebo
448 3161 508 3196 mox
518 3140 597 3204 nlias3
612 3151 697 3210 pateat
707 3152 776 3192 terra
788 3159 850 3192 eon·
892 3145 1041 3207 Pollucem,
1057 3158 1136 3215 atque
1149 3147 1184 3197 ita
1204 3146 1291 3198 fatur:
1312 3154 1401 3200 tendite

340 3218 850 3290 tineusomnibns,pateantclausnbuc·
893 3227 918 3274 in
947 3239 1013 3274 astra
1035 3227 1098 3284 ariri,
1127 3223 1207 3295 idque
1233 3243 1292 3278 meo
1318 3228 1400 3299 ipsius

340 3322 423 3376 usque
435 3300 534 3363 marin,
544 3319 598 3366 spes
614 3313 639 3348 et
650 3313 725 3348 metus
741 3301 848 3349 omnibus
894 3303 1030 3372 exemplo,
1044 3323 1114 3370 quem
1132 3308 1202 3372 regia
1218 3304 1289 3369 caeli,
1308 3307 1399 3368 Olym-

339 3399 389 3437 esto
403 3385 497 3439 arbiter,
511 3389 589 3448 prout
599 3395 662 3448 gens
674 3394 784 3447 queque
797 3389 849 3429 ter·
892 3399 942 3451 pus
968 3381 1078 3453 (reliqui
1100 3381 1155 3446 dii,
1179 3383 1318 3436 concilium
1340 3366 1400 3438 deo-

339 3481 384 3516 ras
394 3462 421 3512 in
430 3456 518 3511 medio
527 3456 625 3527 positas
633 3471 763 3526 occupare
772 3475 848 3526 posse
891 3462 985 3526 mm),
1006 3465 1117 3528 imposuit
1137 3467 1244 3523 mundo,
1269 3483 1400 3518 summum
1426 3471 1427 3476 ’

340 3550 442 3612 speret,
455 3537 497 3590 vel
507 3535 564 3588 aliis
574 3532 718 3587 concedere
727 3547 846 3604 cogatur.
892 3536 988 3601 deum,
1009 3539 1102 3592 muudi
1121 3544 1324 3612 gubernatorem
1345 3563 1401 3598 esse

376 3617 437 3673 558.
453 3621 524 3683 Ipse,
540 3627 635 3665 terrena
648 3633 742 3664 summa
754 3633 849 3666 ruoven·
891 3615 975 3668 voluit
993 3619 1003 3686 (
1011 3617 1069 3672 vide
1083 3621 1154 3673 iufra
1170 3623 1239 3683 668,
1260 3634 1286 3674 et
1296 3622 1401 3693 Virgilii

339 3703 382 3758 ιο,
397 3705 455 3766 post
464 3691 618 3746 translatam
628 3691 707 3744 modo
718 3689 752 3745 nd
762 3691 847 3756 hauc,
893 3695 991 3767 Georg.
1002 3699 1031 3761 1,
1042 3699 1107 3764 503;
1119 3701 1249 3762 AEn.VlI‚
1261 3704 1340 3770 aro),
1353 3703 1401 3756 sed

340 3774 421 3830 modo
443 3770 478 3824 sd
499 3771 571 3823 illam
596 3782 699 3842 gentem
722 3771 847 3843 majorem
892 3787 952 3845 pust
967 3777 1036 3830 bella
1051 3776 1157 3831 demum
1175 3798 1229 3828 cnm
1242 3781 1341 3845 Iapeto,
1355 3781 1401 3833 Ti·

249 3865 253 3873 “
339 3853 502 3930 potentiam,
526 3855 592 3902 locos
614 3853 744 3917 experiar,
769 3851 848 3904 obibo
892 3863 971 3918 tene,
984 3870 1061 3916 oure,
1077 3855 1148 3909 hand
1159 3873 1252 3927 parum
1264 3855 1400 3924 timendo,

338 3949 438 3992 terras,
449 3931 487 3982 nti
498 3931 577 3999 paulo
587 3941 683 3999 postv.
697 3931 848 4002 567exp10-
892 3943 918 3985 et
936 3951 997 3986 eum
1016 3934 1171 4007 Gigantibus
1186 3939 1211 3986 in
1228 3939 1320 4004 campis
1332 3942 1402 4004 phle-

338 4015 419 4075 mho,
430 4027 488 4082 que
499 4009 663 4079 potissimum
672 4011 749 4077 (uam
760 4008 848 4063 adhuc
890 4014 1103 4078 grancearum.
1117 4015 1284 4085 Propertius,
1297 4015 1353 4082 111,
1367 4035 1400 4086 9,

339 4092 437 4148 dubius
451 4089 526 4156 sum)
536 4086 617 4159 digua
627 4087 675 4149 sit,
689 4088 732 4140 eui
741 4087 847 4158 relique
893 4091 937 4151 48,
944 4091 1009 4161 juga
1019 4091 1161 4162 Phlegraea,
1172 4104 1197 4144 et
1207 4093 1248 4155 11,
1267 4113 1292 4156 r,
1304 4095 1349 4163 39,
1360 4107 1401 4150 tu·

246 4179 248 4184 '
339 4189 431 4226 omres
451 4182 531 4239 quem
555 4165 698 4218 diutissime
719 4180 846 4236 pareant,
892 4168 990 4220 multus
1005 4169 1171 4242 Phlegraeon
1186 4172 1298 4234 Statius,
1313 4175 1399 4227 Achil.

340 4252 435 4325 cuique
448 4262 579 4301 stunmum
598 4243 739 4318 imperium
759 4265 846 4300 urenm
891 4248 920 4312 1,
932 4248 998 4313 484,
1012 4250 1249 4323 castraPhlegrres.
1261 4252 1311 4304 Eo.
