3122 5126
370 549 426 596 nv
622 527 947 597 nnunsuvrus
978 509 1171 597 astaus

412 659 455 720 At
479 657 536 743 qui
560 653 698 720 candido
721 656 913 746 integroque
930 655 1054 737 judicio
1078 656 1290 745 pronuntiare
1306 657 1431 740 volent,

369 763 549 828 censebunt
564 763 711 851 profecto
729 784 788 826 nos
807 761 976 851 indignos,
998 763 1056 850 qui
1071 763 1123 826 vel
1137 761 1316 847 levissime,
1333 763 1360 828 si
1376 787 1434 828 uo·

368 886 471 934 strum
488 890 608 933 munus
620 869 755 956 implere
766 869 1018 956 nequiverimus,
1031 867 1319 956 reprehendamur,
1330 870 1432 934 scien·

367 1082 563 1157 necessario,
579 1097 612 1144 et
625 1096 752 1145 coactos
768 1078 956 1161 accessisse,
970 1079 1134 1166 fuisseque
1147 1079 1217 1142 haec
1229 1095 1339 1162 nostra
1354 1095 1433 1144 tem·

366 1186 454 1274 poris
465 1185 573 1274 potius
586 1184 688 1266 furta,
702 1206 799 1271 quam
812 1182 935 1247 studia:
949 1198 1046 1270 atque
1057 1182 1122 1246 hoc
1134 1198 1241 1247 totum
1254 1183 1323 1247 fere
1336 1207 1433 1272 opus·

368 1293 478 1356 culum
500 1291 535 1354 in
557 1291 678 1354 lectulo
696 1290 850 1372 jacentes,
865 1311 926 1354 nec
940 1288 1096 1352 mediocri
1117 1287 1208 1352 febre
1228 1290 1430 1377 complicitos

365 1397 560 1478 elaborasse,
574 1411 607 1459 et
620 1395 665 1459 sic
678 1395 771 1482 plura
785 1393 919 1457 sortasse
932 1393 1131 1484 praestitisse,
1145 1415 1242 1481 quam
1259 1395 1430 1462 Bartholo-

365 1526 483 1568 maeum
495 1501 668 1583 Fortium,
685 1523 784 1588 quam
800 1498 1009 1568 benedictum
1024 1499 1241 1589 Philologum,
1250 1500 1308 1588 qui
1324 1523 1429 1588 quum

283 1591 295 1612 ’
365 1631 548 1690 summam,
571 1623 609 1670 ut
630 1607 691 1694 ipsi
710 1604 902 1688 credebant,
927 1625 1038 1670 curam
1065 1604 1328 1694 diligentiamque
1351 1605 1430 1670 huic

364 1717 456 1804 operi
479 1711 665 1802 castigando
690 1711 933 1792 adhibuissent,
963 1733 1031 1774 non
1053 1710 1162 1798 ipsum
1188 1709 1288 1775 modo
1313 1733 1430 1799 poema

360 1819 649 1909 ,corruptissimum
665 1817 841 1903 reliquere,
860 1837 975 1880 verum
992 1831 1024 1881 et
1034 1817 1295 1904 Argonautarum
1312 1817 1430 1880 catalo-

363 1951 446 2017 gon,
473 1924 563 2014 quod
581 1921 774 2011 pudendum
800 1937 867 2002 est,
894 1943 933 1985 ex
953 1923 1146 2008 Apollonio,
1172 1938 1269 2009 atque
1295 1923 1429 2010 Orpheo

363 2055 431 2097 non
448 2030 675 2120 intelligentes,
690 2026 824 2090 nomina
839 2027 1025 2115 appellativa
1037 2050 1098 2113 pro
1110 2029 1248 2115 propriis
1261 2027 1428 2093 interdum

362 2160 518 2228 posuere,
536 2133 626 2224 quod
644 2148 791 2195 auctores
810 2152 930 2220 graecos
946 2132 1065 2219 legenti
1081 2133 1172 2196 facile
1190 2133 1428 2198 constabitTa-

362 2244 487 2312 xabunt
510 2263 572 2305 nos
592 2238 692 2327 aliqui
707 2238 848 2325 pressius
869 2251 902 2300 et
917 2236 1116 2320 adstrictius,
1135 2238 1293 2326 nulloque
1310 2261 1430 2302 sermo·

362 2352 412 2416 nis
426 2351 551 2438 lepore,
565 2348 633 2411 haec
650 2343 851 2425 condidisse,
866 2366 933 2431 quo
947 2344 1122 2408 lectoribus
1137 2343 1279 2408 delicatis
1296 2346 1427 2410 materia

362 2456 483 2545 alioqui
510 2456 635 2543 ingrata
665 2450 913 2516 lenocinaretur.
943 2451 987 2540 At
1011 2449 1112 2532 mihi,
1138 2452 1284 2539 quamvis
1312 2453 1428 2516 fuisset

360 2565 531 2631 consilium
545 2562 614 2626 haec
629 2558 779 2639 hilarius,
793 2556 1016 2638 exsultantius,
1028 2571 1061 2620 et
1076 2557 1274 2621 luxuriosius
1291 2579 1427 2646 compo·

361 2695 456 2753 nere,
474 2687 582 2734 tamen
597 2689 658 2730 nee
670 2664 795 2747 otium,
813 2659 874 2728 nec
885 2679 1014 2752 tempus
1027 2663 1207 2752 suppetisse
1220 2665 1427 2747 asseverabo,

358 2779 499 2864 satisque
525 2773 624 2838 finisse
643 2775 716 2836 strar
739 2769 969 2856 qualicumque
990 2767 1136 2832 Minerva
1161 2768 1196 2831 in
1220 2784 1285 2834 tam
1311 2770 1427 2858 iniquo

359 2883 514 2973 temporis
539 2877 702 2944 curriculo
725 2897 869 2939 exarasse
893 2873 1103 2957 contendam,
1124 2897 1227 2962 quum
1249 2879 1425 2964 praesertim

360 3013 412 3055 res
429 2990 499 3077 ipsa
514 2985 616 3050 levior
633 2982 694 3064 sit,
708 2995 742 3045 et
758 3003 830 3068 quae
845 2990 991 3042 comesta
1006 2979 1112 3044 doceri
1114 3027 1125 3061 ,
1144 2995 1182 3044 ut
1197 3003 1274 3044 cum
1291 2982 1427 3046 Manilio

360 3098 487 3184 loquar,
497 3105 650 3156 ornatum
663 3101 863 3175 aspernetur,
872 3085 1062 3173 nullamque
1072 3084 1219 3150 admittat
1229 3085 1423 3161 facsrndiam.

360 3201 422 3265 Alii
437 3199 515 3262 hinc
531 3191 744 3259 maledicendi
760 3205 890 3254 sument
906 3191 1129 3274 occasionem,
1150 3191 1242 3279 quod
1260 3191 1423 3258 citaverim

362 3308 503 3385 multos,
519 3321 662 3390 quorum
683 3319 780 3386 opera
802 3319 869 3361 non
888 3313 1031 3379 exstent,
1050 3299 1241 3387 scriptores,
1265 3298 1322 3364 sed
1339 3322 1424 3388 quos

359 3416 400 3480 ab
428 3407 659 3499 interpretibus
680 3405 863 3493 Apollonii,
891 3404 1041 3488 Pindari,
1072 3407 1319 3494 multorumque
1344 3408 1424 3472 alio·

358 3543 433 3587 rum
455 3519 568 3583 citatos
583 3513 733 3578 viderim.
753 3511 812 3574 His
833 3534 893 3600 ego
916 3513 1033 3577 lanum
1057 3513 1286 3596 Parrhasium,
1317 3513 1423 3578 virum

358 3650 434 3693 sane
450 3621 723 3698 eruditissimum,
748 3619 894 3707 aliosque
908 3619 1086 3708 permultos
1105 3642 1286 3708 opponam,
1311 3621 1368 3709 qui
1388 3621 1422 3686 id

359 3733 482 3822 priores
504 3729 669 3808 fecerunt,
691 3747 810 3814 meque
828 3724 983 3790 fastidiosi
1003 3740 1036 3790 et
1059 3725 1244 3814 perdelicati
1260 3727 1421 3791 lectorum

358 3836 515 3916 stomachi
532 3835 694 3900 rationem
711 3832 864 3896 habuisse
881 3831 1006 3912 dicam,
1037 3833 1093 3919 qui
1121 3855 1187 3896 non
1216 3831 1423 3898 mediocriter

359 3942 622 4022 offenderentur,
646 3939 674 4003 si
701 3937 829 4025 quoties
854 3938 1032 4026 cujuspiam
1058 3934 1092 4001 id
1119 3959 1223 4026 genus
1250 3953 1420 4001 auctorum

356 4049 579 4116 testimonium
591 4045 801 4124 advocarem,
818 4043 1028 4132 interpretem
1042 4043 1158 4124 etiam,
1173 4067 1191 4106 a
1207 4066 1274 4131 quc
1287 4044 1421 4125 citatur,

357 4157 560 4247 appellarem.
574 4151 762 4218 Admodum
776 4137 880 4239 pauca
897 4149 1047 4214 nonnulli
1063 4149 1174 4215 dicent
1192 4171 1279 4232 esse,
1300 4149 1421 4238 quibus

355 4262 583 4343 interomnia,
604 4281 677 4347 quae
691 4255 861 4338 adnotavi,
881 4255 950 4319 sine
967 4255 1140 4321 formidine
1158 4257 1266 4322 ausint
1284 4257 1420 4321 lectores
