3246 5112
414 505 808 572 ARGONAUTICON
835 509 921 571 LIB.
947 509 972 571 1.

1183 509 1225 596 67

201 646 325 708 Contra
338 640 441 703 effusa
453 660 585 720 manus,
598 638 788 725 haerensque
800 638 834 701 in
847 653 977 728 pectore
992 639 1128 719 conjux:

202 757 277 822 «Me
287 775 437 843 quoque,
445 754 503 830 ait,
513 772 605 817 casus
617 751 786 834 comitem,
799 753 999 841 quicumque
1012 755 1223 842 propinquat,

203 869 366 959 Accipies3
378 889 440 932 nec
455 869 519 932 lata
532 867 673 948 traham3
686 881 864 953 natumque
875 866 994 932 videbo

203 986 251 1049 Te
267 984 353 1067 sine,
370 999 419 1048 sat
435 983 502 1047 caeli
517 983 661 1070 patiens,
676 1002 780 1069 quum
797 983 900 1070 prima
918 1003 977 1070 per
992 983 1092 1048 altum
1187 1011 1225 1065 ,as

202 1101 282 1164 Vela
295 1098 399 1181 dedit,
415 1098 508 1187 potui
524 1119 597 1186 quae
612 1113 740 1161 tantum
755 1096 841 1160 ferre
860 1096 1016 1162 dolorem.
1025 1128 1038 1154 s

249 1215 338 1279 Talia
352 1235 411 1302 per
428 1213 591 1293 lacrimas;
606 1227 639 1276 et
652 1212 718 1293 jam
733 1212 949 1300 circumspicit
961 1212 1083 1292 AEson,
1165 1269 1168 1276 .

204 1330 381 1394 Praeveniat
393 1350 461 1416 quo
477 1325 543 1390 fine
559 1328 679 1404 minas,
697 1347 763 1415 quo
782 1328 845 1391 fata
858 1343 1002 1416 capessat

205 1445 313 1534 Digna
329 1444 424 1524 satis3
443 1463 578 1530 magnos
595 1442 704 1506 obitus
720 1455 900 1529 natumque
914 1441 1134 1531 domumque,

204 1561 246 1624 Et
260 1581 362 1649 genus
375 1557 536 1639 AEolium‚
548 1571 755 1645 pugnataque
769 1577 903 1645 poscere
917 1556 1010 1621 bella.

1190 1593 1227 1632 77ο

204 1675 264 1740 Est
275 1673 371 1738 etiam
385 1686 459 1734 ante
473 1672 585 1735 oculos
599 1671 656 1734 aevi
669 1670 759 1733 rudis
778 1672 874 1734 altera
888 1673 1012 1759 proles,

205 1793 358 1878 Ingentes
375 1789 501 1852 animos
516 1801 548 1850 et
563 1787 660 1850 fortia
677 1784 801 1850 discere
819 1787 901 1850 facta

207 1903 314 1986 Quem
326 1903 418 1984 velit,
434 1917 532 1989 atque
547 1901 625 1965 olim
639 1901 697 1965 leti
712 1901 898 1965 meminisse
913 1902 1048 1989 paterni.

205 2020 292 2108 Ergo
307 2039 394 2082 sacra
413 2031 529 2080 novat:
543 2015 661 2080 veteris
680 2014 741 2080 sub
757 2030 854 2078 nocte
869 2017 1011 2102 cupressi

196 2243 250 2305 764.
261 2245 378 2306 Accipias.
389 2243 480 2288 Bonon.
492 2240 544 2287 cocl.
556 2239 617 2287 Pina.
630 2242 715 2286 Mater.
727 2266 755 2276 -
770 2256 822 2300 77¹·
833 2245 925 2288 AEvum.
935 2241 1009 2288 Vatic.
1021 2253 1044 2288 et
1056 2245 1145 2289 Bonan.
1157 2243 1226 2290 codd.

166 2325 256 2370 Bonon.
271 2323 291 2368 1.
307 2323 371 2368 AEar‘.
389 2323 478 2367 Bonon.
495 2320 526 2364 ll.
541 2319 607 2366 Carr.
621 2318 674 2365 cod.
687 2319 779 2366 lteram.
792 2321 857 2366 Jnnt.
872 2321 958 2382 Maser-
971 2321 1023 2368 Ald.
1038 2323 1083 2368 En.

162 2539 254 2584 natum
277 2527 459 2600 populumque
487 2525 515 2577 in
541 2523 685 2614 auxillum¹

162 2620 283 2670 vocaret3
297 2625 322 2659 v.
338 2624 416 2677 supra
431 2625 474 2672 7¹·

199 2692 259 2752 762.
274 2687 315 2740 lta
328 2685 499 2738 fluctuantem
513 2682 589 2752 erigit
602 2682 672 2734 Alci·

164 2766 250 2820 mede.
263 2768 352 2819 Iccio
369 2764 554 2825 suavissimus,
569 2758 670 2813 dulcis-

162 2846 227 2899 sima
241 2845 386 2920 conjugalis
405 2842 502 2896 amoris
512 2839 610 2911 imago.
624 2839 670 2908 Es·

159 2929 219 2980 susa
233 2945 338 2987 manas,
360 2941 444 2996 graeco
458 2937 546 2985 more,
560 2939 610 2991 pro
631 2919 669 2971 es·

162 3003 292 3067 lundens,
310 3003 468 3076 protendens
486 3017 598 3062 manus,
617 3017 671 3051 ma-

161 3084 244 3136 ritum
260 3082 435 3155 amplectitur.
446 3087 487 3133 Me
501 3097 610 3148 qaoque,
624 3077 668 3139 ait,

162 3164 352 3236 cujuscumque
365 3179 440 3215 casus
454 3159 576 3212 comitem
588 3158 670 3209 habe·

163 3241 219 3305 bis,
241 3263 287 3294 aec
302 3243 365 3310 sata
384 3244 493 3301 tradam,
519 3237 672 3309 protrahere

164 3320 243 3373 vitam
257 3321 355 3386 velim,
368 3335 408 3372 sat
419 3323 473 3371 eecli
480 3322 579 3387 patiens
590 3356 597 3377 ‚
610 3316 672 3368 satis

165 3398 210 3453 diu
232 3418 291 3473 quae
315 3401 383 3463 vixi,
404 3419 449 3451 nec
468 3403 560 3450 sinete
587 3411 670 3447 nomm

165 3479 247 3544 adeo,
259 3481 351 3550 inquo
364 3479 429 3531 mihi
446 3488 506 3530 sunt
514 3475 620 3537 omnia,
633 3479 673 3526 vi-

167 3563 237 3621 debo,
251 3557 341 3611 ridere
358 3557 454 3621 velim,
469 3577 525 3626 qna·
535 3559 605 3624 potati
619 3569 673 3604 tan·

168 3653 213 3688 tum
227 3639 298 3706 ferre
312 3643 434 3698 dolorem,
455 3653 513 3708 quse
532 3635 584 3685 vici
600 3633 675 3685 dolo·

167 3733 221 3768 rem
231 3737 261 3769 ex
271 3717 344 3770 abitu
353 3719 410 3790 ejus
420 3725 574 3784 conceptum
584 3750 591 3775 ‚
600 3731 672 3779 qaam

165 3799 265 3862 primrtm
273 3817 321 3866 per
332 3803 407 3848 altam
421 3799 479 3847 vela
489 3795 564 3844 dedit.
575 3792 618 3844 sic
629 3811 673 3842 or·

168 3872 276 3940 dinato,
297 3895 359 3929 nam
382 3887 512 3927 structura
533 3872 673 3922 verborum

168 3953 194 4004 in
207 3965 328 4006 contexto
343 3953 508 4026 implicatior,
530 3952 599 4004 clara
614 3959 675 4002 sumt

168 4050 263 4085 omnia.

202 4115 341 4183 767.Talia
348 4133 393 4181 per
402 4117 524 4171 lacrimas,
537 4110 675 4162 lacrimans

169 4191 221 4244 lata
227 4211 310 4263 quum
317 4204 383 4244 esset
390 4230 398 4256 ,
406 4195 483 4243 AEson
495 4193 561 4242 mori
571 4187 673 4252 statuit,

714 2522 820 2596 eligeret
834 2545 888 2578 sese
903 2525 1024 2598 (lignum.
1045 2531 1124 2578 Nauis
1138 2537 1163 2578 et
1180 2531 1226 2577 do·

693 2655 696 2664 Α
714 2624 775 2664 raras,
791 2605 893 2676 generis
904 2605 1043 2667 nobilitas,
1055 2617 1081 2658 et
1091 2625 1154 2658 avus
1166 2611 1226 2658 Εσ-

715 2690 752 2736 las
764 2696 789 2736 et
805 2687 869 2741 bella
878 2697 1008 2754 pugnata,
1027 2705 1067 2736 res
1083 2685 1146 2738 olim
1158 2687 1224 2738 insi-

715 2763 800 2834 gniter
810 2755 888 2834 'gestae
898 2801 905 2826 ,
916 2784 1033 2832 magnum
1044 2767 1144 2824 olitana,
1159 2783 1225 2836 prae·

714 2842 814 2894 claram
820 2847 931 2894 mortem
946 2841 1088 2912 postulant.
1096 2843 1225 2896 Versatur

714 2919 793 2973 etiam
806 2923 841 2974 ol)
854 2921 944 2973 oculos
953 2926 1016 2972 alter
1023 2925 1110 2992 filius,
1126 2927 1173 2972 oevr'
1184 2941 1225 2972 ra-

715 3003 766 3061 dis,
784 2999 910 3076 puerulus
924 2999 1012 3053 adhuc
1027 2999 1225 3072 (Promaehus)‚

715 3098 794 3152 quem
806 3091 889 3131 morte
900 3078 1050 3131 voluntaria
1061 3077 1096 3131 ad
1106 3079 1225 3150 ingentes

716 3160 818 3212 animos
825 3171 851 3211 et
862 3159 938 3211 fortia
949 3159 1028 3220 lacta,
1038 3171 1111 3225 atque
1118 3162 1174 3209 olim
1185 3161 1226 3210 leti

716 3243 852 3292 raeaaiaisse
862 3241 976 3308 polemi,
993 3237 1028 3291 ad
1036 3256 1128 3290 necem
1144 3235 1226 3310 patris

716 3318 895 3372 ulciscendam
912 3318 986 3369 rnalit
1002 3318 1123 3370 excitare.

751 3405 812 3470 774.
820 3401 888 3466 Ergo
895 3418 967 3448 sacra
976 3410 1058 3448 noval.
1068 3395 1151 3448 vid.v.
1161 3395 1224 3466 755.

720 3483 812 3530 Veteris
826 3481 868 3530 sub
882 3492 965 3538 nocte,
984 3477 1087 3538 umbra,
1102 3479 1222 3543 cupressi,

718 3562 829 3610 sordidus
847 3572 871 3609 ct
884 3562 959 3608 malta
969 3561 1067 3626 pallens
1075 3557 1222 3624 femlgine’,

719 3640 797 3690 Ierrei
810 3638 920 3704 coloris,
933 3638 1038 3701 fuscus,
1051 3639 1134 3687 stabat
1143 3639 1226 3687 adhuc

716 3737 748 3770 ex
764 3719 910 3790 interrupto
924 3716 1054 3770 sacrificio
1069 3729 1168 3775 taranta,
1185 3718 1228 3766 cai

717 3804 818 3850 cer-talea
827 3839 834 3862 ‚
844 3799 925 3869 nigrae
935 3800 971 3864 (v.
982 3795 1079 3866 Virgil.
1093 3799 1154 3848 AEn.
1166 3797 1206 3848 Ill
1217 3835 1224 3860 ‚

717 3883 765 3942 64,
781 3889 805 3930 et
822 3877 890 3928 inlra
910 3877 964 3936 lll,
984 3879 1058 3944 400),
1072 3897 1225 3944 percurram

718 3960 798 4015 victae,
813 3972 836 4007 et
847 3960 903 4006 taxi
914 3959 1004 4028 (cujus
1016 3956 1116 4008 arboris
1130 3975 1226 4008 succus

720 4049 744 4088 et
757 4037 824 4087 rami
837 4033 909 4106 apud
925 4036 1022 4086 inleros
1039 4035 1116 4086 etiam
1133 4035 1160 4085 in
1175 4053 1225 4086 usu

719 4128 794 4168 erant
813 4133 819 4164 :
838 4135 916 4178 nam,
935 4117 956 4166 si
976 4113 1057 4168 Statio
1076 4113 1223 4175 credimus,

718 4195 802 4247 Theb.
811 4195 891 4255 VIII,
902 4213 917 4262 9
929 4232 936 4255 ‚
950 4191 1022 4245 luriae
1039 4191 1110 4266 faces
1124 4211 1155 4244 ex
1174 4192 1224 4243 hac

168 4271 281 4325 incertus
290 4291 338 4340 qno
337 4275 405 4344 fiae,
414 4267 485 4342 quod
494 4289 576 4340 genus
584 4268 675 4322 mortis
718 4275 812 4328 arbore
825 4273 963 4345 parabant)
974 4275 1045 4334 frons
1059 4271 1122 4324 la'rta
1133 4273 1223 4328 comis,

1041 4369 1074 4438 5.
