3192 5128
356 553 377 600 c
644 533 800 604 PETRI
833 531 1116 604 BURMANNI

355 661 463 740 luisti,
479 662 561 725 nihil
578 661 619 726 ad
636 661 804 727 homiuem
820 661 1003 727 ornandum
1013 679 1070 745 ,et
1081 661 1121 726 ad
1140 683 1308 730 summum
1320 669 1431 731 etiarn

356 763 518 854 dignitatis
531 768 693 858 fastigium
705 768 909 833 evehendum
923 767 1023 856 magis
1038 790 1107 832 esse
1118 769 1433 852 accommodatum,

355 894 453 958 quam
475 875 809 960 praestantissimarum
828 873 946 939 astitum
967 871 1090 957 studia,
1113 874 1233 963 quibus
1249 877 1374 942 nobilia
1394 891 1433 941 et

355 998 509 1065 generosa
524 977 700 1057 juventutis
723 995 855 1068 pectora
879 980 907 1043 si
932 978 1137 1061 imbuantur,
1154 979 1238 1046 bene
1265 983 1433 1047 omnibus

355 1083 479 1148 civibus
496 1084 537 1148 de
551 1087 661 1174 patriae
676 1085 954 1151 administratione
968 1100 1097 1173 sperare
1113 1101 1146 1149 et
1162 1090 1315 1177 augurari
1326 1090 1426 1153 licet.

355 1189 451 1271 Nam,
464 1191 491 1254 si
505 1214 686 1280 numquam
708 1191 856 1257 videmus
871 1192 998 1255 clavum
1010 1192 1099 1256 navis
1116 1193 1276 1258 committi
1290 1193 1431 1259 homini

355 1295 461 1360 omnis
477 1299 612 1362 nauticae
626 1297 800 1387 disciplinae
810 1295 1030 1386 ignarissimo,
1042 1295 1099 1360 sed
1114 1297 1285 1387 imperium
1301 1299 1431 1366 carinae

356 1423 425 1464 esse
439 1424 538 1488 penes
553 1424 625 1486 eos,
640 1405 697 1491 qui
712 1427 731 1468 a
746 1403 849 1492 prima
860 1419 951 1468 aetate
964 1423 1023 1490 per
1037 1402 1142 1467 varios
1158 1403 1274 1470 lluctus
1288 1407 1429 1486 jactati,

354 1523 527 1571 ventorum
542 1508 663 1572 rabiem
678 1509 856 1591 declinare,
868 1520 1005 1573 aestuum
1016 1506 1175 1572 lerrmem
1185 1512 1350 1601 frangere,
1361 1535 1427 1582 va·

355 1607 473 1672 dorum
495 1609 611 1674 infesta
626 1611 736 1676 brevia
757 1627 790 1676 et
811 1611 961 1699 scopulos
977 1609 1095 1673 evitare
1111 1608 1312 1693 didicerunt,
1337 1611 1427 1701 quid

356 1716 456 1804 magis
472 1715 667 1801 absurdum,
691 1733 723 1783 et
744 1717 855 1807 generi
874 1718 1020 1782 humano
1039 1712 1228 1782 damnosius
1245 1717 1427 1808 excogitari

355 1838 479 1908 posset,
496 1823 709 1910 quamtotius
727 1825 913 1914 reipublicae
928 1827 1147 1918 gubernacula
1165 1825 1297 1890 eredere
1310 1823 1427 1888 horni-

356 1925 469 2008 nibus,
484 1927 541 2015 qui
554 1927 676 1992 nullam
693 1953 804 1994 rerum
822 1928 964 1997 civilium
976 1921 1145 2015 notitiam,
1157 1955 1196 1996 ex
1211 1930 1359 2020 priorum
1376 1928 1428 1992 ei-

354 2031 502 2096 vitatium
524 2035 597 2098 fatis
617 2033 806 2100 hauserunt
823 2037 911 2120 Alia,
933 2053 966 2102 et
979 2037 1103 2102 diversa
1120 2061 1139 2102 a
1154 2034 1324 2102 communi
1341 2053 1429 2098 con·

355 2139 547 2223 suetudine,
571 2159 644 2224 tua,
669 2144 718 2208 vir
735 2145 946 2233 amplissime,
964 2147 1047 2214 ratio
1064 2163 1137 2211 est:
1158 2145 1302 2234 primum
1319 2142 1428 2206 aetatis

355 2244 466 2310 florem
480 2248 514 2312 iu
531 2222 569 2312 iis
588 2250 710 2314 artibus
724 2251 907 2318 excolendis
920 2253 1167 2341 consumpsisti,
1186 2273 1258 2339 quae
1271 2250 1427 2313 animum

354 2369 449 2417 tuum
463 2352 505 2416 ad
516 2355 636 2435 majora
652 2356 855 2421 conformare
865 2374 1014 2446 possent3
1027 2360 1128 2422 immo
1144 2373 1235 2423 tanto
1247 2355 1429 2420 humanio-

354 2481 428 2522 rum
444 2458 609 2524 literarum
619 2460 728 2526 studio
742 2462 922 2546 ducebaris,
935 2480 973 2528 nt
983 2465 1046 2527 nisi
1055 2464 1148 2526 aliam
1161 2462 1219 2526 tibi
1236 2460 1428 2549 reipublicae

354 2579 471 2628 nostrae
486 2565 568 2629 ratio
581 2588 752 2653 personam
770 2568 997 2655 imposuisset,
1013 2567 1094 2632 nihil
1110 2567 1239 2632 suavius
1252 2583 1286 2631 et
1302 2567 1429 2646 jucun·

355 2667 427 2732 dius
439 2669 662 2752 existimasses,
675 2694 773 2758 quam
786 2672 821 2734 in
834 2672 960 2736 literato
977 2673 1045 2736 otio
1057 2688 1090 2737 et
1104 2671 1237 2736 amoenis
1251 2671 1426 2734 Musarum
1449 2709 1452 2726 ι

354 2774 463 2838 viretis
487 2796 730 2841 consenescere.
756 2776 820 2840 Sed
842 2800 885 2841 ne
905 2800 995 2842 nunc
1010 2776 1142 2865 quidem
1163 2776 1246 2865 (etsi
1264 2799 1332 2840 non
1354 2791 1426 2840 tam

353 2879 456 2944 libero
470 2896 502 2946 et
517 2904 635 2964 vacuo,
651 2905 747 2970 quam
761 2898 889 2970 optares
904 2885 1034 2966 animo,
1054 2900 1086 2948 te
1102 2883 1220 2948 referre
1237 2880 1278 2948 ad
1294 2905 1331 2946 ea
1350 2896 1425 2946 stu·

356 2984 408 3053 dia
424 2987 637 3071 celebranda,
661 3011 733 3076 quae
756 2989 835 3053 olim
859 2987 973 3053 sedulo
995 2989 1139 3070 coluisti,
1157 2987 1276 3074 licet),
1295 2986 1425 3051 desistis

355 3091 516 3182 insignem
540 3117 683 3159 amorem
708 3094 746 3156 iis
770 3109 938 3182 praestare,
959 3109 991 3158 et
1015 3094 1096 3158 nihil
1115 3093 1283 3180 antiquius
1303 3091 1424 3174 habes,

356 3221 455 3287 quam
477 3199 624 3289 ingenia,
644 3221 715 3287 quse
728 3197 770 3263 ad
785 3222 855 3264 rem
877 3199 1050 3264 literariam
1065 3197 1245 3264 ornandam
1266 3219 1300 3262 se
1315 3197 1426 3262 accin-

356 3321 459 3396 gunt,
470 3305 580 3370 lovere
600 3321 634 3369 et
648 3327 770 3390 amare,
783 3306 823 3369 In
840 3327 895 3370 me
911 3320 997 3370 certe
1017 3327 1085 3368 non
1108 3305 1207 3370 semel
1227 3304 1422 3392 singularem

355 3411 443 3476 illam
468 3435 542 3501 erga
571 3411 677 3476 literas
700 3412 958 3478 benevolentiam
984 3427 1135 3500 expertus
1156 3411 1223 3494 fui,
1252 3411 1309 3498 qui
1331 3410 1424 3474 omni

356 3517 540 3582 officiorum
554 3534 587 3582 et
603 3518 794 3583 meritorum
811 3541 929 3608 genere
947 3541 1000 3600 me
1017 3539 1035 3580 a
1055 3533 1087 3581 te
1103 3517 1306 3582 cumulatum
1322 3537 1424 3605 agno-

357 3645 425 3690 sco·
447 3624 516 3688 Jam
543 3641 634 3708 yetus
653 3624 733 3688 mihi
755 3647 830 3690 eum
863 3623 963 3688 domo
985 3640 1017 3688 et
1038 3623 1176 3705 familia,
1192 3644 1232 3687 ex
1257 3643 1321 3710 qua
1347 3641 1423 3684 san-

264 3775 267 3780 ,
357 3729 532 3794 ctissimam
550 3729 610 3794 tibi
630 3746 811 3794 matronam
826 3728 927 3819 jugali
939 3728 1058 3794 foedere
1074 3729 1222 3811 sociasti,
1244 3724 1425 3791 intercessit

357 3858 458 3918 assus,
477 3853 510 3900 et
525 3859 543 3900 a
557 3837 669 3925 primis
687 3837 781 3901 anuis
800 3837 884 3901 illius
904 3835 1050 3901 membra
1066 3857 1192 3900 summa
1214 3832 1424 3898 veneratione

359 3963 431 4004 sum
450 3959 681 4032 prosequutus.
699 3944 814 4030 Neque
830 3965 962 4032 possum
982 3965 1069 4024 non,
1091 3940 1237 4029 quamvis
1250 3939 1319 4027 ipsa
1334 3961 1425 4002 com·
1451 3961 1458 3978 ³

359 4050 552 4112 memoratio
569 4048 649 4112 mihi
662 4051 817 4136 lacrymas
833 4049 990 4130 excutiat,
1012 4048 1068 4112 hic
1086 4045 1271 4112 meminisse
1291 4045 1424 4132 amplis·

360 4155 434 4218 simi
454 4155 535 4236 viri,
565 4157 695 4220 loannis
724 4156 765 4219 de
785 4153 917 4236 Weede,
940 4154 1044 4219 affinis
1074 4155 1122 4217 tui
1150 4151 1325 4232 carissimi,
1355 4173 1423 4238 quo

361 4261 582 4326 candidiorem
604 4279 636 4326 et
659 4264 828 4328 rectiorem
852 4263 1023 4328 hominem
1043 4284 1094 4325 me
1112 4280 1282 4348 nunquam
1304 4256 1421 4322 vidisse
