3122 5126
363 559 384 607 t.
618 537 945 608 LAURENTIUS
973 541 1169 611 BALBUS

362 685 445 748 tem,
467 689 540 755 quae
560 667 688 748 omnia,
702 683 742 732 ut
760 668 906 751 libuerit,
931 686 998 736 tam
1019 671 1184 759 expedite,
1208 687 1275 736 tam
1299 689 1433 756 exacte,

361 791 427 838 tarn
451 773 612 838 examussi
632 773 781 864 effingat,
798 791 897 862 atque
921 776 1088 864 perficiat!
1111 778 1189 843 binc
1213 779 1273 844 tibi
1299 795 1432 846 tanturn

361 900 482 943 nomen
493 899 552 968 per
564 900 694 963 omnes,
711 901 776 968 qua
788 881 962 947 christiana
972 883 1086 972 religio
1099 884 1317 974 protenditur,
1330 885 1432 968 fines,

362 1001 522 1072 quantum
539 985 662 1048 nemini
679 985 721 1050 ad
739 1002 882 1050 nostram
900 1008 1006 1075 usque
1025 992 1216 1054 memoriam
1231 989 1332 1055 fuisse
1347 991 1433 1080 legi·

364 1113 454 1155 mus:
469 1107 507 1156 tu
530 1089 638 1156 adhuc
657 1092 692 1155 in
708 1092 811 1158 Gallia
826 1092 959 1183 agebas,
985 1095 1097 1176 etjam
1116 1097 1335 1184 Hispanorum
1353 1119 1431 1161 osn-

361 1198 454 1262 nium
472 1217 529 1261 ore
544 1199 741 1280 versabaris;
756 1207 871 1264 omnes
888 1214 920 1264 te
936 1199 1085 1266 laudibus
1104 1202 1272 1267 absentem
1289 1203 1430 1268 immor·

360 1303 478 1368 talibus
504 1302 718 1386 extollebant3
750 1327 864 1370 ornnes
885 1306 1071 1394 multiplicis
1088 1308 1124 1372 in
1150 1323 1181 1372 te
1197 1307 1353 1374 doctrinm
1376 1331 1432 1372 co-

358 1410 484 1497 piosam
513 1425 546 1473 et
572 1409 709 1474 uberem
735 1409 977 1476 iucunditatem
1000 1413 1045 1476 ita
1069 1414 1364 1502 amplectebantur,
1388 1429 1429 1478 ut

360 1514 548 1605 diligerent,
576 1514 622 1579 ita
641 1515 836 1604 diligebant,
854 1533 892 1581 ut
908 1516 1162 1602 admirarentur,
1183 1519 1428 1584 admirabantur

358 1623 417 1703 ita,
431 1638 471 1686 ut
487 1620 717 1686 commendare
731 1643 800 1685 non
813 1621 1015 1687 desinerent:
1034 1645 1096 1687 nec
1108 1624 1282 1706 immerito,
1293 1623 1427 1712 quando

360 1719 539 1816 burgenses
555 1726 624 1793 duo
633 1775 641 1809 ,
660 1743 698 1792 tu
719 1728 840 1792 scilicet
857 1749 933 1790 cum
956 1727 1100 1792 Gonsalo
1114 1727 1263 1817 AEgidio,
1282 1728 1348 1794 duo
1364 1730 1429 1794 bo·

360 1853 477 1897 narum
504 1833 624 1897 artium
639 1833 828 1916 luminaria,
845 1833 969 1914 facitis,
987 1849 1026 1897 ut
1051 1833 1132 1897 nihil
1151 1834 1292 1898 habeant
1315 1850 1429 1900 nostra

359 1937 491 2020 sacua,
511 1961 571 2002 cur
585 1939 772 2026 antiquitati
785 1936 926 2003 debeant
940 1936 1096 2003 invidere.
1108 1940 1153 2003 At
1166 1961 1245 2004 vero
1260 1961 1367 2004 mores
1379 1939 1429 2004 tui

357 2067 376 2107 a
399 2044 500 2109 literis
523 2043 690 2109 dissident.
708 2043 828 2130 Ecquis
845 2060 913 2125 est,
935 2043 1088 2130 quisito
1108 2042 1288 2111 admiratur
1313 2067 1352 2110 er
1370 2044 1430 2110 do-

358 2150 479 2232 ctrina,
491 2173 560 2214 non
583 2172 624 2214 er
645 2149 793 2214 moribus
815 2165 921 2232 amet,
938 2151 1040 2231 colat,
1057 2151 1429 2234 observet,·veneretur,

356 2272 392 2319 et
405 2255 598 2344 prospiciat?
606 2258 660 2337 At,
671 2255 780 2338 credo,
791 2256 900 2320 minus
909 2278 943 2322 es
955 2278 1086 2320 morum
1098 2257 1277 2345 probitate,
1288 2258 1430 2345 vitasque

358 2361 590 2444 sanctimonia,
608 2383 707 2450 quam
725 2360 847 2450 ingenii
865 2361 1043 2450 elegantia,
1067 2361 1358 2450 doctrinarumque
1372 2385 1429 2426 va·

354 2467 470 2532 rietate
481 2467 719 2533 monstrabilis:
739 2482 797 2530 aut
807 2467 985 2531 sanctitatis
996 2483 1077 2548 tuse,
1091 2467 1349 2558 integritatisque
1359 2469 1430 2532 lau·

357 2572 453 2656 dem,
474 2573 690 2655 eruditionis,
711 2573 849 2664 ingenii,
874 2573 992 2656 studii,
1017 2588 1115 2661 atque
1136 2575 1300 2638 memoriae
1327 2573 1429 2662 gloria

356 2665 492 2766 excedit.
509 2681 551 2745 Et
565 2679 700 2768 quidem
718 2681 752 2744 in
769 2696 911 2768 utroque
932 2681 1104 2759 mirabilis,
1120 2699 1153 2746 et
1171 2681 1355 2768 exemplum
1371 2703 1430 2744 no·

356 2787 414 2850 stri
428 2789 535 2852 sacculi
552 2786 800 2852 memorandum
810 2835 820 2868 ,
829 2787 887 2852 sed
899 2802 1008 2852 tamen
1021 2787 1270 2876 praeponderant
1280 2789 1427 2865 vinens,

358 2909 456 2981 teque
468 2893 538 2983 ipse
552 2895 655 2959 vincis
672 2909 705 2958 et
720 2915 904 2982 exsuperas.
930 2892 1019 2977 Quid
1036 2894 1124 2958 enim
1144 2910 1175 2960 tc
1191 2894 1337 2958 meliusl·
1347 2892 1428 2981 quid

358 3001 523 3065 sanctius?
536 3000 617 3088 quid
628 3000 809 3090 frugalius?
820 3000 901 3088 quid
916 2999 1161 3088 incorruptius?
1176 2999 1257 3087 quid
1269 2998 1312 3065 ad
1321 3020 1429 3064 exem·

355 3107 426 3194 plar
437 3106 629 3171 venerandae
641 3107 842 3194 antiquitatis
858 3106 1061 3194 expressius?
1076 3120 1217 3193 quantus
1233 3105 1268 3168 in
1283 3121 1325 3185 te,
1339 3105 1427 3169 bone

360 3212 467 3293 Deus,
495 3213 705 3278 continentiae
726 3214 839 3276 amor!
864 3225 986 3299 quanta
1007 3210 1155 3275 felicitas!
1178 3225 1297 3298 quanta
1324 3211 1427 3274 comi·

357 3320 424 3381 tas!
442 3333 563 3406 quanta
590 3318 744 3408 gravitas!
775 3333 808 3381 ct
828 3341 865 3382 ea
890 3315 1024 3404 quidem
1046 3339 1114 3380 non
1137 3315 1346 3404 temporaria,
1368 3315 1426 3380 sed

357 3441 511 3490 constans
530 3447 568 3488 ac
583 3441 750 3515 perpetua.
857 3420 866 3438 '

402 3530 533 3613 Quanta
541 3532 575 3596 in
583 3531 698 3596 doctos
708 3531 900 3622 benignitas,
909 3546 943 3594 et
951 3527 1194 3594 munificentia?
1204 3549 1302 3616 quam
1316 3529 1426 3594 nullus

360 3635 394 3700 in
406 3651 439 3700 te
451 3637 588 3727 loliginis
602 3641 734 3704 succus!
754 3659 850 3726 quarn
864 3637 993 3701 nullum
1006 3635 1116 3700 livoris
1128 3633 1315 3724 vestigium!
1328 3657 1425 3722 quam

358 3739 496 3804 candida
511 3758 544 3807 et
559 3742 629 3807 sine
647 3743 718 3807 labe
734 3743 937 3831 simplicitas!
950 3743 1043 3830 quia,
1056 3741 1084 3805 si
1099 3740 1201 3828 qualis
1218 3761 1346 3828 semper
1360 3739 1427 3802 fue·

356 3953 433 4016 cisci
446 3954 605 4036 Ximcnii,
625 3954 853 4043 Hispaniarum
868 3954 1065 4037 cardinalis,
1079 3953 1176 4034 hujus
1198 3952 1296 4032 sacri,
1310 3968 1342 4015 et
1356 3953 1426 4016 Au·

358 4059 445 4148 gusti
469 4059 638 4123 Musarum
665 4059 819 4124 domicilii
846 4062 1007 4142 auctoris,
1032 4059 1247 4146 omniumque
1267 4057 1426 4121 virtutum

359 4165 549 4230 exactissimi
566 4165 775 4254 exemplaris,
792 4167 1034 4248 testimonium,
1049 4166 1107 4253 qui
1128 4181 1161 4229 te
1179 4187 1246 4228 non
1264 4162 1364 4252 magis
1382 4162 1426 4226 ob

360 4270 563 4363 multijugam
583 4269 785 4353 doctrinam,
802 4273 1016 4359 plurimarum
1038 4287 1136 4359 atque
1158 4269 1355 4359 optimarum
1374 4289 1426 4331 ar·
