3198 5106
422 507 540 576 vlta
565 510 627 576 ET
658 501 902 575 CARMINE.
1093 527 1195 574 cxcix

133 638 170 702 V
166 638 266 703 alertb
272 661 286 717 ,·
298 654 331 702 et
347 657 565 725 quamquam,
584 637 641 724 qui
656 635 803 724 pluribus
818 635 920 723 poetis
937 633 1056 698 Latinis
1079 636 1197 699 sanita-

131 761 198 810 tem
219 743 429 824 restituisset,
442 741 529 807 idem
546 741 699 807 Heinsius
718 740 758 806 de
769 741 896 804 Valerio
910 741 1044 804 meritus
1057 756 1105 804 est
1120 761 1198 829 pre·

131 849 232 930 clare,
249 846 459 913 Marklaudus
472 864 581 912 tamen
597 847 631 910 in
648 846 707 935 Ep.
725 845 833 910 critica
854 845 895 909 ad
914 845 1069 925 Herium,
1087 848 1199 911 Canta·

132 955 262 1045 brigiae,
280 952 381 1041 1723,
395 952 499 1036 edita,
516 952 669 1017 eumdem
685 951 871 1015 modorum
887 955 986 1015 omnis
996 953 1118 1038 generis
1130 951 1198 1017 tlte·

131 1081 261 1126 sartrum
272 1057 543 1148 heupletissimum
554 1059 713 1147 appellare
724 1057 812 1122 haud
822 1055 990 1120 dubitavit.
1000 1061 1097 1120 Anno
1110 1073 1205 1146 post,

133 1165 232 1230 editio
248 1163 370 1254 prodiit
385 1164 581 1245 Burmanni,
599 1163 656 1250 qui
668 1163 718 1226 vir
732 1162 788 1226 illo
801 1165 946 1251 tempore
962 1162 996 1225 in
1011 1177 1080 1226 arte
1092 1164 1201 1231 critica

133 1293 287 1360 regnare,
305 1270 367 1334 nisi
384 1270 472 1344 aliis,
491 1269 553 1332 sibi
571 1285 679 1332 tamen
695 1267 757 1357 ipsi
771 1268 857 1332 visus
877 1282 934 1331 est.
955 1267 1084 1356 Optima
1105 1269 1200 1332 etiarn

135 1398 222 1441 nune
240 1374 308 1454 ejus
333 1374 433 1440 editio
453 1375 611 1457 habetur3
637 1375 738 1437 multa
764 1373 852 1438 enirn
874 1373 1080 1454 emaculavit,
1101 1375 1202 1438 multa

135 1483 362 1570 interpretatus
375 1497 424 1544 est
441 1480 575 1545 felicius.
594 1479 625 1544 N
627 1503 663 1545 ec
679 1478 776 1544 laude
789 1502 847 1543 sua
863 1477 1105 1543 defraudandus
1120 1481 1203 1544 llar-

134 1587 231 1652 lesius
241 1635 250 1669 ,
262 1588 320 1675 qui
334 1605 479 1650 recusam
491 1585 669 1651 Burmanni
681 1583 855 1648 editionem
869 1584 990 1648 notulis
1005 1585 1204 1648 Bononiensi

137 1693 211 1757 anni
232 1693 315 1779 1498
332 1692 498 1782 adscriptis
512 1710 545 1757 et
562 1693 603 1756 ab
616 1693 643 1756 l.
660 1692 698 1755 Α.
718 1690 846 1754 Ernesti
864 1688 1076 1778 suppeditatis
1092 1710 1203 1755 recen·

137 1800 256 1864 tiorum
268 1797 486 1886 quorumdam
496 1798 695 1878 criticorum,
706 1795 900 1885 quibusdam
912 1796 1006 1860 etiam
1019 1796 1086 1860 suis
1098 1817 1205 1860 ernen-

139 1904 341 1987 dationibus,
364 1904 463 1968 auxit.
479 1904 558 1968 Post
574 1919 624 1968 tot
641 1903 844 1968 eruditorum
858 1902 1003 1982 labores,
1021 1902 1130 1990 plures
1155 1919 1204 1966 te·

139 2033 234 2092 men,
257 2010 315 2098 qui
331 2033 461 2075 mecum
473 2007 637 2074 Valerium
651 2026 779 2090 amant,
796 2028 901 2097 nuper
921 2008 1016 2072 etiam
1035 2009 1204 2096 conquesti

139 2131 214 2180 sunt
240 2114 281 2180 de
298 2113 379 2180 locis
401 2115 490 2180 haud
506 2115 638 2204 paucis,
665 2116 699 2178 in
727 2115 847 2202 quibus
871 2113 1019 2178 offendas
1036 2135 1043 2178 ε
1062 2134 1204 2201 quorum

139 2239 312 2286 numerum
331 2241 373 2284 an
391 2242 452 2310 ego
471 2221 662 2303 minuerim,
684 2221 821 2285 aliorum
836 2218 995 2300 judicium
1015 2237 1094 2284 esto.

180 2325 265 2406 Sed,
285 2325 365 2412 quid
389 2347 449 2416 ego
468 2349 541 2390 mea
557 2327 785 2415 qualicumque
808 2348 907 2415 opera
925 2340 1075 2414 praestare
1095 2325 1206 2388 volue-

140 2429 216 2513 rim,
226 2431 337 2520 paucis
353 2431 447 2496 liceat
460 2454 630 2522 exponere.
648 2433 691 2496 Et
704 2433 810 2520 primo
822 2430 955 2520 quidem
971 2431 1113 2520 legibus,
1126 2451 1206 2517 quas

141 2536 197 2601 cel.
221 2537 358 2625 Ruperti
382 2537 443 2601 sibi
463 2538 595 2624 suisque
618 2537 712 2602 sociis
741 2537 885 2625 scripsit,
914 2535 1205 2624 obtemperandum

141 2641 209 2707 fuir,
236 2642 313 2707 Non
327 2657 394 2706 tam
411 2659 559 2707 nostrum
575 2641 747 2707 consilium
762 2642 826 2706 hoc
846 2658 912 2723 est,
934 2657 972 2705 ut
985 2641 1088 2730 gravis
1108 2663 1208 2704 arma·

141 2762 220 2812 turae
244 2749 495 2813 commentarios
521 2747 656 2828 demus,
675 2748 709 2811 in
733 2747 853 2835 quibus
881 2747 987 2810 omnis
1011 2746 1206 2810 variantium

140 2852 318 2917 lectionum
337 2853 428 2940 eopia
450 2867 660 2916 enumeretur
683 2868 779 2938 atque
800 2851 981 2915 excutiatur
992 2875 1001 2933 3
1013 2852 1113 2915 immo
1128 2871 1207 2915 vero

139 2957 249 3036 juvare
270 2959 422 3021 volumus
437 2958 489 3021 vel
512 2957 676 3022 erectioris
700 2956 800 3020 animi
815 2956 968 3036 juvenes,
990 2955 1045 3043 qui
1061 2955 1127 3034 jam
1150 2955 1207 3018 ali·

143 3063 335 3150 quantulum
351 3063 386 3126 in
403 3063 502 3126 literis
516 3062 701 3151 profecere,
716 3061 768 3126 vel
787 3061 970 3126 maturioris
991 3061 1090 3124 aetatis
1103 3060 1207 3142 viros,

144 3169 214 3256 qui,
231 3169 265 3231 in
283 3168 351 3232 otio
370 3168 504 3232 minime
520 3168 633 3250 otiosi,
648 3169 794 3232 animum
807 3191 844 3231 ex
857 3165 1056 3256 gravioribus
1071 3165 1207 3254 negotiis

142 3273 284 3353 jucunde
295 3288 393 3362 atque
405 3275 527 3339 utiliter
539 3275 692 3364 recipere,
704 3291 737 3339 et
747 3275 780 3338 in
793 3274 903 3337 sinum
917 3273 1095 3336 amicorum
1106 3318 1114 3351 ,
1125 3293 1208 3358 quos

146 3380 221 3444 olim
245 3379 468 3464 adamassem,
482 3383 658 3472 confugere
679 3381 826 3470 cupiunt.
848 3382 1032 3468 Utrumque
1049 3379 1209 3442 lectorum

145 3509 245 3576 genus
258 3485 351 3552 facile
364 3488 561 3552 absterretur
577 3511 700 3577 magnae
713 3487 806 3551 molis
820 3485 1032 3567 editionibus,
1042 3485 1076 3546 in
1090 3483 1209 3571 quibus

146 3591 231 3657 baud
250 3615 342 3674 raro,
358 3591 416 3657 ubi
432 3615 490 3681 per
509 3593 602 3658 silvas
622 3595 780 3656 variarum
799 3592 979 3656 lectionum
996 3606 1029 3653 et
1046 3589 1210 3669 conjectu·

146 3719 268 3779 rarum,
285 3719 344 3786 per
359 3700 518 3788 argutias,
535 3700 811 3779 concertationes,
825 3697 968 3762 convicia
987 3693 1068 3759 adeo
1080 3692 1211 3758 tandem

147 3802 302 3868 eluctatus
311 3805 423 3886 fueris,
432 3805 627 3868 nilriltamen
637 3804 766 3885 habeas,
775 3798 1145 3892 quodadintelligendos
1155 3799 1213 3863 dit-

148 3907 294 3974 fioiliores
303 3908 409 3992 locos,
421 3931 620 3997 sensumque
630 3907 880 3998 pulchritudinis
888 3905 1093 3972 excitandum
1106 3905 1210 3969 faciat.

190 4013 309 4098 Porro,
329 4015 379 4080 uti
390 4016 515 4106 singula
528 4016 707 4080 carminum
720 4037 836 4103 genera
848 4035 921 4078 suas
936 4025 1073 4099 quaeque
1087 4010 1212 4098 regulas

147 4133 242 4207 atque
257 4120 423 4185 cautiones
442 4121 580 4204 habent,
608 4123 650 4186 ita
666 4138 698 4184 et
717 4119 834 4210 singuli
848 4133 994 4184 auctores
1011 4139 1078 4180 non
1099 4114 1212 4180 iisdem

149 4245 260 4288 onmes
275 4224 401 4315 legibus
420 4217 616 4306 dijudicandi
640 4223 862 4312 tractandique
876 4238 962 4288 sunt.
982 4221 1048 4304 Qui
1060 4220 1086 4283 si
1103 4219 1213 4306 singu-
