3246 5112
419 472 808 546 ARGONAUTICON
838 482 924 545 LIB.
954 483 980 544 l.
1186 505 1223 568 7¹

209 606 361 693 imperia,
379 623 411 672 et
428 609 556 674 strictos
569 611 665 690 jussis
683 611 848 700 regalibus·
862 635 964 676 enses.
1190 642 1228 678 κιο

209 723 247 784 lu
266 720 372 792 media
384 721 450 800 jem
469 740 574 790 morte
588 748 699 805 senes,
718 726 920 814 suffectaque
934 729 999 792 leto

208 835 363 918 Lumina,
381 852 414 901 et
425 837 562 903 undanti
577 856 779 906 revomentes
792 857 883 906 reste
894 865 1043 912 cruorem

209 949 438 1038 conspiciunt3
454 951 626 1040 primoque
642 953 757 1018 rudem
776 955 838 1018 suh
854 954 966 1018 limine
977 978 1086 1020 rerum

210 1066 273 1147 Te,
290 1087 383 1153 puer,
399 1083 433 1132 et
445 1067 510 1132 vise
523 1069 696 1157 pallentem
710 1087 814 1134 morte
829 1087 999 1159 parentum

210 1180 394 1267 Diripiunt,
405 1181 595 1272 adduntque
608 1187 675 1250 tuis
686 1209 693 1250 :
706 1186 819 1274 procul
837 1186 967 1250 horruit
977 1186 1078 1250 AEson
1192 1214 1228 1250 sn

213 1293 396 1378 Excedens,
411 1320 653 1387 memoremque
670 1299 745 1364 tulit
758 1301 821 1364 sub
835 1301 979 1366 nubibus
995 1301 1153 1366 umbram.

256 1409 395 1476 Cardine
410 1413 472 1476 sub
490 1430 620 1497 nostro,
639 1415 801 1503 rebusque
819 1415 942 1481 abscisa
958 1416 1106 1504 supernis

212 1525 352 1589 Tartarei
365 1525 456 1592 sedet
466 1528 544 1604 ,aula
559 1528 674 1617 patris3
693 1551 761 1594 non
780 1529 832 1594 itta
848 1530 956 1594 ruenti

214 1644 388 1706 Accessum
400 1644 494 1731 polo,
521 1644 638 1708 vietam
654 1645 681 1707 si
700 1646 824 1709 solvere
839 1646 957 1709 molem

213 1755 354 1842 Jupiter,
370 1773 403 1822 et
417 1759 528 1844 primae
541 1759 616 1822 velit
629 1758 739 1822 omnia
753 1758 889 1823 reddere
906 1783 1026 1824 messes.
1192 1783 1233 1820 sse

213 1872 339 1960 lugenti
353 1871 437 1950 jacet
455 1895 512 1936 ore
530 1873 652 1954 Chaos,
666 1872 756 1961 quod
773 1873 918 1963 pondere
938 1874 1054 1940 fessam

200 2127 253 2183 8n7.
270 2125 366 2171 Αᾰοίει.
378 2127 430 2172 Vnt.
447 2135 473 2172 et
490 2128 579 2172 Bonon.
595 2124 665 2172 oodd.
691 2127 718 2172 in
735 2113 841 2186 margine
855 2129 945 2172 Bonon
965 2127 1018 2172 eod.
1038 2129 1116 2172 excisa
1135 2139 1233 2174 semota.

172 2205 263 2248 Accisa.
270 2206 334 2249 innt.
345 2205 458 2250 Abscissa.
469 2204 521 2250 Ald.
528 2205 592 2250 Gerr.
601 2204 742 2266 coda-829.
753 2205 853 2254 Verbere.
864 2203 939 2251 Codd.
948 2213 972 2250 et
977 2205 1030 2251 edd.
1040 2215 1094 2251 unte
1103 2209 1227 2252 Bumenn.
1251 2189 1253 2198 Ι

171 2311 201 2319 -
217 2285 269 2331 830.
285 2283 328 2332 tue
342 2299 422 2330 versus
440 2284 505 2330 abest
522 2283 620 2329 sVetic.
633 2293 656 2331 et
666 2287 756 2331 Bonon.
766 2284 836 2330 codd.
849 2286 938 2330 Bonon.
950 2285 960 2328 1
977 2293 1001 2330 et
1015 2286 1045 2330 li.
1063 2288 1127 2332 Junt.
1145 2287 1229 2332 Msser.

171 2363 304 2424 Adseriptus
315 2371 366 2408 ent
375 2361 475 2422 margini
485 2361 510 2406 in
521 2363 586 2408 Gerr.
599 2361 651 2407 cod.
664 2362 729 2408 Illius
738 2363 791 2408 ioco
804 2362 863 2408 duos
877 2372 999 2424 sequentes
1009 2364 1080 2410 habet
1088 2363 1141 2410 ttd.
1155 2381 1183 2411 ex
1199 2365 1232 2409 rii

171 2440 339 2489 commentariis
349 2457 356 2487 t
365 2443 475 2495 Senserit,
495 2451 564 2503 atque
572 2443 639 2502 graui
651 2451 719 2486 totum
729 2441 844 2488 subsidere
857 2453 919 2487 motu
935 2447 991 2490 Fata
1001 2443 1089 2496 veiint,
1107 2445 1128 2489 si
1138 2461 1229 2490 sunsma

172 2523 219 2567 dies
228 2522 359 2568 subverterit
368 2521 451 2566 orbem.
460 2521 548 2567 Horum
558 2519 674 2582 posterior
685 2531 775 2568 tuntum
786 2521 872 2583 legitur
881 2521 907 2568 in
917 2522 1042 2583 lingentiui
1051 2525 1146 2585 urgent.
1156 2524 1231 2570 Colin,
1287 2509 1295 2523 ³

172 2605 243 2664 (ἔτη).
256 2610 302 2648 eto.
319 2603 363 2648 lin.

173 2821 256 2874 quum
277 2801 437 2875 precesserit
449 2802 547 2869 fragor
565 2819 574 2849 :
594 2817 684 2850 emen·
727 2803 863 2868 torproeui
872 2801 976 2860 domuit,
992 2821 1167 2869 rnentoreenque
1181 2809 1236 2856 uelit

173 2882 349 2951 dnntsoribus‚
359 2884 466 2942 domini,
478 2884 572 2932 senibus
581 2902 590 2941 ,-
600 2879 681 2930 miror
725 2883 768 2931 snt
781 2881 879 2932 nubibus
892 2883 1013 2941 nentrum,
1032 2879 1176 2934 ulciscendi
1190 2901 1234 2934 cu-

175 2961 274 3014 nemini
289 2962 317 3014 in
331 2971 445 3014 mentem
465 2959 568 3014 venisse
587 2960 678 3018 subito,
724 2959 860 3031 piditntem
868 2956 903 3010 ad
911 2958 1009 3012 inferos
1019 2977 1107 3010 secum
1116 2959 1233 3012 abstulit.

174 3040 247 3112 quod
259 3039 364 3094 videm
376 3040 486 3092 maxime
500 3035 683 3092 accommode·
761 3040 822 3109 827.
837 3037 931 3089 Finem
946 3037 1057 3108 imponit
1071 3049 1148 3107 poeta
1172 3037 1235 3090 huic

174 3123 258 3190 tum),
274 3120 414 3175 inveniunt
431 3120 460 3172 in
486 3138 571 3190 egone
591 3116 683 3170 mortis
726 3119 794 3186 libro
808 3116 988 3170 describendis
1001 3116 1148 3168 inferorum
1166 3115 1235 3169 sedi-

174 3200 443 3268 scnes‚suffectu1eso
456 3202 567 3261 hanina,
580 3197 683 3250 suffusa
726 3200 786 3252 hus.
802 3201 913 3249 Tartarei
924 3201 992 3250 sedet
1007 3200 1066 3248 auia
1078 3199 1172 3263 patris,
1190 3195 1236 3248 do·

175 3278 483 3351 palloreora.(SieVirg.
494 3278 683 3340 AEn.11‚210,
728 3297 786 3332 mus
798 3277 936 3340 Plutonis,
951 3287 1005 3329 tam
1021 3277 1101 3344 longe
1117 3286 1235 3338 remote,

175 3361 274 3427 suffecti
295 3361 417 3425 sanguine
434 3361 499 3410 oculi
504 3379 514 3419 ς
530 3357 621 3410 valer.
639 3357 683 3418 11,
727 3360 837 3426 supernis
849 3358 918 3407 rebus
936 3359 1060 3414 abscissa,
1076 3365 1120 3416 ut,
1136 3353 1236 3406 etiemi

180 3436 245 3502 105,
266 3433 682 3505 rnacrslissuffectagsnauovid.
728 3437 829 3508 Jupiter
847 3439 956 3495 victam,
981 3433 1234 3496 detriummoten,

177 3516 285 3570 Metam.
294 3515 335 3568 IV
337 3552 347 3578 ,
356 3517 487 3580 145,oeu1i
493 3529 569 3566 reone
576 3516 685 3582 posue)
730 3515 823 3569 mundi
841 3513 982 3585 superioris
1000 3529 1172 3583 compagem,
1186 3518 1237 3563 sut-

177 3598 346 3666 conspiciunt,
375 3609 400 3646 et
417 3598 523 3648 undanti
538 3607 685 3646 metuentes
730 3595 1076 3664 vere,etpn'moeueiitomnia
1086 3608 1176 3644 mussoe
1185 3596 1239 3642 red·

178 3691 245 3726 vase
265 3693 391 3734 morem,
406 3691 531 3744 magnam
553 3671 687 3744 sanguinis
730 3671 940 3726 dereruffiilliet
952 3670 1103 3742 indigesta,
1113 3670 1191 3722 ruine
1202 3680 1241 3722 ta·

177 3755 280 3826 copiam
291 3754 451 3817 emittentem
463 3773 488 3805 v.
499 3771 559 3824 sup.
570 3753 632 3805 688.
731 3771 792 3806 men
809 3753 867 3821 ipse
879 3769 938 3804 eum
951 3769 1006 3802 non
1020 3749 1169 3819 attingeret.

117 3867 119 3870 -
214 3833 590 3904 823.Diripiuntigiturprinso
600 3834 685 3882 rudem
765 3825 1131 3898 831.Jucet‚amplitudinem
1139 3827 1239 3897 pingit,

177 3914 421 3973 subticuissemus,
431 3910 593 3982 primosritoe
603 3927 686 3962 sunoe
732 3914 824 3970 Chaos,
839 3908 870 3960 h.
884 3908 904 3959 l.
919 3925 973 3958 non
996 3916 1141 3958 memoratu
1159 3903 1240 3956 modo

178 4003 318 4063 egentem,
333 3991 476 4063 puerulum
494 3989 685 4051 stomachum,
729 3987 803 4040 rudis
822 3997 847 4039 et
859 3984 988 4056 indigesto
1002 3984 1084 4036 moles
1095 4021 1102 4046 ,
1115 3983 1163 4036 sed
1180 3983 1241 4036 suls

180 4075 237 4123 visa
243 4085 373 4141 parentum
382 4084 458 4122 morte
467 4074 613 4136 pallentem,
629 4067 687 4138 qui·
731 4066 849 4121 Plutonis
864 4065 938 4136 ipse,
949 4083 1003 4139 quo
1018 4081 1098 4116 sensu
1112 4061 1183 4133 apud
1196 4079 1242 4112 no·

179 4149 230 4202 hus
238 4149 374 4204 mundant
383 4149 507 4204 comitem
516 4146 688 4202 moribundis.
734 4159 816 4200 strum
825 4183 833 4209 ,
843 4146 885 4207 11,
899 4147 932 4196 86
940 4181 949 4207 ,
958 4156 985 4196 et
996 4142 1075 4205 aiibi,
1091 4159 1159 4212 sepe
1171 4139 1243 4211 upud

180 4229 263 4302 Cujus
273 4227 395 4284 nefande
406 4226 485 4284 cadis
498 4230 580 4282 AEson
593 4239 690 4298 specte·
735 4226 815 4291 alios,
832 4242 929 4295 gruem
942 4223 1021 4276 etiem
1031 4259 1039 4284 ,
1050 4232 1140 4293 poetes
1152 4237 1246 4280 occur·
