3122 5126
253 539 397 614 aovi
425 541 560 611 aura.
587 541 637 610 ut
662 510 770 616 vso.
798 547 1052 621 roucourt.
1148 579 1186 624 ιι

105 691 271 765 neunt,
290 675 383 770 quod
415 676 464 745 eis
496 699 637 746 munera
668 703 737 748 non
764 681 887 750 mittat.
911 686 1063 780 Uterque
1088 701 1122 755 et
1152 689 1187 757 iu

108 801 272 874 convivio
293 815 423 894 septem
442 800 642 888 amicorum,
661 802 751 896 quod
773 801 853 874 alias
871 805 1029 876 describit
1046 811 1187 879 Martia-

110 925 171 1013 lis,
189 929 244 1012 X,
266 923 333 1010 48,
354 924 558 992 nominatur.

160 1065 269 1135 Plura
288 1065 329 1134 de
348 1063 468 1134 Flacco
493 1063 657 1134 Martialis
672 1067 789 1154 habet3
806 1067 864 1136 sed
884 1068 927 1136 ad
948 1068 1100 1140 eumdem
1123 1073 1187 1142 bo-

8 1229 10 1274 ,
48 1259 51 1264 ,
113 1191 243 1259 minem
265 1203 435 1282 spectare,
452 1201 487 1256 et
506 1211 583 1256 eum
606 1213 677 1258 csse
698 1192 880 1276 Nostrum,
905 1215 974 1259 uon
993 1192 1078 1262 bene
1096 1217 1187 1265 com·

113 1329 253 1409 pcrtum
283 1329 344 1384 est.
375 1314 508 1402 Quare,
533 1335 577 1380 ue
600 1311 679 1382 falsa
701 1337 764 1406 pro
783 1313 869 1383 veris
892 1337 1042 1401 narrem,
1064 1315 1188 1386 Valerii

113 1437 228 1510 Flacci
250 1440 328 1508 vitre
344 1435 428 1506 nihil
449 1435 586 1525 addam,
610 1434 787 1505 deterritus
812 1461 869 1524 eo,
893 1434 984 1530 quod
1006 1438 1189 1527 Martialis,

113 1565 150 1632 in
179 1577 234 1632 tot
267 1561 312 1630 ad
332 1559 488 1630 Flaccum
511 1559 823 1654 epigrammatibus,
847 1585 890 1628 ne
915 1560 1024 1630 obiter
1053 1561 1189 1657 quidem

113 1685 233 1754 innuit
251 1707 393 1778 poema,
406 1705 474 1775 quo
495 1681 639 1751 maxime
661 1682 750 1776 apud
769 1697 920 1778 posteros
935 1684 1190 1756 commendatur

8 1797 10 1860 l
114 1805 222 1875 bodie
236 1802 421 1898 Valerius(
446 1800 472 1896 ).

152 2037 253 2106 (1)1)e
271 2035 327 2088 vita
342 2015 445 2088 Valerii
461 2052 546 2106 pauca
564 2033 634 2100 dixi,
649 2033 723 2106 quod
740 2033 847 2106 pigebat
866 2036 966 2088 referre
979 2036 1111 2109 quidquid
1126 2038 1192 2095 rarii

114 2145 245 2186 auctores
261 2151 318 2185 uon
341 2130 506 2202 exploratum
523 2148 666 2184 asseruere.
682 2131 803 2184 Nominis
820 2131 991 2185 similitudine
1009 2132 1111 2188 inducti
1129 2137 1190 2206 qui-

116 2229 182 2282 dam
196 2226 366 2282 tradiderunt
376 2245 436 2279 cum
450 2246 466 2279 a
480 2226 588 2280 Valerio
607 2225 756 2292 Publicola,
777 2225 928 2299 reipublicae
942 2245 1059 2281 romane
1069 2229 1191 2283 condito·

117 2343 180 2376 rum
196 2342 272 2390 uno,
288 2341 370 2394 genus
384 2322 496 2376 duxisse.
509 2322 584 2389 Pius,
600 2322 629 2374 in
648 2323 680 2375 C.
695 2323 729 2373 V.
743 2323 830 2376 Flacci
846 2324 920 2391 vita,
941 2326 1017 2397 cujus
1035 2337 1075 2378 est
1087 2339 1192 2390 auctor,

117 2433 211 2486 ratus,
237 2439 266 2473 se
278 2419 378 2473 vidisse
393 2420 419 2471 in
440 2418 556 2491 quodam
575 2419 733 2483 numismate
749 2419 862 2490 effigiem
874 2420 975 2473 Valerii
994 2439 1056 2473 cum
1073 2423 1192 2493 praetoris

119 2517 216 2580 titulo,
229 2537 285 2570 non
303 2516 477 2591 injucundam
494 2515 573 2588 hujus
592 2515 706 2569 auctoris
723 2515 864 2587 imaginem
884 2515 1024 2589 diligenter
1044 2529 1070 2571 et
1090 2519 1193 2572 curiose

121 2613 285 2679 delineavit,
304 2631 385 2686 quam
404 2612 497 2666 sedulo
520 2613 645 2684 expressit
664 2613 803 2686 Adolpbus
822 2621 921 2666 Dureau
940 2619 978 2666 Ds
992 2619 1116 2676 Lamalle,
1137 2619 1193 2668 Dis·

123 2729 194 2762 com
212 2711 311 2778 pretim.
323 2725 352 2780 p.
364 2709 395 2762 31
407 2725 416 2772 3
434 2690 480 2762 sed
496 2707 565 2761 istud
584 2708 658 2780 quod
669 2709 733 2765 Pius
750 2711 874 2768 describit
888 2709 960 2779 (vide
971 2711 1052 2766 modo
1063 2732 1089 2784 p.
1099 2714 1191 2785 xlv),

125 2807 178 2860 sire
196 2806 255 2858 hacc
273 2803 315 2857 Pii
329 2816 498 2876 temporum,
516 2804 570 2858 sive
588 2805 670 2877 ipsius
690 2806 739 2858 suit
756 2805 904 2877 imperitia,
920 2805 976 2858 siue
996 2805 1079 2860 dubio
1099 2825 1193 2862 cousu-

126 2904 179 2956 lare
197 2914 237 2956 est
255 2902 403 2966 numisma,
416 2913 507 2954 nostro
523 2912 598 2972 poeta
615 2901 700 2954 multo
718 2902 863 2975 antiquius.
878 2901 1001 2956 Pluribus
1018 2914 1043 2956 et
1061 2905 1192 2974 praeclaris

127 2999 189 3052 viris
207 3017 308 3051 nomen
324 2985 374 3050 siit
386 2997 464 3052 Caius
475 2997 596 3050 Valerius
609 2998 730 3062 Flaccus;
743 2997 798 3052 vid.
808 2999 872 3051 Cass.
884 2997 918 3050 de
931 2999 1004 3053 Bello
1017 2999 1085 3052 Gall.
1096 3000 1124 3065 Ι,
1136 3001 1169 3072 47
1182 3019 1191 3066 ;

124 3097 156 3148 r.
167 3097 230 3149 mv.
246 3095 370 3157 xxvu,
389 3096 422 3160 s;
442 3093 502 3145 vu.
516 3093 585 3146 uas.
597 3094 660 3157 111,
679 3113 711 3160 η
728 3095 782 3148 oa.
796 3106 864 3146 orat.
883 3113 933 3166 pa>
953 3093 1047 3146 Publio
1061 3073 1191 3161 Quum,

123 3195 138 3261 §
154 3198 208 3255 ²8,
231 3192 280 3244 nbi
296 3190 449 3244 nominatur
461 3191 493 3243 C.
504 3189 628 3244 Valerius
642 3189 752 3244 Maccus
768 3189 861 3244 consul
871 3208 932 3243 cum
943 3189 981 3242 Μ.
991 3189 1125 3243 Herennio
1138 3189 1192 3244 Ne·

122 3301 204 3362 pote,
213 3287 374 3341 annoUrbis
379 3284 491 3340 condita
499 3285 603 3340 DCLX.
613 3285 683 3339 Vide
692 3305 799 3360 quoqne
808 3286 1074 3354 Romanas’familias,
1085 3301 1193 3342 auctore

121 3389 255 3449 Imaus
265 3387 383 3434 Vaillant.

159 3483 342 3550 Quintilianus
357 3495 383 3535 et
395 3481 541 3546 Martialis,
557 3484 609 3536 'soli
627 3484 696 3537 iuter
709 3484 833 3547 Veteres,
846 3483 947 3536 Valerii
963 3483 1052 3538 Flacci
1068 3486 1192 3539 memine-

120 3592 197 3635 runt.
210 3579 337 3634 Occurrit
349 3579 421 3651 apud
433 3579 550 3634 Plinium
566 3580 714 3654 juniorem,
725 3579 762 3646 V,
773 3587 806 3647 4,
825 3579 935 3651 epistola
943 3579 1042 3632 Flacco
1051 3579 1192 3652 iuscripta,

119 3679 151 3730 in
169 3695 224 3748 qna
238 3677 340 3748 gratias
355 3676 409 3747 agit
422 3674 524 3729 Plinius
539 3695 589 3748 pro
601 3675 740 3730 turdorum
751 3676 840 3740 dono;
858 3677 904 3729 sed
914 3675 973 3748 quis
985 3675 1017 3730 sit
1028 3676 1074 3729 ille
1084 3675 1194 3730 Flaccus

120 3793 176 3828 nou
190 3773 294 3845 magis,
311 3791 393 3846 quarn
411 3771 483 3844 apud
495 3772 661 3841 Martialem,
679 3783 789 3826 constat.
802 3772 937 3826 luvenalis
950 3770 1050 3843 aliquid
1063 3772 1143 3824 babet
1159 3771 1193 3826 de

119 3873 215 3922 auellere
224 3887 320 3928 aureo,
340 3885 373 3920 ac
386 3865 421 3920 de
431 3871 510 3931 Hyla,
528 3867 583 3922 Sat.
593 3870 624 3936 I,
641 3889 668 3922 v.
683 3886 713 3922 ro
723 3881 750 3921 et
761 3871 829 3932 163,
842 3880 969 3941 tauquam
985 3868 1019 3921 de
1037 3880 1192 3940 argumento

120 3983 190 4038 ape
200 3975 318 4018 tractato
326 3975 355 4016 et
363 3963 426 4016 trito
438 3980 446 4027 ;
465 3962 510 4016 sed
522 3981 608 4036 neque
618 3981 779 4037 quemquam
791 3976 924 4018 auctorem
935 3964 1069 4028 nominat,
1081 3981 1131 4018 uec
1140 3965 1192 4018 uti·

117 4084 170 4138 que
191 4075 318 4125 catum,
337 4062 466 4114 Nostrum
486 4061 619 4133 praecipue
636 4059 785 4134 designari,
806 4081 889 4133 quum
910 4062 998 4134 plures
1015 4062 1192 4133 Argonautica

115 4164 291 4236 scripserint,
304 4175 425 4231 quorum
444 4158 628 4212 celeberrimus
645 4159 695 4212 suit
701 4160 805 4225 Varro,
824 4159 899 4230 cujus
915 4177 1021 4212 carmen
1031 4157 1065 4211 ad
1075 4177 1123 4212 nos
1138 4178 1193 4213 uon

111 4263 257 4336 pervenit,
274 4254 407 4331 quamvis
420 4254 643 4312 immortalitatem
657 4256 840 4328 eipromirerit
848 4254 979 4318 Ovidius,
1000 4255 1192 4319 Amor.1,15,
1231 4253 1236 4267 “

1028 4376 1059 4418 α.
