3196 5120
399 499 460 578 146
694 503 729 565 C.
753 499 948 565 VALEllll
976 499 1150 566 FLACCI

438 633 532 695 Tunc
545 630 651 695 tenuis
668 631 823 707 Lemnos,
844 630 1023 718 transitque
1038 633 1178 698 Electria
1195 634 1306 718 tellus,

437 745 595 810 Threiciis
608 767 724 810 arcana
742 747 859 828 sacris3
878 746 933 810 hic
948 747 1093 811 numinis
1109 749 1223 839 ingens

435 864 579 943 Horror,
598 878 631 924 et
648 861 786 925 incautis
806 859 934 926 decreta
950 861 1076 950 piacula
1091 863 1221 952 linguis.

434 976 527 1040 Hanc
543 973 681 1043 demissa
697 976 768 1039 Jovi
785 996 853 1038 non
869 997 1026 1062 umquam
1039 975 1156 1042 laedere
1171 978 1274 1044 lluctu

433 1089 542 1154 Audet
559 1091 681 1172 hiems;
698 1104 814 1178 sponte
832 1089 900 1176 ipsc
917 1087 997 1153 deus
1011 1105 1091 1155 tunc
1106 1110 1232 1180 asperat
1245 1096 1366 1177 undas,
1419 1117 1458 1162 trs

433 1203 546 1284 Quum
562 1217 649 1266 vetat
664 1200 780 1266 infidos
798 1225 858 1266 sua
871 1203 967 1268 litora
984 1219 1117 1294 tangere
1132 1225 1256 1273 nautas.

431 1317 555 1381 Obvius
569 1331 602 1380 at
617 1317 743 1404 Minyas
757 1318 852 1381 tern’s
867 1317 1038 1408 adytisque
1053 1321 1202 1386 sacerdos

428 1431 569 1520 Excipit,
584 1431 767 1520 hospitibus
783 1453 927 1496 reserans
945 1450 1080 1518 secreta,
1095 1435 1248 1525 Thyotes.

428 1548 592 1610 Hactenus
610 1543 643 1609 in
658 1546 797 1634 populos
814 1546 895 1628 vati,
913 1547 1138 1633 Samothraca,
1155 1551 1306 1640 diemque

427 1663 541 1743 Missa,
558 1661 642 1742 vale,
655 1661 818 1749 sacrisque
835 1677 960 1728 metum
976 1685 1141 1731 servemus
1158 1669 1290 1756 opertis.
1414 1697 1452 1740 u.

411 1854 465 1909 431.
481 1857 542 1900 Tunc
553 1855 624 1900 tenuit
638 1856 745 1900 lamam.
760 1857 850 1901 Bouon.
864 1855 884 1902 i.
893 1855 983 1904 Vitiosa
997 1855 1028 1903 ad
1038 1857 1099 1905 hanc
1109 1859 1234 1906 editionem
1247 1861 1349 1922 pertinet
1359 1863 1448 1911 Sabell.

379 1934 493 1980 correctio
504 1944 551 1979 tum
562 1944 627 1979 uuus
638 1935 655 1978 t't
671 1935 768 1978 Lemnos
779 1949 850 1994 qnam
860 1934 982 1995 amplexus
992 1945 1026 1981 est
1035 1937 1097 1983 Pius.
1113 1937 1173 1984 vite
1189 1940 1267 1985 Heius.
1281 1951 1330 1986 not.
1344 1969 1375 1976 —
1392 1943 1446 1998 434.

380 2019 453 2062 Hane.
464 2014 502 2062 Sic
512 2012 581 2060 codd.
593 2023 617 2059 et
627 2011 682 2058 edd.
698 2023 783 2074 praetor
796 2013 874 2060 licius.
885 2023 909 2060 et
919 2017 997 2062 Burm.
1009 2016 1050 2077 qui
1060 2016 1121 2064 huuc
1130 2018 1226 2066 habeut.
1238 2020 1298 2068 vtae
1307 2023 1387 2068 Burro.
1399 2033 1447 2070 uot.

378 2094 482 2156 reposuit
496 2092 554 2138 hanc
565 2091 600 2137 rir
615 2092 703 2138 clariss.
719 2093 809 2137 Hurles.
828 2117 859 2128 --
877 2094 932 2155 439.
951 2098 1007 2141 Vatc
1023 2097 1180 2144 Samothraca.
1195 2099 1290 2146 Solcnni
1305 2117 1384 2148 errore
1404 2119 1448 2164 pro

379 2172 513 2219 mutilatio.
525 2171 577 2217 cod.
597 2174 666 2217 Vates
677 2171 832 2217 &machmam
847 2174 913 2219 Carr.
923 2172 1002 2220 licina.
1020 2177 1098 2222 Burm.
1111 2181 1194 2224 Vatem
1203 2179 1358 2226 Samothracia
1369 2181 1444 2229 ditem.

379 2256 468 2298 Boron.
480 2249 532 2298 cod.
545 2259 568 2296 ct
578 2250 651 2296 Aldus
662 2249 703 2311 qui
718 2259 765 2296 tres
778 2249 811 2296 ihi
824 2266 904 2298 tersus
914 2252 1007 2313 spurios
1022 2254 1100 2301 lubet.
1109 2255 1171 2304 Vide
1186 2267 1260 2304 uotas.
1285 2261 1355 2305 Vates
1367 2264 1446 2306 Samo·

378 2331 462 2378 thmcr'a
474 2330 558 2377 divum.
569 2329 682 2375 Bououl
698 2338 721 2374 et
737 2330 765 2374 ll.
782 2331 847 2375 Junt.
864 2331 907 2376 En.

414 2502 475 2564 439.
489 2497 566 2550 Tunc
581 2501 684 2550 Lemnos
704 2499 782 2547 tenuis
788 2535 797 2558 ,
810 2497 846 2549 ita
860 2507 890 2548 ut
969 2500 1031 2568 439.
1051 2506 1175 2553 Hactenus
1191 2506 1216 2554 in
1231 2507 1351 2572 populos,
1372 2520 1444 2557 vates

379 2581 465 2634 tenuis
486 2579 574 2642 fieret,
593 2578 680 2630 minor
704 2576 889 2646 navigantibus
934 2583 1106 2641 Samothraca,
1131 2583 1244 2650 diemque
1260 2587 1336 2648 missa
1353 2603 1442 2646 ruane,

379 2660 436 2714 lieri
444 2659 588 2720 videretur,
599 2656 731 2710 evanescit
743 2655 852 2719 sensim,
862 2669 889 2709 et
932 2660 1059 2725 sacrisque
1069 2674 1156 2710 mettun
1165 2681 1284 2712 servemus
1294 2666 1390 2730 opertis.
1400 2663 1441 2716 Sic

378 2741 507 2792 Electriam
515 2752 602 2790 terram
613 2736 646 2789 ab
659 2736 780 2798 Electra,
792 2735 887 2787 Atlan·
933 2735 976 2788 ed.
985 2737 1188 2792 Burmanniaua.
1196 2739 1292 2792 Mirum
1301 2752 1443 2810 ,quantum

376 2819 410 2870 tis
424 2817 496 2880 fitia,
510 2816 547 2870 sic
557 2815 673 2878 dictam,
688 2817 801 2867 Threiciis
812 2822 886 2866 mai
931 2813 1087 2868 desudariut
1101 2817 1130 2868 in
1140 2815 1181 2870 his
1195 2817 1299 2890 Sibyllae
1316 2819 1384 2872 soliis
1399 2839 1443 2872 ex·

377 2918 435 2950 ream
461 2901 555 2957 sacris,
577 2895 765 2950 Samothracen
783 2893 885 2964 legunt.
930 2893 1444 2968 pediendisinterpretes,quotquotVa·

375 2977 424 3030 llic
438 2978 543 3028 nuruinis
562 2978 652 3044 ingens
671 2977 768 3034 horror,
790 2972 884 3042 religio
930 2972 996 3025 lerio
1020 2991 1080 3026 mco
1103 2994 1209 3046 operam
1235 2975 1442 3047 impenderunt,

374 3055 493 3110 horroris
512 3055 607 3126 plena,
624 3063 650 3105 et
668 3056 772 3104 incautis
786 3057 885 3103 decreta
915 3069 1011 3121 quam
1024 3062 1113 3106 nmen
1134 3053 1225 3107 lusisse
1244 3074 1335 3108 omnes
1350 3055 1443 3110 viden-

372 3139 473 3204 piacula
481 3137 581 3203 linguis,
590 3149 769 3203 gravespoenae
777 3140 886 3183 manent
929 3141 982 3183 tur.
1001 3131 1055 3184 Nec
1070 3132 1171 3185 felicior
1184 3146 1243 3206 post
1259 3134 1442 3190 Burmanuum

374 3212 881 3286 eos,quitemereevulgarintmysteria.
929 3208 977 3262 fuit
989 3209 1153 3274 Withoiius,
1171 3212 1216 3284 qui
1230 3211 1372 3283 legendum
1387 3233 1442 3268 esse

411 3293 550 3358 43411ωο
570 3291 658 3343 insula
681 3302 737 3342 tota
757 3289 883 3342 immunis
928 3289 1035 3362 conjicit
1055 3304 1061 3341 :
1080 3307 1163 3342 uatem
1188 3295 1346 3344 Samothraca
1366 3298 1439 3344 redu-

374 3385 413 3430 est
432 3375 466 3428 ab
486 3373 559 3428 omni
577 3382 748 3444 tempestate;
764 3383 821 3424 tum
834 3369 883 3422 de·
927 3386 999 3428 cent,
1020 3373 1108 3429 Musa,
1126 3376 1221 3424 ruane!
1243 3368 1304 3423 vide
1324 3375 1439 3424 hrr'dsche

372 3473 446 3507 mum
460 3459 518 3506 deus
530 3451 595 3520 (dii,
607 3449 798 3517 Cabiri)rmdas
810 3469 882 3517 aspe·
927 3451 1119 3515 Anrnerhrmgeu
1140 3454 1174 3501 St.
1189 3449 1226 3512 V,
1245 3468 1272 3520 p.
1292 3453 1332 3502 26.
1352 3451 1434 3516 llem,

371 3547 424 3593 rat,
444 3532 542 3586 fluctus
563 3539 667 3592 movet,
686 3547 770 3600 quum
791 3532 881 3600 infidos
926 3525 978 3576 nisi
992 3525 1082 3590 fallor,
1098 3545 1147 3578 acu
1164 3527 1248 3598 tetigit
1261 3527 1438 3594 Schraderus,

371 3626 461 3664 nautas
468 3609 545 3663 litorn
557 3627 605 3664 sua
618 3620 727 3679 tangere
739 3605 807 3660 velle
820 3625 880 3660 sen·
926 3603 1004 3656 Obts·
1016 3622 1042 3674 p·
1056 3620 1100 3667 ²¹2
1110 3604 1157 3676 qul
1168 3605 1204 3658 11³
1214 3606 1317 3678 refingit
1328 3625 1335 3660 ἒ
1346 3613 1437 3660 Hacte-

370 3691 427 3744 tiat.
446 3690 524 3744 Tales
544 3707 628 3759 quum
647 3689 805 3758 Argonautae
820 3703 877 3739 uon
925 3702 970 3744 uus
989 3686 1015 3734 iu
1039 3687 1144 3752 populos
1168 3685 1239 3749 vati,
1259 3691 1436 3746 Samothraca,

370 3780 471 3831 essent,
485 3767 592 3820 obviam
605 3779 697 3838 sponte
707 3766 780 3819 venit
794 3784 879 3819 sacer-
924 3765 1036 3828 diemque
1058 3765 1134 3814 missa
1153 3764 1222 3816 vale.
1242 3765 1352 3818 Sensum
1372 3765 1438 3819 meis

368 3847 417 3900 dos
429 3850 538 3912 Thyotes,
550 3848 641 3915 excipit
652 3848 722 3898 unis
734 3849 875 3912 adytisque,
924 3840 1011 3893 verbis
1018 3859 1147 3911 exponere
1155 3842 1250 3897 liccat:
1261 3844 1307 3897 sed
1314 3844 1438 3898 hechas·

369 3925 482 3996 templo,
492 3922 658 3977 reseratadeo
670 3938 777 3984 secreta,
793 3923 880 3978 initiat
925 3931 1019 3982 tenus,
1033 3919 1170 3992 aitpoeta.
1185 3924 1264 3977 Plura
1278 3923 1311 3977 de
1325 3937 1367 3990 te,
1389 3925 1436 3979 Sa-

369 4003 517 4076 mysteriis,
534 4021 591 4073 que
604 4002 638 4055 ad
651 4013 734 4055 artem
746 4000 773 4054 in
788 4001 879 4073 primis
924 3997 1061 4052 mothraca
1070 3999 1106 4068 (V
1107 4003 1188 4070 ocat.)
1199 4013 1309 4072 ,preter
1322 4023 1369 4067 ea,
1380 4022 1438 4075 ques

369 4082 502 4137 nauticam
513 4081 670 4152 pertinuisse
679 4081 882 4152 putantur.Boet·
926 4077 991 4129 milri
1000 4079 1119 4145 (oau)‚o
1133 4099 1175 4134 me
1186 4081 1213 4132 in
1225 4083 1338 4155 populos
1353 4081 1436 4134 diem·

368 4162 444 4233 tigeri
456 4159 613 4231 archeolog.
627 4161 749 4214 Museum
758 4197 766 4224 ,
776 4160 865 4228 Hefal
872 4186 881 4212 s
926 4173 979 4225 que
989 4156 1066 4208 missa
1080 4171 1144 4210 sunt
1153 4197 1161 4222 ,
1171 4178 1230 4230 quae
1238 4160 1342 4214 notiora
1353 4161 1437 4214 homi·

365 4259 427 4315 με,
441 4244 485 4308 67,
922 4235 1000 4288 nibus
1015 4234 1120 4301 facero,
1137 4238 1164 4292 iu
1178 4237 1266 4292 lucem
1279 4241 1435 4313 protrahere
