3122 5126
363 563 424 607 xrv
618 539 735 607 VITA
756 539 963 608 VALERII
994 533 1193 618 FLACCI,
1263 595 1269 606 .

363 687 445 728 num
470 663 599 740 dicunt:
613 688 685 754 quse
706 665 820 734 eodem
843 639 933 730 nirnc
955 684 1088 752 quoque
1110 659 1244 724 nomine
1265 675 1429 725 censetur:

363 769 442 831 vino
459 769 627 837 nobilitata
645 792 820 860 generoso,
834 768 923 834 haud
939 767 1054 858 procul
1068 765 1210 830 Velitris.

407 874 477 962 Ego
486 895 564 938 vero
575 897 725 964 magnam
735 874 975 963 elegantissimo
983 887 1087 960 poetae
1098 868 1268 934 conflatam
1279 869 1430 950 injuriam

362 980 448 1044 serre
465 999 530 1042 non
550 997 701 1068 possum,
714 982 771 1068 qui
787 1003 890 1068 quum
906 1000 1059 1044 romanus
1081 977 1156 1041 civis
1173 977 1230 1058 sit,
1251 976 1356 1066 capite
1373 976 1432 1041 de·

331 1073 335 1081 ¹
365 1086 537 1169 minuitur,
557 1102 589 1151 et
616 1087 651 1149 in
680 1087 855 1176 municipia
884 1085 964 1150 falso
991 1084 1226 1167 transcribitur,
1248 1083 1339 1172 quod
1365 1087 1431 1150 fato

364 1190 508 1278 quodam
522 1191 683 1271 secundo,
695 1191 774 1256 dum
788 1193 849 1256 ista
862 1190 1046 1270 meditarer,
1060 1190 1094 1252 in
1108 1189 1230 1278 oppido
1243 1191 1431 1255 Ruscinone

363 1296 751 1387 senexindigena,oblato
760 1313 947 1386 pervetusto
958 1296 1431 1383 numismate,exploratissime

363 1401 515 1467 ostendit.
526 1404 563 1467 C.
574 1403 642 1466 Val.
653 1402 758 1466 Flacci
768 1403 896 1482 juvenis
907 1418 940 1466 et
949 1400 1094 1489 praetoris
1105 1416 1172 1464 erat
1183 1398 1320 1489 effigies,
1333 1417 1371 1464 ut
1390 1423 1430 1464 ex

364 1508 461 1571 titulo
477 1507 769 1589 demonstrabatur,
788 1509 903 1597 capillo
918 1507 1105 1594 subcrispo,
1126 1505 1191 1570 oris
1211 1503 1265 1569 filo
1283 1506 1427 1595 ingenuo

363 1639 400 1678 ac
418 1615 583 1704 virginali,
599 1615 755 1704 adspectu
769 1632 900 1705 vegeto,
921 1638 988 1679 non
1017 1615 1095 1679 citra
1120 1612 1283 1677 modestiae
1306 1631 1428 1679 notam.

364 1718 503 1784 Humeri
519 1719 660 1801 habiles,
682 1735 714 1783 et
731 1719 896 1808 quadrati:
916 1720 1024 1784 cervix
1044 1720 1205 1800 torosula,
1225 1721 1428 1801 succulenta3

363 1846 431 1888 non
450 1825 591 1912 pinguis.
609 1823 726 1888 Pectus
745 1846 813 1888 non
831 1825 1036 1912 improbum,
1052 1846 1114 1888 nec
1132 1823 1373 1905 ostentationis,
1393 1840 1431 1888 ut

361 1929 485 1994 Plinius
507 1926 568 2009 ait,
583 1945 778 2017 pectorosae,
793 1946 831 1994 ut
851 1929 977 1994 consilii
1000 1945 1032 1994 et
1056 1929 1240 2010 modestiae,
1256 1929 1300 1994 ita
1321 1930 1429 1993 couti-

362 2034 469 2098 nentis
486 2034 655 2098 alacritatis
673 2033 781 2099 index.
802 2035 935 2123 Singula
956 2033 1195 2123 perpendentes
1217 2033 1429 2098 commodum

271 2179 277 2190 ·
363 2137 610 2203 exclamavimus
623 2160 684 2227 ego
700 2155 733 2203 et
745 2139 904 2203 Romulus
917 2140 1096 2220 Amasaeus,
1111 2161 1276 2202 musarum
1293 2138 1431 2202 Pancra-

361 2244 470 2306 tiastes
481 2243 634 2333 insignis,
643 2267 740 2333 quern
748 2244 952 2309 Platonicum
965 2265 1105 2331 cycnum
1116 2239 1314 2308 familiariter
1322 2243 1430 2308 dicere

361 2349 467 2427 soleo,
480 2349 530 2412 vir
541 2364 677 2438 utraque
689 2349 800 2439 lingua
813 2349 1036 2426 doctissimus,
1050 2350 1136 2414 inter
1149 2371 1317 2413 musarum
1329 2349 1430 2414 duces

361 2452 457 2542 primi
471 2453 617 2518 subsellii
629 2457 804 2544 professor,
818 2456 844 2520 si
858 2457 1021 2544 leporem,
1033 2455 1131 2537 sales,
1144 2454 1379 2536 eruditionem,
1392 2479 1430 2520 ac

362 2560 580 2647 eloquentiam
601 2561 759 2643 excutias,
777 2563 812 2626 in
838 2578 870 2627 te
895 2557 966 2626 uno
989 2563 1023 2626 in
1049 2583 1218 2626 causarum
1243 2561 1430 2651 patrociniis

315 2675 317 2680 '
360 2665 458 2755 longe
481 2667 651 2753 primario,
673 2668 812 2755 politicis
836 2668 999 2748 moribus,
1018 2669 1205 2757 cognitione
1225 2669 1335 2758 legum
1360 2690 1429 2731 non

360 2771 500 2859 vulgari,
515 2793 575 2834 nec
597 2771 734 2859 protrita
750 2771 831 2856 lide,
850 2796 888 2837 ac
905 2773 1071 2837 sanctitate
1093 2791 1223 2836 morum
1245 2795 1348 2860 prope
1371 2773 1428 2836 So·

362 2875 496 2957 cretica,
509 2891 547 2940 ut
564 2876 596 2939 in
610 2878 697 2961 viva,
712 2901 749 2940 ac
766 2878 901 2964 spiranti
919 2877 1075 2968 imagine,
1089 2875 1259 2965 pervideri.
1274 2878 1319 2940 Te
1335 2899 1428 2940 nam·

362 3004 427 3067 que
437 3029 446 3062 ,
458 2981 507 3045 vir
521 2980 799 3068 praestantissime,
813 3005 989 3047 consensus
1007 2984 1116 3070 patriae
1132 2982 1286 3070 peculiari
1305 3003 1429 3070 cogno·

364 3103 475 3151 mento
496 3103 671 3174 patronum
695 3089 837 3152 veritatis
862 3088 1009 3177 appellat.
1026 3087 1101 3151 Tibi
1125 3087 1270 3174 corporis
1293 3087 1428 3177 insignis

361 3214 399 3262 ac
429 3190 561 3279 quidam
588 3193 769 3256 senatorius
793 3191 900 3255 decor.
922 3192 996 3255 Tibi
1021 3192 1199 3255 forensium
1224 3191 1345 3256 ducum
1368 3217 1428 3257 an·

360 3297 547 3386 tesignano,
573 3297 668 3385 longe
702 3297 844 3385 suppetit
871 3295 963 3358 labor
986 3295 1020 3358 in
1037 3296 1192 3386 negotiis,
1211 3296 1366 3361 fortitudo
1392 3299 1428 3361 in

361 3401 528 3490 periculis,
545 3399 703 3465 industria
732 3402 766 3465 in
796 3400 941 3495 agendo,
964 3401 1106 3465 celeritas
1139 3402 1174 3464 in
1206 3401 1426 3487 conficiendo,

361 3507 532 3572 consilium
557 3507 591 3570 in
614 3505 834 3595 providendo,
855 3509 889 3572 in
912 3506 1043 3572 tuendis
1066 3507 1237 3573 clientibus
1258 3510 1427 3599 singularis

361 3629 395 3678 et
413 3613 599 3702 praestabilis
618 3611 713 3692 fides,
730 3635 839 3678 rarum
857 3614 892 3678 in
910 3614 975 3680 hoc
991 3613 1126 3679 artificio
1145 3615 1282 3680 bonum.
1300 3616 1342 3679 Et
1353 3616 1427 3704 quis

361 3719 495 3808 ambigit
510 3718 712 3783 Valeriorum
730 3720 919 3784 Flaccorum
938 3721 1091 3784 familiam
1110 3722 1209 3785 fuisse
1225 3721 1428 3785 Romanam?

361 3847 458 3911 quarn
470 3846 490 3887 a
502 3823 626 3887 Sabinis
637 3825 763 3888 venisse
776 3825 893 3889 Fabius
907 3824 1016 3889 innuit
1030 3825 1118 3916 apud
1131 3849 1230 3914 quem
1244 3848 1283 3889 ex
1294 3825 1426 3890 Valesiis

360 3929 462 3993 factos
479 3951 547 3993 esse
563 3930 707 3994 Valerios
725 3931 873 4020 legimus.
890 3932 930 3994 ln
946 3931 1064 4018 quibus
1080 3931 1115 3996 L.
1132 3930 1278 3996 Valerius
1294 3930 1426 3994 Flaccus

363 4034 494 4099 Catonis
525 4035 659 4100 senioris
689 4036 811 4100 amicus
841 4053 1106 4118 connumeratur,
1125 4037 1180 4124 qui
1202 4059 1278 4100 eum
1304 4056 1344 4099 ex
1358 4037 1426 4099 Tu-

363 4141 458 4204 sculis
474 4142 506 4203 in
523 4142 638 4205 urbem
651 4143 791 4206 Romam
805 4143 930 4207 vocavit
940 4191 949 4224 ,
961 4159 993 4206 et
1005 4143 1173 4225 instruxit,
1184 4158 1223 4206 ut
1234 4141 1426 4206 Plutarchus

256 4297 259 4304 .
362 4245 466 4311 docet.
494 4245 584 4312 ldem
609 4248 739 4332 consul,
754 4265 885 4329 auctore
908 4249 1016 4330 Livio,
1034 4249 1117 4313 libro
1140 4264 1256 4336 quarto
1277 4247 1318 4313 de
1342 4247 1425 4314 bello
