<?xml version="1.0" encoding="UTF-8"?>
<!DOCTYPE html PUBLIC "-//W3C//DTD XHTML 1.0 Transitional//EN"
    "http://www.w3.org/TR/xhtml1/DTD/xhtml1-transitional.dtd">
<html xmlns="http://www.w3.org/1999/xhtml" xml:lang="en" lang="en">
 <head>
  <title>
</title>
<meta http-equiv="Content-Type" content="text/html;charset=utf-8" />
  <meta name='ocr-system' content='tesseract 3.04.00' />
  <meta name='ocr-capabilities' content='ocr_page ocr_carea ocr_par ocr_line ocrx_word'/>
</head>
<body>
  <div class='ocr_page' id='page_1' title='image "./cvaleriiflaccis00apolgoog_0396.png"; bbox 0 0 3196 5120; ppageno 0'>
   <div class='ocr_carea' id='block_1_1' title="bbox 88 481 1208 678">
    <p class='ocr_par' dir='ltr' id='par_1_1' title="bbox 88 481 1208 678">
     <span class='ocr_line' id='line_1_1' title="bbox 88 481 1207 577; baseline 0.004 -29"><span class='ocrx_word' id='word_1_1' title='bbox 88 553 93 562; x_wconf 74' lang='grc'>,</span> <span class='ocrx_word' id='word_1_2' title='bbox 378 484 506 550; x_wconf 82' lang='grc' dir='ltr'>Νονι</span> <span class='ocrx_word' id='word_1_3' title='bbox 539 481 788 550; x_wconf 75' lang='lat' dir='ltr'>nummus</span> <span class='ocrx_word' id='word_1_4' title='bbox 819 485 976 552; x_wconf 73' lang='lat' dir='ltr'>roure,</span> <span class='ocrx_word' id='word_1_5' title='bbox 1147 490 1207 577; x_wconf 83' lang='lat'>173</span> 
     </span>
     <span class='ocr_line' id='line_1_2' title="bbox 146 599 1208 678; baseline 0.005 -23"><span class='ocrx_word' id='word_1_6' title='bbox 146 621 227 674; x_wconf 58' lang='lat' dir='ltr'>pem</span> <span class='ocrx_word' id='word_1_7' title='bbox 241 599 363 673; x_wconf 49' lang='grc' dir='ltr'>ἥψω</span> <span class='ocrx_word' id='word_1_8' title='bbox 375 599 411 653; x_wconf 79' lang='lat' dir='ltr'>m</span> <span class='ocrx_word' id='word_1_9' title='bbox 424 599 582 672; x_wconf 57' lang='lat' dir='ltr'>demusin</span> <span class='ocrx_word' id='word_1_10' title='bbox 590 602 639 670; x_wconf 85' lang='lat'>(1).</span> <span class='ocrx_word' id='word_1_11' title='bbox 651 601 736 673; x_wconf 66' lang='lat' dir='ltr'>uagis</span> <span class='ocrx_word' id='word_1_12' title='bbox 751 601 823 656; x_wconf 68' lang='lat' dir='ltr'>nin</span> <span class='ocrx_word' id='word_1_13' title='bbox 835 602 889 656; x_wconf 68' lang='lat' dir='ltr'>ven</span> <span class='ocrx_word' id='word_1_14' title='bbox 903 604 1016 678; x_wconf 64' lang='lat' dir='ltr'>speciem</span> <span class='ocrx_word' id='word_1_15' title='bbox 1029 605 1095 658; x_wconf 75' lang='lat' dir='ltr'>mut</span> <span class='ocrx_word' id='word_1_16' title='bbox 1104 605 1208 660; x_wconf 63' lang='lat' dir='ltr'>nuens</span> 
     </span>
    </p>
   </div>
   <div class='ocr_carea' id='block_1_2' title="bbox 146 678 1208 1032">
    <p class='ocr_par' dir='ltr' id='par_1_2' title="bbox 146 678 1208 920">
     <span class='ocr_line' id='line_1_3' title="bbox 147 678 1208 757; baseline 0.008 -25"><span class='ocrx_word' id='word_1_17' title='bbox 147 699 243 733; x_wconf 86' lang='lat' dir='ltr'>nornen</span> <span class='ocrx_word' id='word_1_18' title='bbox 255 683 330 746; x_wconf 66' lang='lat' dir='ltr'>Piper</span> <span class='ocrx_word' id='word_1_19' title='bbox 341 678 450 732; x_wconf 88' lang='lat' dir='ltr'>ductum</span> <span class='ocrx_word' id='word_1_20' title='bbox 465 698 521 732; x_wconf 86' lang='lat' dir='ltr'>esse</span> <span class='ocrx_word' id='word_1_21' title='bbox 535 697 551 732; x_wconf 83' lang='lat' dir='ltr'>a</span> <span class='ocrx_word' id='word_1_22' title='bbox 564 697 628 732; x_wconf 85' lang='lat' dir='ltr'>voce</span> <span class='ocrx_word' id='word_1_23' title='bbox 641 698 724 751; x_wconf 80' lang='lat' dir='ltr'>greca</span> <span class='ocrx_word' id='word_1_24' title='bbox 740 685 825 748; x_wconf 77' lang='grc' dir='ltr'><strong>πίτυς,</strong></span> <span class='ocrx_word' id='word_1_25' title='bbox 838 680 924 752; x_wconf 64' lang='lat' dir='ltr'>latine¹</span> <span class='ocrx_word' id='word_1_26' title='bbox 931 687 1005 752; x_wconf 81' lang='lat' dir='ltr'>pinus</span> <span class='ocrx_word' id='word_1_27' title='bbox 1010 706 1020 747; x_wconf 90' lang='lat'>,·</span> <span class='ocrx_word' id='word_1_28' title='bbox 1031 703 1089 756; x_wconf 76' lang='lat' dir='ltr'>que</span> <span class='ocrx_word' id='word_1_29' title='bbox 1099 685 1208 757; x_wconf 87' lang='lat' dir='ltr'>quidem</span> 
     </span>
     <span class='ocr_line' id='line_1_4' title="bbox 146 763 1207 834; baseline 0.008 -18"><span class='ocrx_word' id='word_1_30' title='bbox 146 765 228 816; x_wconf 85' lang='lat' dir='ltr'>arbor</span> <span class='ocrx_word' id='word_1_31' title='bbox 246 763 273 815; x_wconf 93' lang='lat' dir='ltr'>in</span> <span class='ocrx_word' id='word_1_32' title='bbox 290 764 341 817; x_wconf 87' lang='lat' dir='ltr'>ha&#39;c</span> <span class='ocrx_word' id='word_1_33' title='bbox 357 764 464 834; x_wconf 84' lang='lat' dir='ltr'><strong>regione</strong></span> <span class='ocrx_word' id='word_1_34' title='bbox 480 764 619 834; x_wconf 74' lang='lat' dir='ltr'>frequens:</span> <span class='ocrx_word' id='word_1_35' title='bbox 631 763 688 817; x_wconf 77' lang='lat' dir='ltr'>hec</span> <span class='ocrx_word' id='word_1_36' title='bbox 701 766 764 819; x_wconf 89' lang='lat' dir='ltr'>urbs</span> <span class='ocrx_word' id='word_1_37' title='bbox 784 767 833 820; x_wconf 84' lang='lat' dir='ltr'>situ</span> <span class='ocrx_word' id='word_1_38' title='bbox 851 779 905 820; x_wconf 77' lang='lat' dir='ltr'>eret</span> <span class='ocrx_word' id='word_1_39' title='bbox 923 765 958 822; x_wconf 79' lang='lat' dir='ltr'>sd</span> <span class='ocrx_word' id='word_1_40' title='bbox 975 767 1093 824; x_wconf 84' lang='lat' dir='ltr'>radicem</span> <span class='ocrx_word' id='word_1_41' title='bbox 1109 773 1207 824; x_wconf 88' lang='lat' dir='ltr'>montis</span> 
     </span>
     <span class='ocr_line' id='line_1_5' title="bbox 147 847 514 920; baseline 0.003 -20"><span class='ocrx_word' id='word_1_42' title='bbox 147 849 253 919; x_wconf 76' lang='lat' dir='ltr'>pinibus</span> <span class='ocrx_word' id='word_1_43' title='bbox 263 847 351 902; x_wconf 87' lang='lat' dir='ltr'>densis</span> <span class='ocrx_word' id='word_1_44' title='bbox 363 849 456 902; x_wconf 87' lang='lat' dir='ltr'>consiti</span> <span class='ocrx_word' id='word_1_45' title='bbox 467 851 514 920; x_wconf 80' lang='lat' dir='ltr'>(s).</span> 
     </span>
    </p>

    <p class='ocr_par' dir='ltr' id='par_1_3' title="bbox 183 961 873 1032">
     <span class='ocr_line' id='line_1_6' title="bbox 183 961 873 1032; baseline 0.007 -19"><span class='ocrx_word' id='word_1_46' title='bbox 183 961 219 1014; x_wconf 92' lang='lat' dir='ltr'>V.</span> <span class='ocrx_word' id='word_1_47' title='bbox 232 965 283 1027; x_wconf 71' lang='lat'>624</span> <span class='ocrx_word' id='word_1_48' title='bbox 290 999 367 1014; x_wconf 90' lang='grc'><strong>.....</strong></span> <span class='ocrx_word' id='word_1_49' title='bbox 383 965 477 1032; x_wconf 70' lang='lat' dir='ltr'>ogygii</span> <span class='ocrx_word' id='word_1_50' title='bbox 492 983 566 1032; x_wconf 84' lang='lat' dir='ltr'>quam</span> <span class='ocrx_word' id='word_1_51' title='bbox 586 984 631 1015; x_wconf 82' lang='lat' dir='ltr'>nec</span> <span class='ocrx_word' id='word_1_52' title='bbox 646 967 766 1016; x_wconf 75' lang='lat' dir='ltr'>trieterica</span> <span class='ocrx_word' id='word_1_53' title='bbox 780 970 873 1018; x_wconf 78' lang='lat' dir='ltr'>Bacchi</span> 
     </span>
    </p>
   </div>
   <div class='ocr_carea' id='block_1_3' title="bbox 287 1049 1013 1118">
    <p class='ocr_par' dir='ltr' id='par_1_4' title="bbox 287 1049 1013 1118">
     <span class='ocr_line' id='line_1_7' title="bbox 287 1049 1013 1118; baseline 0.01 -20"><span class='ocrx_word' id='word_1_54' title='bbox 287 1052 365 1099; x_wconf 80' lang='lat' dir='ltr'>Sacra</span> <span class='ocrx_word' id='word_1_55' title='bbox 372 1085 381 1107; x_wconf 91' lang='lat'>,</span> <span class='ocrx_word' id='word_1_56' title='bbox 395 1067 476 1115; x_wconf 77' lang='lat' dir='ltr'>neque</span> <span class='ocrx_word' id='word_1_57' title='bbox 493 1051 592 1099; x_wconf 85' lang='lat' dir='ltr'>areanis</span> <span class='ocrx_word' id='word_1_58' title='bbox 605 1051 723 1118; x_wconf 75' lang='lat' dir='ltr'>Phrygius</span> <span class='ocrx_word' id='word_1_59' title='bbox 735 1049 812 1116; x_wconf 71' lang='lat' dir='ltr'>ferror</span> <span class='ocrx_word' id='word_1_60' title='bbox 821 1053 910 1103; x_wconf 78' lang='lat' dir='ltr'>invehit</span> <span class='ocrx_word' id='word_1_61' title='bbox 924 1056 1013 1104; x_wconf 67' lang='lat' dir='ltr'>annis.</span> 
     </span>
    </p>
   </div>
   <div class='ocr_carea' id='block_1_4' title="bbox 147 1133 1208 1316">
    <p class='ocr_par' dir='ltr' id='par_1_5' title="bbox 147 1133 1208 1316">
     <span class='ocr_line' id='line_1_8' title="bbox 147 1133 1208 1237; baseline 0.011 -27"><span class='ocrx_word' id='word_1_62' title='bbox 147 1160 261 1227; x_wconf 68' lang='lat' dir='ltr'>Ogygiis</span> <span class='ocrx_word' id='word_1_63' title='bbox 278 1158 322 1213; x_wconf 88' lang='lat' dir='ltr'>hic</span> <span class='ocrx_word' id='word_1_64' title='bbox 339 1133 410 1213; x_wconf 88' lang='lat' dir='ltr'>idem</span> <span class='ocrx_word' id='word_1_65' title='bbox 428 1159 555 1232; x_wconf 87' lang='lat' dir='ltr'>estquod</span> <span class='ocrx_word' id='word_1_66' title='bbox 571 1163 705 1212; x_wconf 64' lang='lat' dir='ltr'>Hebenus.</span> <span class='ocrx_word' id='word_1_67' title='bbox 724 1161 747 1214; x_wconf 84' lang='lat' dir='ltr'>E</span> <span class='ocrx_word' id='word_1_68' title='bbox 764 1161 878 1234; x_wconf 73' lang='lat' dir='ltr'>septenis</span> <span class='ocrx_word' id='word_1_69' title='bbox 889 1162 1041 1218; x_wconf 79' lang='lat' dir='ltr'>Thebarum</span> <span class='ocrx_word' id='word_1_70' title='bbox 1053 1167 1134 1237; x_wconf 88' lang='lat' dir='ltr'>portis</span> <span class='ocrx_word' id='word_1_71' title='bbox 1154 1186 1208 1222; x_wconf 85' lang='lat' dir='ltr'>una</span> 
     </span>
     <span class='ocr_line' id='line_1_9' title="bbox 148 1241 1206 1316; baseline 0.008 -20"><span class='ocrx_word' id='word_1_72' title='bbox 148 1245 295 1296; x_wconf 66' lang='lat' dir='ltr'>vocamur</span> <span class='ocrx_word' id='word_1_73' title='bbox 302 1247 412 1311; x_wconf 68' lang='lat' dir='ltr'>ogygia.</span> <span class='ocrx_word' id='word_1_74' title='bbox 421 1241 534 1296; x_wconf 80' lang='lat' dir='ltr'>Ovidius</span> <span class='ocrx_word' id='word_1_75' title='bbox 541 1242 610 1297; x_wconf 91' lang='lat' dir='ltr'>idem</span> <span class='ocrx_word' id='word_1_76' title='bbox 617 1244 752 1316; x_wconf 81' lang='lat' dir='ltr'>epitheton</span> <span class='ocrx_word' id='word_1_77' title='bbox 760 1244 865 1300; x_wconf 89' lang='lat' dir='ltr'>Baccho</span> <span class='ocrx_word' id='word_1_78' title='bbox 874 1244 966 1300; x_wconf 80' lang='lat' dir='ltr'>tribuit</span> <span class='ocrx_word' id='word_1_79' title='bbox 975 1284 983 1312; x_wconf 94' lang='lat'>,</span> <span class='ocrx_word' id='word_1_80' title='bbox 992 1248 1102 1303; x_wconf 85' lang='lat' dir='ltr'>Heroid.</span> <span class='ocrx_word' id='word_1_81' title='bbox 1112 1252 1147 1316; x_wconf 77' lang='lat' dir='ltr'>X,</span> <span class='ocrx_word' id='word_1_82' title='bbox 1156 1253 1189 1315; x_wconf 78' lang='grc'>48</span> <span class='ocrx_word' id='word_1_83' title='bbox 1199 1270 1206 1303; x_wconf 92' lang='lat'>:</span> 
     </span>
    </p>
   </div>
   <div class='ocr_carea' id='block_1_5' title="bbox 286 1360 768 1423">
    <p class='ocr_par' dir='ltr' id='par_1_6' title="bbox 286 1360 768 1423">
     <span class='ocr_line' id='line_1_10' title="bbox 286 1360 768 1423; baseline 0.002 -16"><span class='ocrx_word' id='word_1_84' title='bbox 286 1360 367 1418; x_wconf 83' lang='lat' dir='ltr'>Qualis</span> <span class='ocrx_word' id='word_1_85' title='bbox 376 1360 406 1406; x_wconf 80' lang='lat' dir='ltr'>ab</span> <span class='ocrx_word' id='word_1_86' title='bbox 415 1360 508 1423; x_wconf 79' lang='lat' dir='ltr'>Ogygio</span> <span class='ocrx_word' id='word_1_87' title='bbox 517 1361 608 1408; x_wconf 83' lang='lat' dir='ltr'>concita</span> <span class='ocrx_word' id='word_1_88' title='bbox 616 1361 704 1410; x_wconf 82' lang='lat' dir='ltr'>hueclrs</span> <span class='ocrx_word' id='word_1_89' title='bbox 715 1362 768 1408; x_wconf 83' lang='lat' dir='ltr'>deo.</span> 
     </span>
    </p>
   </div>
   <div class='ocr_carea' id='block_1_6' title="bbox 182 1479 929 1634">
    <p class='ocr_par' dir='ltr' id='par_1_7' title="bbox 182 1479 929 1634">
     <span class='ocr_line' id='line_1_11' title="bbox 182 1479 929 1536; baseline 0.004 -7"><span class='ocrx_word' id='word_1_90' title='bbox 182 1479 218 1530; x_wconf 87' lang='lat' dir='ltr'>V.</span> <span class='ocrx_word' id='word_1_91' title='bbox 234 1481 288 1536; x_wconf 73' lang='lat'>626</span> <span class='ocrx_word' id='word_1_92' title='bbox 294 1513 773 1532; x_wconf 81' lang='grc'><strong>............................</strong></span> <span class='ocrx_word' id='word_1_93' title='bbox 788 1482 852 1532; x_wconf 81' lang='lat' dir='ltr'>illius</span> <span class='ocrx_word' id='word_1_94' title='bbox 870 1500 929 1533; x_wconf 81' lang='lat' dir='ltr'>arus</span> 
     </span>
     <span class='ocr_line' id='line_1_12' title="bbox 290 1566 927 1634; baseline 0.009 -22"><span class='ocrx_word' id='word_1_95' title='bbox 290 1567 353 1615; x_wconf 72' lang='lat' dir='ltr'>llrde</span> <span class='ocrx_word' id='word_1_96' title='bbox 369 1583 450 1632; x_wconf 82' lang='lat' dir='ltr'>super,</span> <span class='ocrx_word' id='word_1_97' title='bbox 470 1567 578 1633; x_wconf 76' lang='lat' dir='ltr'>celsique</span> <span class='ocrx_word' id='word_1_98' title='bbox 591 1566 680 1616; x_wconf 79' lang='lat' dir='ltr'>uident</span> <span class='ocrx_word' id='word_1_99' title='bbox 690 1567 819 1616; x_wconf 73' lang='lat' dir='ltr'>velcasino</span> <span class='ocrx_word' id='word_1_100' title='bbox 835 1569 927 1634; x_wconf 85' lang='lat' dir='ltr'>templi.</span> 
     </span>
    </p>
   </div>
   <div class='ocr_carea' id='block_1_7' title="bbox 146 1679 1210 2094">
    <p class='ocr_par' dir='ltr' id='par_1_8' title="bbox 146 1679 1210 2094">
     <span class='ocr_line' id='line_1_13' title="bbox 146 1679 1210 1757; baseline 0.006 -20"><span class='ocrx_word' id='word_1_101' title='bbox 146 1685 182 1737; x_wconf 78' lang='grc' dir='ltr'>Τὸ</span> <span class='ocrx_word' id='word_1_102' title='bbox 197 1684 325 1734; x_wconf 65' lang='lat' dir='ltr'>velantium</span> <span class='ocrx_word' id='word_1_103' title='bbox 342 1679 528 1754; x_wconf 86' lang='lat' dir='ltr'>interpretibus</span> <span class='ocrx_word' id='word_1_104' title='bbox 546 1699 673 1753; x_wconf 87' lang='lat' dir='ltr'>magnum</span> <span class='ocrx_word' id='word_1_105' title='bbox 692 1680 828 1754; x_wconf 76' lang='lat' dir='ltr'>negotium</span> <span class='ocrx_word' id='word_1_106' title='bbox 844 1682 928 1736; x_wconf 87' lang='lat' dir='ltr'>dedit.</span> <span class='ocrx_word' id='word_1_107' title='bbox 950 1685 1003 1738; x_wconf 87' lang='lat' dir='ltr'>Pro</span> <span class='ocrx_word' id='word_1_108' title='bbox 1017 1705 1071 1757; x_wconf 92' lang='lat' dir='ltr'>quo</span> <span class='ocrx_word' id='word_1_109' title='bbox 1088 1687 1210 1744; x_wconf 77' lang='lat' dir='ltr'>Heinsius</span> 
     </span>
     <span class='ocr_line' id='line_1_14' title="bbox 148 1764 1210 1843; baseline 0.009 -27"><span class='ocrx_word' id='word_1_110' title='bbox 148 1764 274 1837; x_wconf 83' lang='lat' dir='ltr'>proponit</span> <span class='ocrx_word' id='word_1_111' title='bbox 286 1769 428 1827; x_wconf 83' lang='lat' dir='ltr'>molimina,</span> <span class='ocrx_word' id='word_1_112' title='bbox 444 1766 614 1834; x_wconf 81' lang='lat' dir='ltr'>fundamine,</span> <span class='ocrx_word' id='word_1_113' title='bbox 630 1766 816 1830; x_wconf 79' lang='lat' dir='ltr'>Burmannus,</span> <span class='ocrx_word' id='word_1_114' title='bbox 825 1768 945 1836; x_wconf 75' lang='lat' dir='ltr'>fastigia.</span> <span class='ocrx_word' id='word_1_115' title='bbox 962 1769 1019 1840; x_wconf 84' lang='lat' dir='ltr'>Ego</span> <span class='ocrx_word' id='word_1_116' title='bbox 1034 1769 1141 1843; x_wconf 88' lang='lat' dir='ltr'>quidem</span> <span class='ocrx_word' id='word_1_117' title='bbox 1154 1768 1210 1826; x_wconf 71' lang='lat' dir='ltr'>hirc</span> 
     </span>
     <span class='ocr_line' id='line_1_15' title="bbox 150 1847 1210 1928; baseline 0.007 -27"><span class='ocrx_word' id='word_1_118' title='bbox 150 1851 277 1901; x_wconf 79' lang='lat' dir='ltr'>uelamina</span> <span class='ocrx_word' id='word_1_119' title='bbox 296 1847 376 1902; x_wconf 88' lang='lat' dir='ltr'>credo</span> <span class='ocrx_word' id='word_1_120' title='bbox 392 1867 447 1901; x_wconf 91' lang='lat' dir='ltr'>non</span> <span class='ocrx_word' id='word_1_121' title='bbox 463 1867 519 1902; x_wconf 88' lang='lat' dir='ltr'>esse</span> <span class='ocrx_word' id='word_1_122' title='bbox 538 1849 595 1902; x_wconf 86' lang='lat' dir='ltr'>vela</span> <span class='ocrx_word' id='word_1_123' title='bbox 609 1848 635 1902; x_wconf 93' lang='lat' dir='ltr'>in</span> <span class='ocrx_word' id='word_1_124' title='bbox 649 1849 771 1902; x_wconf 88' lang='lat' dir='ltr'>interiore</span> <span class='ocrx_word' id='word_1_125' title='bbox 788 1851 885 1921; x_wconf 88' lang='lat' dir='ltr'>templo</span> <span class='ocrx_word' id='word_1_126' title='bbox 900 1868 1027 1923; x_wconf 82' lang='lat' dir='ltr'>appensa,</span> <span class='ocrx_word' id='word_1_127' title='bbox 1039 1853 1136 1925; x_wconf 86' lang='lat' dir='ltr'>quippe</span> <span class='ocrx_word' id='word_1_128' title='bbox 1152 1874 1210 1928; x_wconf 75' lang='lat' dir='ltr'>que</span> 
     </span>
     <span class='ocr_line' id='line_1_16' title="bbox 149 1932 1210 2009; baseline 0.005 -22"><span class='ocrx_word' id='word_1_129' title='bbox 149 1933 307 2006; x_wconf 71' lang='lat' dir='ltr'>Argonautis</span> <span class='ocrx_word' id='word_1_130' title='bbox 321 1933 437 2005; x_wconf 86' lang='lat' dir='ltr'>conspici</span> <span class='ocrx_word' id='word_1_131' title='bbox 453 1949 508 1986; x_wconf 87' lang='lat' dir='ltr'>non</span> <span class='ocrx_word' id='word_1_132' title='bbox 523 1934 683 2005; x_wconf 88' lang='lat' dir='ltr'>potuissent,</span> <span class='ocrx_word' id='word_1_133' title='bbox 700 1932 746 1986; x_wconf 88' lang='lat' dir='ltr'>sed</span> <span class='ocrx_word' id='word_1_134' title='bbox 757 1948 823 1986; x_wconf 83' lang='lat' dir='ltr'>serta</span> <span class='ocrx_word' id='word_1_135' title='bbox 839 1935 990 1988; x_wconf 81' lang='lat' dir='ltr'>exteriorem</span> <span class='ocrx_word' id='word_1_136' title='bbox 999 1951 1101 2009; x_wconf 85' lang='lat' dir='ltr'>partem</span> <span class='ocrx_word' id='word_1_137' title='bbox 1112 1959 1210 1994; x_wconf 86' lang='lat' dir='ltr'>ornan-</span> 
     </span>
     <span class='ocr_line' id='line_1_17' title="bbox 146 2015 1130 2094; baseline 0.008 -25"><span class='ocrx_word' id='word_1_138' title='bbox 146 2015 196 2069; x_wconf 82' lang='lat' dir='ltr'>tia.</span> <span class='ocrx_word' id='word_1_139' title='bbox 210 2015 338 2088; x_wconf 75' lang='lat' dir='ltr'>Virgilius</span> <span class='ocrx_word' id='word_1_140' title='bbox 357 2015 452 2070; x_wconf 88' lang='lat' dir='ltr'>eodem</span> <span class='ocrx_word' id='word_1_141' title='bbox 472 2035 551 2094; x_wconf 82' lang='lat' dir='ltr'>seusu</span> <span class='ocrx_word' id='word_1_142' title='bbox 568 2017 650 2070; x_wconf 86' lang='lat' dir='ltr'>verbo</span> <span class='ocrx_word' id='word_1_143' title='bbox 669 2021 757 2069; x_wconf 77' lang='lat' dir='ltr'>velare</span> <span class='ocrx_word' id='word_1_144' title='bbox 774 2035 836 2070; x_wconf 87' lang='lat' dir='ltr'>usus</span> <span class='ocrx_word' id='word_1_145' title='bbox 854 2030 908 2083; x_wconf 88' lang='lat' dir='ltr'>est,</span> <span class='ocrx_word' id='word_1_146' title='bbox 921 2021 983 2074; x_wconf 83' lang='lat' dir='ltr'>AEn.</span> <span class='ocrx_word' id='word_1_147' title='bbox 999 2021 1109 2089; x_wconf 76' lang='lat'>11‚248</span> <span class='ocrx_word' id='word_1_148' title='bbox 1123 2041 1130 2076; x_wconf 92' lang='lat'><strong>:</strong></span> 
     </span>
    </p>
   </div>
   <div class='ocr_carea' id='block_1_8' title="bbox 287 2117 922 2256">
    <p class='ocr_par' dir='ltr' id='par_1_9' title="bbox 287 2117 922 2256">
     <span class='ocr_line' id='line_1_18' title="bbox 287 2117 922 2180; baseline 0.003 -16"><span class='ocrx_word' id='word_1_149' title='bbox 287 2119 350 2172; x_wconf 81' lang='lat' dir='ltr'>Nos,</span> <span class='ocrx_word' id='word_1_150' title='bbox 367 2117 464 2164; x_wconf 80' lang='lat' dir='ltr'>delubra</span> <span class='ocrx_word' id='word_1_151' title='bbox 476 2117 559 2174; x_wconf 84' lang='lat' dir='ltr'>doum,</span> <span class='ocrx_word' id='word_1_152' title='bbox 574 2117 653 2166; x_wconf 83' lang='lat' dir='ltr'>miseri</span> <span class='ocrx_word' id='word_1_153' title='bbox 663 2118 749 2180; x_wconf 85' lang='lat' dir='ltr'>quihus</span> <span class='ocrx_word' id='word_1_154' title='bbox 758 2118 852 2165; x_wconf 85' lang='lat' dir='ltr'>ultimus</span> <span class='ocrx_word' id='word_1_155' title='bbox 861 2128 922 2166; x_wconf 81' lang='lat' dir='ltr'>esset</span> 
     </span>
     <span class='ocr_line' id='line_1_19' title="bbox 287 2192 826 2256; baseline 0.002 -18"><span class='ocrx_word' id='word_1_156' title='bbox 287 2193 332 2239; x_wconf 85' lang='lat' dir='ltr'>lile</span> <span class='ocrx_word' id='word_1_157' title='bbox 342 2192 403 2248; x_wconf 86' lang='lat' dir='ltr'>dies,</span> <span class='ocrx_word' id='word_1_158' title='bbox 412 2192 470 2240; x_wconf 75' lang='lat' dir='ltr'>leste</span> <span class='ocrx_word' id='word_1_159' title='bbox 477 2193 581 2239; x_wconf 78' lang='lat' dir='ltr'>velamur</span> <span class='ocrx_word' id='word_1_160' title='bbox 590 2193 674 2240; x_wconf 78' lang='lat' dir='ltr'>fronde</span> <span class='ocrx_word' id='word_1_161' title='bbox 683 2209 726 2256; x_wconf 90' lang='lat' dir='ltr'>per</span> <span class='ocrx_word' id='word_1_162' title='bbox 737 2195 826 2241; x_wconf 88' lang='lat' dir='ltr'>urhem.</span> 
     </span>
    </p>
   </div>
   <div class='ocr_carea' id='block_1_9' title="bbox 183 2311 964 2547">
    <p class='ocr_par' dir='ltr' id='par_1_10' title="bbox 183 2311 964 2547">
     <span class='ocr_line' id='line_1_20' title="bbox 183 2311 954 2380; baseline 0 -18"><span class='ocrx_word' id='word_1_163' title='bbox 183 2311 220 2364; x_wconf 88' lang='lat' dir='ltr'>V.</span> <span class='ocrx_word' id='word_1_164' title='bbox 236 2311 289 2365; x_wconf 81' lang='lat'>636</span> <span class='ocrx_word' id='word_1_165' title='bbox 295 2346 724 2364; x_wconf 84' lang='grc'><strong>.........................</strong></span> <span class='ocrx_word' id='word_1_166' title='bbox 739 2331 785 2362; x_wconf 78' lang='lat' dir='ltr'>rex</span> <span class='ocrx_word' id='word_1_167' title='bbox 802 2313 880 2363; x_wconf 76' lang='lat' dir='ltr'>divisis</span> <span class='ocrx_word' id='word_1_168' title='bbox 896 2315 954 2380; x_wconf 82' lang='lat' dir='ltr'>agri</span> 
     </span>
     <span class='ocr_line' id='line_1_21' title="bbox 291 2397 957 2463; baseline 0.006 -19"><span class='ocrx_word' id='word_1_169' title='bbox 291 2397 389 2459; x_wconf 65' lang='grc' dir='ltr'><em>σχήσω</em></span> <span class='ocrx_word' id='word_1_170' title='bbox 404 2414 414 2444; x_wconf 84' lang='grc'>.·</span> <span class='ocrx_word' id='word_1_171' title='bbox 431 2397 565 2447; x_wconf 74' lang='lat' dir='ltr'>Hensonioe</span> <span class='ocrx_word' id='word_1_172' title='bbox 580 2399 624 2463; x_wconf 85' lang='lat' dir='ltr'>qui</span> <span class='ocrx_word' id='word_1_173' title='bbox 635 2409 683 2446; x_wconf 74' lang='lat' dir='ltr'>urm</span> <span class='ocrx_word' id='word_1_174' title='bbox 701 2413 765 2447; x_wconf 78' lang='lat' dir='ltr'>nova</span> <span class='ocrx_word' id='word_1_175' title='bbox 777 2397 851 2462; x_wconf 79' lang='lat' dir='ltr'>signa</span> <span class='ocrx_word' id='word_1_176' title='bbox 864 2398 957 2448; x_wconf 72' lang='lat' dir='ltr'>carina</span> 
     </span>
     <span class='ocr_line' id='line_1_22' title="bbox 293 2480 964 2547; baseline 0.003 -19"><span class='ocrx_word' id='word_1_177' title='bbox 293 2483 325 2529; x_wconf 85' lang='lat' dir='ltr'>Ut</span> <span class='ocrx_word' id='word_1_178' title='bbox 341 2480 427 2540; x_wconf 80' lang='lat' dir='ltr'>videt,</span> <span class='ocrx_word' id='word_1_179' title='bbox 439 2481 491 2546; x_wconf 84' lang='lat' dir='ltr'>ipse</span> <span class='ocrx_word' id='word_1_180' title='bbox 502 2483 565 2532; x_wconf 66' lang='lat' dir='ltr'>ulwo</span> <span class='ocrx_word' id='word_1_181' title='bbox 574 2481 670 2546; x_wconf 81' lang='lat' dir='ltr'>primas</span> <span class='ocrx_word' id='word_1_182' title='bbox 683 2481 806 2547; x_wconf 80' lang='lat' dir='ltr'>prueum&#39;t</span> <span class='ocrx_word' id='word_1_183' title='bbox 821 2481 859 2530; x_wconf 85' lang='lat' dir='ltr'>ad</span> <span class='ocrx_word' id='word_1_184' title='bbox 871 2481 964 2530; x_wconf 62' lang='lat' dir='ltr'>undae</span> 
     </span>
    </p>
   </div>
   <div class='ocr_carea' id='block_1_10' title="bbox 149 2578 1250 3234">
    <p class='ocr_par' dir='ltr' id='par_1_11' title="bbox 149 2578 1250 3234">
     <span class='ocr_line' id='line_1_23' title="bbox 150 2578 1212 2651; baseline 0.004 -20"><span class='ocrx_word' id='word_1_185' title='bbox 150 2578 287 2644; x_wconf 86' lang='lat' dir='ltr'>Valerius,</span> <span class='ocrx_word' id='word_1_186' title='bbox 300 2597 382 2651; x_wconf 88' lang='lat' dir='ltr'>quum</span> <span class='ocrx_word' id='word_1_187' title='bbox 396 2579 430 2632; x_wconf 89' lang='lat' dir='ltr'>sit</span> <span class='ocrx_word' id='word_1_188' title='bbox 443 2580 545 2651; x_wconf 76' lang='lat' dir='ltr'>parcior</span> <span class='ocrx_word' id='word_1_189' title='bbox 558 2579 585 2631; x_wconf 92' lang='lat' dir='ltr'>in</span> <span class='ocrx_word' id='word_1_190' title='bbox 596 2578 756 2651; x_wconf 86' lang='lat' dir='ltr'>quibusdam</span> <span class='ocrx_word' id='word_1_191' title='bbox 767 2580 847 2634; x_wconf 86' lang='lat' dir='ltr'>rebus</span> <span class='ocrx_word' id='word_1_192' title='bbox 862 2579 1042 2650; x_wconf 84' lang='lat' dir='ltr'>explicandis,</span> <span class='ocrx_word' id='word_1_193' title='bbox 1055 2581 1212 2635; x_wconf 85' lang='lat' dir='ltr'>connexioni</span> 
     </span>
     <span class='ocr_line' id='line_1_24' title="bbox 149 2662 1250 2736; baseline 0.003 -20"><span class='ocrx_word' id='word_1_194' title='bbox 149 2674 175 2716; x_wconf 86' lang='lat' dir='ltr'>et</span> <span class='ocrx_word' id='word_1_195' title='bbox 193 2662 414 2716; x_wconf 86' lang='lat' dir='ltr'>verisimilitudini</span> <span class='ocrx_word' id='word_1_196' title='bbox 434 2681 530 2735; x_wconf 85' lang='lat' dir='ltr'>purum</span> <span class='ocrx_word' id='word_1_197' title='bbox 542 2664 664 2717; x_wconf 85' lang='lat' dir='ltr'>consulit.</span> <span class='ocrx_word' id='word_1_198' title='bbox 678 2663 736 2716; x_wconf 86' lang='lat' dir='ltr'>Hoc</span> <span class='ocrx_word' id='word_1_199' title='bbox 750 2663 808 2716; x_wconf 90' lang='lat' dir='ltr'>loco</span> <span class='ocrx_word' id='word_1_200' title='bbox 821 2664 948 2734; x_wconf 81' lang='lat' dir='ltr'>pauciora</span> <span class='ocrx_word' id='word_1_201' title='bbox 960 2663 993 2716; x_wconf 89' lang='lat' dir='ltr'>de</span> <span class='ocrx_word' id='word_1_202' title='bbox 1006 2664 1103 2736; x_wconf 81' lang='lat' dir='ltr'>Cyzico</span> <span class='ocrx_word' id='word_1_203' title='bbox 1118 2665 1210 2730; x_wconf 82' lang='lat' dir='ltr'>docet3</span> <span class='ocrx_word' id='word_1_204' title='bbox 1247 2721 1250 2728; x_wconf 18' lang='grc' dir='ltr'><strong><em>Δ</em></strong></span> 
     </span>
     <span class='ocr_line' id='line_1_25' title="bbox 150 2745 1212 2819; baseline 0.003 -21"><span class='ocrx_word' id='word_1_205' title='bbox 150 2765 198 2800; x_wconf 86' lang='lat' dir='ltr'>nec</span> <span class='ocrx_word' id='word_1_206' title='bbox 209 2746 272 2800; x_wconf 83' lang='lat' dir='ltr'>satis</span> <span class='ocrx_word' id='word_1_207' title='bbox 283 2757 385 2799; x_wconf 86' lang='lat' dir='ltr'>constat</span> <span class='ocrx_word' id='word_1_208' title='bbox 398 2765 444 2798; x_wconf 89' lang='lat' dir='ltr'>cur</span> <span class='ocrx_word' id='word_1_209' title='bbox 455 2745 498 2798; x_wconf 89' lang='lat' dir='ltr'>ille</span> <span class='ocrx_word' id='word_1_210' title='bbox 509 2747 632 2818; x_wconf 87' lang='lat' dir='ltr'>princeps</span> <span class='ocrx_word' id='word_1_211' title='bbox 644 2747 808 2801; x_wconf 86' lang='lat' dir='ltr'>venientibus</span> <span class='ocrx_word' id='word_1_212' title='bbox 821 2747 980 2819; x_wconf 80' lang='lat' dir='ltr'>Argonautis</span> <span class='ocrx_word' id='word_1_213' title='bbox 992 2747 1061 2802; x_wconf 88' lang='lat' dir='ltr'>ultro</span> <span class='ocrx_word' id='word_1_214' title='bbox 1073 2761 1212 2814; x_wconf 85' lang='lat' dir='ltr'>occurrat,</span> 
     </span>
     <span class='ocr_line' id='line_1_26' title="bbox 151 2827 1214 2902; baseline 0.002 -20"><span class='ocrx_word' id='word_1_215' title='bbox 151 2829 327 2902; x_wconf 86' lang='lat' dir='ltr'>appulsosque</span> <span class='ocrx_word' id='word_1_216' title='bbox 343 2839 398 2883; x_wconf 88' lang='lat' dir='ltr'>tam</span> <span class='ocrx_word' id='word_1_217' title='bbox 410 2829 523 2900; x_wconf 86' lang='lat' dir='ltr'>benigne</span> <span class='ocrx_word' id='word_1_218' title='bbox 539 2829 660 2902; x_wconf 79' lang='lat' dir='ltr'>excipiat.</span> <span class='ocrx_word' id='word_1_219' title='bbox 671 2827 827 2902; x_wconf 87' lang='lat' dir='ltr'>Cujusmodi</span> <span class='ocrx_word' id='word_1_220' title='bbox 838 2828 1042 2900; x_wconf 85' lang='lat' dir='ltr'>reprehensione</span> <span class='ocrx_word' id='word_1_221' title='bbox 1052 2843 1124 2884; x_wconf 88' lang='lat' dir='ltr'>caret</span> <span class='ocrx_word' id='word_1_222' title='bbox 1135 2831 1214 2902; x_wconf 78' lang='lat' dir='ltr'>Apol·</span> 
     </span>
     <span class='ocr_line' id='line_1_27' title="bbox 150 2911 1211 2985; baseline 0 -19"><span class='ocrx_word' id='word_1_223' title='bbox 150 2911 236 2966; x_wconf 87' lang='lat' dir='ltr'>ionius</span> <span class='ocrx_word' id='word_1_224' title='bbox 252 2911 299 2985; x_wconf 91' lang='lat' dir='ltr'>qui</span> <span class='ocrx_word' id='word_1_225' title='bbox 317 2912 424 2984; x_wconf 89' lang='lat' dir='ltr'>quidem</span> <span class='ocrx_word' id='word_1_226' title='bbox 445 2913 530 2978; x_wconf 83' lang='lat' dir='ltr'>canit,</span> <span class='ocrx_word' id='word_1_227' title='bbox 543 2914 574 2978; x_wconf 92' lang='lat' dir='ltr'>I,</span> <span class='ocrx_word' id='word_1_228' title='bbox 592 2917 643 2983; x_wconf 87' lang='lat'>969</span> <span class='ocrx_word' id='word_1_229' title='bbox 653 2952 662 2980; x_wconf 96' lang='lat'>,</span> <span class='ocrx_word' id='word_1_230' title='bbox 672 2913 810 2966; x_wconf 87' lang='lat' dir='ltr'>oraculum</span> <span class='ocrx_word' id='word_1_231' title='bbox 822 2911 856 2966; x_wconf 87' lang='lat' dir='ltr'>de</span> <span class='ocrx_word' id='word_1_232' title='bbox 868 2913 1081 2984; x_wconf 80' lang='lat' dir='ltr'>Argonautarum</span> <span class='ocrx_word' id='word_1_233' title='bbox 1095 2913 1211 2967; x_wconf 80' lang='lat' dir='ltr'>adventu</span> 
     </span>
     <span class='ocr_line' id='line_1_28' title="bbox 151 2995 1211 3070; baseline 0 -20"><span class='ocrx_word' id='word_1_234' title='bbox 151 2995 276 3070; x_wconf 80' lang='lat' dir='ltr'>Cyzicum</span> <span class='ocrx_word' id='word_1_235' title='bbox 289 2995 494 3068; x_wconf 79' lang='lat' dir='ltr'>premonuisse,</span> <span class='ocrx_word' id='word_1_236' title='bbox 512 2996 679 3069; x_wconf 84' lang='lat' dir='ltr'>hospitioque</span> <span class='ocrx_word' id='word_1_237' title='bbox 693 3007 723 3049; x_wconf 89' lang='lat' dir='ltr'>ut</span> <span class='ocrx_word' id='word_1_238' title='bbox 737 3015 782 3051; x_wconf 85' lang='lat' dir='ltr'>eos</span> <span class='ocrx_word' id='word_1_239' title='bbox 796 2996 917 3048; x_wconf 83' lang='lat' dir='ltr'>invitaret</span> <span class='ocrx_word' id='word_1_240' title='bbox 927 2997 1043 3068; x_wconf 81' lang='lat' dir='ltr'>jussisse.</span> <span class='ocrx_word' id='word_1_241' title='bbox 1056 2997 1211 3052; x_wconf 78' lang='lat' dir='ltr'>scholiastes</span> 
     </span>
     <span class='ocr_line' id='line_1_29' title="bbox 150 3078 1208 3154; baseline 0.004 -23"><span class='ocrx_word' id='word_1_242' title='bbox 150 3080 285 3152; x_wconf 79' lang='lat' dir='ltr'>Apollonii</span> <span class='ocrx_word' id='word_1_243' title='bbox 294 3078 385 3143; x_wconf 87' lang='lat' dir='ltr'>addit,</span> <span class='ocrx_word' id='word_1_244' title='bbox 399 3081 431 3145; x_wconf 97' lang='lat' dir='ltr'>I,</span> <span class='ocrx_word' id='word_1_245' title='bbox 444 3081 513 3148; x_wconf 73' lang='grc'><strong>948,</strong></span> <span class='ocrx_word' id='word_1_246' title='bbox 523 3083 647 3149; x_wconf 81' lang='lat' dir='ltr'>AEncum,</span> <span class='ocrx_word' id='word_1_247' title='bbox 658 3092 761 3154; x_wconf 89' lang='lat' dir='ltr'>patrem</span> <span class='ocrx_word' id='word_1_248' title='bbox 778 3079 1058 3153; x_wconf 80' lang='lat' dir='ltr'>Cynici,e‘1&#39;hessalia</span> <span class='ocrx_word' id='word_1_249' title='bbox 1070 3081 1098 3134; x_wconf 88' lang='lat' dir='ltr'>iu</span> <span class='ocrx_word' id='word_1_250' title='bbox 1107 3081 1208 3135; x_wconf 85' lang='lat' dir='ltr'>Helles·</span> 
     </span>
     <span class='ocr_line' id='line_1_30' title="bbox 150 3161 441 3234; baseline 0.003 -19"><span class='ocrx_word' id='word_1_251' title='bbox 150 3173 263 3234; x_wconf 89' lang='lat' dir='ltr'>pontum</span> <span class='ocrx_word' id='word_1_252' title='bbox 280 3161 441 3233; x_wconf 81' lang='lat' dir='ltr'>migravisse.</span> 
     </span>
    </p>
   </div>
   <div class='ocr_carea' id='block_1_11' title="bbox 186 3271 1213 3346">
    <p class='ocr_par' dir='ltr' id='par_1_12' title="bbox 186 3271 1213 3346">
     <span class='ocr_line' id='line_1_31' title="bbox 186 3271 1213 3346; baseline 0.006 -24"><span class='ocrx_word' id='word_1_253' title='bbox 186 3271 222 3324; x_wconf 94' lang='lat' dir='ltr'>V.</span> <span class='ocrx_word' id='word_1_254' title='bbox 235 3272 298 3340; x_wconf 84' lang='grc'><strong>639.</strong></span> <span class='ocrx_word' id='word_1_255' title='bbox 313 3277 481 3340; x_wconf 66' lang='grc' dir='ltr'>Πετναιηᾳικ</span> <span class='ocrx_word' id='word_1_256' title='bbox 492 3276 620 3344; x_wconf 79' lang='lat' dir='ltr'>amplexus</span> <span class='ocrx_word' id='word_1_257' title='bbox 634 3287 658 3324; x_wconf 86' lang='lat' dir='ltr'>et</span> <span class='ocrx_word' id='word_1_258' title='bbox 668 3272 958 3326; x_wconf 62' lang='lat' dir='ltr'>horcon—Vaticanus</span> <span class='ocrx_word' id='word_1_259' title='bbox 972 3273 1053 3328; x_wconf 84' lang='lat' dir='ltr'>codex</span> <span class='ocrx_word' id='word_1_260' title='bbox 1061 3285 1213 3346; x_wconf 78' lang='lat' dir='ltr'>veteresque</span> 
     </span>
    </p>
   </div>
   <div class='ocr_carea' id='block_1_12' title="bbox 151 3354 1295 3429">
    <p class='ocr_par' dir='ltr' id='par_1_13' title="bbox 151 3354 1295 3429">
     <span class='ocr_line' id='line_1_32' title="bbox 151 3354 1295 3429; baseline 0.003 -21"><span class='ocrx_word' id='word_1_261' title='bbox 151 3354 277 3409; x_wconf 83' lang='lat' dir='ltr'>editiones</span> <span class='ocrx_word' id='word_1_262' title='bbox 285 3356 383 3409; x_wconf 88' lang='lat' dir='ltr'>habent</span> <span class='ocrx_word' id='word_1_263' title='bbox 393 3359 517 3408; x_wconf 74' lang='lat' dir='ltr'>dextrarii.</span> <span class='ocrx_word' id='word_1_264' title='bbox 528 3355 638 3410; x_wconf 88' lang='lat' dir='ltr'>Carrion</span> <span class='ocrx_word' id='word_1_265' title='bbox 653 3375 701 3409; x_wconf 87' lang='lat' dir='ltr'>suo</span> <span class='ocrx_word' id='word_1_266' title='bbox 711 3355 797 3409; x_wconf 84' lang='lat' dir='ltr'>codici</span> <span class='ocrx_word' id='word_1_267' title='bbox 809 3357 956 3428; x_wconf 88' lang='lat' dir='ltr'>obsequens</span> <span class='ocrx_word' id='word_1_268' title='bbox 965 3357 994 3410; x_wconf 91' lang='lat' dir='ltr'>iu</span> <span class='ocrx_word' id='word_1_269' title='bbox 1004 3368 1102 3410; x_wconf 85' lang='lat' dir='ltr'>textum</span> <span class='ocrx_word' id='word_1_270' title='bbox 1114 3359 1214 3429; x_wconf 84' lang='lat' dir='ltr'>recepit</span> <span class='ocrx_word' id='word_1_271' title='bbox 1292 3397 1295 3404; x_wconf 83' lang='lat'>.</span> 
     </span>
    </p>
   </div>
   <div class='ocr_carea' id='block_1_13' title="bbox 151 3439 1213 3512">
    <p class='ocr_par' dir='ltr' id='par_1_14' title="bbox 151 3439 1213 3512">
     <span class='ocr_line' id='line_1_33' title="bbox 151 3439 1213 3512; baseline 0.003 -21"><span class='ocrx_word' id='word_1_272' title='bbox 151 3445 250 3492; x_wconf 79' lang='lat' dir='ltr'>dextra.</span> <span class='ocrx_word' id='word_1_273' title='bbox 258 3439 383 3493; x_wconf 88' lang='lat' dir='ltr'>Veterem</span> <span class='ocrx_word' id='word_1_274' title='bbox 396 3439 536 3492; x_wconf 85' lang='lat' dir='ltr'>lectionem</span> <span class='ocrx_word' id='word_1_275' title='bbox 546 3439 721 3494; x_wconf 82' lang='lat' dir='ltr'>revocandam</span> <span class='ocrx_word' id='word_1_276' title='bbox 731 3459 786 3494; x_wconf 78' lang='lat' dir='ltr'>esse</span> <span class='ocrx_word' id='word_1_277' title='bbox 795 3459 904 3506; x_wconf 87' lang='lat' dir='ltr'>censeo,</span> <span class='ocrx_word' id='word_1_278' title='bbox 915 3441 987 3512; x_wconf 88' lang='lat' dir='ltr'>qnod</span> <span class='ocrx_word' id='word_1_279' title='bbox 998 3441 1059 3494; x_wconf 82' lang='lat' dir='ltr'>lecit</span> <span class='ocrx_word' id='word_1_280' title='bbox 1067 3441 1213 3506; x_wconf 80' lang='lat' dir='ltr'>Harlesius,</span> 
     </span>
    </p>
   </div>
   <div class='ocr_carea' id='block_1_14' title="bbox 151 3521 1214 3678">
    <p class='ocr_par' dir='ltr' id='par_1_15' title="bbox 151 3521 1214 3678">
     <span class='ocr_line' id='line_1_34' title="bbox 151 3521 1214 3595; baseline 0.002 -19"><span class='ocrx_word' id='word_1_281' title='bbox 151 3541 231 3594; x_wconf 86' lang='lat' dir='ltr'>quem</span> <span class='ocrx_word' id='word_1_282' title='bbox 244 3534 361 3594; x_wconf 76' lang='lat' dir='ltr'>sequutae</span> <span class='ocrx_word' id='word_1_283' title='bbox 373 3535 437 3576; x_wconf 88' lang='lat' dir='ltr'>sunt</span> <span class='ocrx_word' id='word_1_284' title='bbox 445 3521 550 3593; x_wconf 89' lang='lat' dir='ltr'>Biponti</span> <span class='ocrx_word' id='word_1_285' title='bbox 559 3521 744 3595; x_wconf 86' lang='lat' dir='ltr'>Wagnerique</span> <span class='ocrx_word' id='word_1_286' title='bbox 755 3522 893 3576; x_wconf 86' lang='lat' dir='ltr'>editiones.</span> <span class='ocrx_word' id='word_1_287' title='bbox 909 3523 985 3578; x_wconf 77' lang='lat' dir='ltr'>Hane</span> <span class='ocrx_word' id='word_1_288' title='bbox 997 3524 1136 3578; x_wconf 87' lang='lat' dir='ltr'>lectionem</span> <span class='ocrx_word' id='word_1_289' title='bbox 1150 3543 1214 3578; x_wconf 90' lang='lat' dir='ltr'>cou-</span> 
     </span>
     <span class='ocr_line' id='line_1_35' title="bbox 151 3606 650 3678; baseline 0.006 -21"><span class='ocrx_word' id='word_1_290' title='bbox 151 3607 240 3660; x_wconf 81' lang='lat' dir='ltr'>firmat</span> <span class='ocrx_word' id='word_1_291' title='bbox 255 3607 382 3678; x_wconf 86' lang='lat' dir='ltr'>Virgilius</span> <span class='ocrx_word' id='word_1_292' title='bbox 393 3642 401 3671; x_wconf 94' lang='lat'>,</span> <span class='ocrx_word' id='word_1_293' title='bbox 412 3609 474 3659; x_wconf 84' lang='lat' dir='ltr'>AEn.</span> <span class='ocrx_word' id='word_1_294' title='bbox 485 3606 567 3670; x_wconf 89' lang='lat' dir='ltr'>VIII,</span> <span class='ocrx_word' id='word_1_295' title='bbox 584 3613 633 3670; x_wconf 68' lang='lat'>1²4</span> <span class='ocrx_word' id='word_1_296' title='bbox 643 3625 650 3660; x_wconf 90' lang='lat'>:</span> 
     </span>
    </p>
   </div>
   <div class='ocr_carea' id='block_1_15' title="bbox 152 3706 945 3868">
    <p class='ocr_par' dir='ltr' id='par_1_16' title="bbox 152 3706 945 3868">
     <span class='ocr_line' id='line_1_36' title="bbox 288 3706 945 3770; baseline 0 -16"><span class='ocrx_word' id='word_1_297' title='bbox 288 3707 432 3770; x_wconf 85' lang='lat' dir='ltr'>Excepitque</span> <span class='ocrx_word' id='word_1_298' title='bbox 442 3723 526 3764; x_wconf 80' lang='lat' dir='ltr'>manu,</span> <span class='ocrx_word' id='word_1_299' title='bbox 544 3707 697 3769; x_wconf 80' lang='lat' dir='ltr'>dextramque</span> <span class='ocrx_word' id='word_1_300' title='bbox 708 3708 828 3769; x_wconf 80' lang='lat' dir='ltr'>emplexus</span> <span class='ocrx_word' id='word_1_301' title='bbox 839 3706 945 3763; x_wconf 79' lang='lat' dir='ltr'>inhresit3</span> 
     </span>
     <span class='ocr_line' id='line_1_37' title="bbox 152 3802 407 3868; baseline 0 -14"><span class='ocrx_word' id='word_1_302' title='bbox 152 3802 184 3855; x_wconf 86' lang='lat' dir='ltr'>Et</span> <span class='ocrx_word' id='word_1_303' title='bbox 200 3802 285 3868; x_wconf 81' lang='lat' dir='ltr'>inira,</span> <span class='ocrx_word' id='word_1_304' title='bbox 295 3821 322 3856; x_wconf 84' lang='lat' dir='ltr'>v.</span> <span class='ocrx_word' id='word_1_305' title='bbox 337 3803 407 3857; x_wconf 83' lang='lat'>558:</span> 
     </span>
    </p>
   </div>
   <div class='ocr_carea' id='block_1_16' title="bbox 290 3907 951 4030">
    <p class='ocr_par' dir='ltr' id='par_1_17' title="bbox 290 3907 951 4030">
     <span class='ocr_line' id='line_1_38' title="bbox 291 3907 951 3972; baseline 0.003 -18"><span class='ocrx_word' id='word_1_306' title='bbox 291 3909 351 3954; x_wconf 85' lang='lat' dir='ltr'>Tum</span> <span class='ocrx_word' id='word_1_307' title='bbox 367 3918 434 3970; x_wconf 84' lang='lat' dir='ltr'>pater</span> <span class='ocrx_word' id='word_1_308' title='bbox 451 3907 586 3966; x_wconf 78' lang='lat' dir='ltr'>Evandrus,</span> <span class='ocrx_word' id='word_1_309' title='bbox 603 3908 707 3956; x_wconf 74' lang='lat' dir='ltr'>donnum</span> <span class='ocrx_word' id='word_1_310' title='bbox 719 3909 854 3972; x_wconf 80' lang='lat' dir='ltr'>complexus</span> <span class='ocrx_word' id='word_1_311' title='bbox 864 3910 951 3966; x_wconf 73' lang='lat' dir='ltr'>cuuth,</span> 
     </span>
     <span class='ocr_line' id='line_1_39' title="bbox 290 3985 373 4030; baseline 0 0"><span class='ocrx_word' id='word_1_312' title='bbox 290 3985 373 4030; x_wconf 72' lang='lat' dir='ltr'>neren</span> 
     </span>
    </p>
   </div>
   <div class='ocr_carea' id='block_1_17' title="bbox 182 4151 519 4291">
    <p class='ocr_par' dir='ltr' id='par_1_18' title="bbox 182 4151 519 4291">
     <span class='ocr_line' id='line_1_40' title="bbox 182 4151 519 4216; baseline 0.015 -18"><span class='ocrx_word' id='word_1_313' title='bbox 182 4151 218 4214; x_wconf 79' lang='grc' dir='ltr'>(ι)</span> <span class='ocrx_word' id='word_1_314' title='bbox 234 4151 313 4200; x_wconf 75' lang='lat' dir='ltr'>schol.</span> <span class='ocrx_word' id='word_1_315' title='bbox 330 4154 409 4216; x_wconf 78' lang='lat' dir='ltr'>Apoll.</span> <span class='ocrx_word' id='word_1_316' title='bbox 428 4157 451 4208; x_wconf 89' lang='lat' dir='ltr'>i,</span> <span class='ocrx_word' id='word_1_317' title='bbox 466 4155 519 4216; x_wconf 83' lang='grc'>933.</span> 
     </span>
     <span class='ocr_line' id='line_1_41' title="bbox 183 4227 489 4291; baseline 0.003 -17"><span class='ocrx_word' id='word_1_318' title='bbox 183 4227 218 4290; x_wconf 76' lang='lat' dir='ltr'>(s)</span> <span class='ocrx_word' id='word_1_319' title='bbox 233 4228 309 4276; x_wconf 77' lang='lat' dir='ltr'>strab.</span> <span class='ocrx_word' id='word_1_320' title='bbox 323 4229 378 4275; x_wconf 80' lang='lat' dir='ltr'>Xlll</span> <span class='ocrx_word' id='word_1_321' title='bbox 386 4263 393 4283; x_wconf 90' lang='lat'>‚</span> <span class='ocrx_word' id='word_1_322' title='bbox 401 4247 426 4291; x_wconf 87' lang='lat' dir='ltr'>p.</span> <span class='ocrx_word' id='word_1_323' title='bbox 437 4231 489 4277; x_wconf 81' lang='lat'>588.</span> 
     </span>
    </p>
   </div>
   <div class='ocr_carea' id='block_1_18' title="bbox 0 0 1613 5120">
    <p class='ocr_par' dir='ltr' id='par_1_19' title="bbox 0 0 1613 5120">
     <span class='ocr_line' id='line_1_42' title="bbox 0 0 1613 5120; baseline 0 0"><span class='ocrx_word' id='word_1_324' title='bbox 0 0 1613 5120; x_wconf 95' lang='lat' dir='ltr'> </span> 
     </span>
    </p>
   </div>
  </div>
 </body>
</html>
