3192 5128
382 529 541 577 nxxxvru
640 509 1216 586 LUDOVICICARRIONIS

381 637 462 720 hoc,
485 639 529 703 ab
556 639 690 704 homine
713 642 761 706 tui
789 641 1025 710 studiosissimo
1050 645 1255 734 profecmm,
1280 647 1462 737 suscipias:

381 745 417 809 in
432 768 499 833 quo
506 794 517 826 ,
532 747 559 812 si
572 747 729 814 industria
740 748 799 815 tibi
812 772 883 816 mea
894 747 1149 840 probata'fuerit,
1161 752 1459 843 optandumquid-

382 850 459 916 dam
479 869 698 942 consequutus
716 877 808 939 sum3
827 856 877 920 sin
896 858 1026 942 minus,
1050 861 1160 924 tamen
1176 860 1242 924 hoe
1261 883 1314 926 me
1335 883 1456 926 conso-

379 955 489 1040 labor,
504 956 594 1046 quod
610 959 691 1024 mihi
704 959 745 1025 ad
757 960 1029 1029 benefaciendum
1047 965 1147 1030 sciam
1159 986 1228 1030 non
1237 965 1438 1032 voluntatem

382 1061 439 1126 sed
455 1062 538 1126 vires
559 1061 709 1129 defuisse.
1336 1088 1342 1097 ’

1446 1023 1458 1058 Ὶ

387 1305 1126 1336 mmmmmfflmmm
1129 1311 1455 1336 mmm

622 1539 884 1628 Luoovrcr
913 1539 1195 1613 GARRIONIS

547 1745 959 1852 PRAEFATIO
996 1747 1289 1854 TERTIA.

511 2027 710 2078 nunovlcus
732 2029 889 2079 caumont
916 2030 1049 2078 JACOBO
1077 2031 1237 2079 Panemo
1262 2031 1328 2080 SUO

868 2237 902 2302 S.
929 2235 973 2301 D.

720 2467 1113 2504 —W—

381 2627 573 2732 Surrmroru
588 2671 691 2739 anno,
714 2663 759 2726 mi
769 2662 911 2744 Pameli,
926 2685 1031 2751 quum
1045 2663 1187 2728 subitam
1203 2663 1379 2750 quamdam
1392 2688 1450 2730 na·

380 2789 452 2838 ctus
477 2769 774 2860 opportunitatem,
790 2769 825 2831 in
840 2768 982 2852 Italiam,
994 2785 1033 2834 ut
1048 2768 1127 2849 scis,
1139 2765 1301 2855 proficisci
1323 2773 1446 2862 cogita-
1464 2785 1467 2790 '

381 2899 466 2958 rem3
482 2889 638 2940 ettamen
651 2872 818 2937 Valerium
832 2873 1001 2955 Flaccum,
1021 2895 1120 2961 quem
1139 2871 1274 2938 infinitis
1299 2873 1378 2940 locis
1397 2899 1450 2940 ca·

381 2983 555 3072 stigatum,
573 2979 769 3068 scholiisque
781 3001 800 3042 a
812 2999 866 3042 me
879 2977 1087 3060 illustratum,
1097 2978 1159 3042 sub
1172 2980 1264 3067 prelo
1277 2979 1449 3064 habebam,

380 3105 456 3154 ante
473 3109 584 3151 meum
601 3085 683 3150 hinc
699 3083 876 3148 discessum
894 3085 929 3147 in
941 3084 1049 3148 lucem
1063 3083 1125 3149 sub
1140 3099 1199 3148 tuo
1216 3086 1350 3150 nomine
1363 3087 1449 3151 exire

380 3195 513 3276 vellem3
530 3194 651 3256 factum
676 3205 725 3255 est
749 3205 782 3253 et
809 3189 910 3254 nimia
936 3189 1142 3254 librariorum
1166 3190 1391 3273 festinatione,
1414 3209 1448 3257 et

380 3301 468 3383 ejus,
486 3299 540 3364 cui
558 3295 769 3362 describenda
787 3294 959 3379 dederam,
976 3297 1191 3386 negligentia,
1204 3313 1243 3362 ut
1257 3319 1318 3386 pro
1330 3299 1448 3364 veteri·

378 3408 441 3473 bus
458 3404 622 3470 erroribus
640 3403 790 3485 sublatis,
806 3403 882 3467 nori
900 3419 1160 3486 succrescerent,
1183 3419 1216 3467 et
1233 3419 1363 3470 veteres·
1378 3427 1447 3470 non

377 3512 513 3577 omnino
531 3530 643 3575 omnes
669 3509 879 3573 tollerentur:
894 3507 985 3597 quod
1001 3531 1106 3597 quum
1122 3509 1269 3598 gnaviter
1285 3525 1318 3574 et
1334 3505 1447 3599 inique

377 3620 496 3684 ferrem
510 3663 519 3698 ,
538 3631 648 3680 tamen
666 3614 747 3680 illud
761 3615 843 3680 mihi
855 3614 972 3680 accidit
981 3617 1079 3705 longe
1092 3616 1219 3705 gravius
1231 3663 1240 3698 ,
1254 3616 1344 3704 quod
1366 3639 1447 3682 non·

376 3725 459 3789 nulli
469 3747 508 3788 ex
518 3724 579 3787 hae
592 3722 800 3787 librariorum
813 3723 879 3787 sive
890 3722 1109 3805 festinatione,
1125 3723 1192 3788 sive
1205 3723 1340 3806 incuria,
1352 3745 1446 3789 occa·

376 3832 503 3895 sionem
514 3829 683 3894 calumniae
695 3830 783 3893 nacti
793 3877 802 3911 ,
814 3831 847 3893 in
861 3851 914 3894 me
926 3845 959 3894 et
972 3851 1083 3894 meum
1094 3851 1217 3894 nomen
1235 3845 1355 3894 temere
1367 3847 1447 3894 sunt

376 3937 515 4018 invecti3
529 3951 568 3999 ut
585 3934 626 3999 de
646 3933 865 4023 quorumdam
883 3935 1084 4024 impudentia
1101 3935 1249 3999 omittam
1267 3936 1445 4023 conqueri,

378 4042 435 4132 qui
453 4041 629 4144 comveriti
653 4058 730 4105 sunt
752 4063 792 4106 ex
811 4041 862 4105 his
884 4043 962 4106 meis
987 4042 1227 4106 commentariis
1248 4041 1351 4106 multa
1368 4063 1444 4107 meo

377 4149 525 4237 indagata
547 4147 659 4211 labore
684 4147 750 4211 suis
768 4147 893 4236 scriptis
911 4149 1070 4229 inserere,
1092 4163 1195 4236 atque.
1214 4169 1251 4212 ea
1278 4163 1444 4235 tamquam

377 4254 507 4344 propria
520 4252 625 4318 edere.
645 4252 759 4341 Itaque
777 4276 880 4342 quum
897 4253 1093 4318 destinatum
1106 4255 1140 4317 in
1155 4253 1367 4334 ltaliam-iter,
1377 4275 1443 4316 ne-
