3116 5102
376 508 438 572 362
684 511 719 572 C.
743 507 940 576 VALERII
968 509 1141 573 FLACCl

417 636 556 701 Munere
571 660 638 726 quo
653 637 771 726 panias
787 638 892 727 pellex
906 655 1043 704 ornetur
1056 638 1098 703 ad
1112 659 1181 702 aras

418 753 550 834 Infelix;
566 769 599 818 et
611 755 678 834 jam
695 753 800 818 rutilis
817 771 965 844 correpta
980 755 1115 819 venenis

417 869 567 957 Irnplioat
581 869 656 958 igne
672 869 799 936 domos.
815 871 893 936 Haee
908 886 979 935 tum
997 869 1152 935 miracula
1165 869 1295 936 Colchis

415 985 582 1050 struxerat
598 985 806 1076 Ignipotens,
825 986 976 1052 nondum
993 985 1226 1069 noscentibus,
1245 986 1299 1050 ille

419 1101 502 1184 Quis
519 1101 626 1182 labor,
642 1101 768 1191 aligeris
785 1117 842 1166 aut
859 1125 932 1190 quae
949 1116 1036 1166 secet
1048 1101 1212 1191 anguibus
1228 1123 1323 1166 auras

417 1212 512 1278 Caede
530 1212 684 1298 madens3
700 1213 799 1278 odere
816 1229 946 1296 tamen,
962 1215 1116 1303 visusque
1134 1213 1316 1280 reflectunt.
1412 1237 1448 1280 ut

462 1329 552 1412 Quin
571 1327 657 1393 idem
676 1329 803 1418 Minyas
820 1351 958 1417 operum
976 1327 1131 1393 defixerat
1149 1351 1259 1412 error,

419 1444 533 1527 Quum
552 1466 587 1508 se
603 1444 678 1509 Sole
694 1458 782 1508 satus
798 1443 909 1532 patriis
925 1443 1146 1532 penetralibus
1163 1443 1272 1508 infert.

417 1559 517 1622 Filius
534 1559 625 1624 hunc
639 1559 731 1638 juxta
748 1557 862 1645 primis
879 1557 1038 1646 Absyrtus
1056 1559 1091 1620 in
1109 1558 1220 1642 annis,

415 1674 544 1764 Dignus
557 1696 637 1756 aro,
655 1695 819 1761 quemque
834 1671 998 1736 insontem
1016 1672 1149 1736 meliora
1167 1689 1358 1737 manerent:

416 1789 503 1853 Tum
517 1809 617 1878 gener
631 1787 763 1852 Albanis
778 1788 884 1853 Stltus
902 1787 961 1875 qui
978 1785 1150 1852 advenerat
1165 1789 1250 1870 oris3
1411 1808 1448 1852 tto

403 2001 458 2056 450.
474 2002 581 2047 omar.
598 1998 674 2045 codd.
690 2007 714 2045 et
726 1997 781 2044 edd.
793 2008 848 2045 ante
861 1998 939 2045 lleins.
959 2025 989 2034 -
1005 1999 1060 2054 453.
1074 1999 1127 2046 111«.
1140 1999 1214 2047 vatio.
1227 1999 1281 2047 eod.
1293 2011 1319 2048 et
1330 2000 1388 2047 eda
1397 2009 1447 2047 ante
1500 2011 1503 2017 ’

373 2081 501 2128 lleinsium.
518 2107 549 2116 -
560 2081 614 2135 456.
628 2080 670 2126 Ab¹
681 2079 812 2127 aravatio.
827 2079 880 2126 cod.
896 2107 927 2116 —
945 2081 1002 2134 456.
1021 2081 1079 2141 Quis
1099 2079 1167 2126 idem.
1188 2083 1289 2142 lingent
1310 2082 1446 2144 Dfflexerst.

372 2165 439 2211 carr.
453 2165 485 2211 ll.
494 2190 520 2199 -
532 2163 584 2223 ⁴⁵7·
595 2162 755 2210 Penetrultbus
765 2162 818 2208 ulit.
828 2165 919 2209 Bonon-
930 2161 985 2208 cotl.
996 2171 1020 2208 at
1028 2161 1083 2210 edd.
1093 2171 1148 2209 ants
1160 2162 1226 2210 Cirr.
1238 2162 1284 2210 Bo.

371 2359 491 2425 turbata,
504 2359 622 2412 thalamo
635 2359 686 2413 sihi
699 2358 789 2413 debito
802 2363 887 2434 ejecta
931 2371 1085 2433 ceptorum
1109 2364 1183 2412 odere
1204 2374 1305 2424 nmen,
1333 2364 1447 2429 visusque

371 2459 389 2490 u
397 2440 499 2508 pellice,
517 2450 561 2504 et,
583 2451 723 2511 postquam
742 2459 825 2492 omnes
845 2461 886 2494 se·
931 2444 1071 2512 reflectunt,
1084 2450 1228 2503 avertunt,
1243 2459 1299 2494 non
1317 2439 1374 2494 sine
1387 2438 1446 2494 bor·

370 2538 439 2579 cum,
456 2518 549 2586 tacite,
570 2523 703 2589 dequesta,
717 2520 887 2575 vehementer
930 2539 990 2573 rora
1002 2519 1140 2591 aspiciunt.

370 2607 462 2668 questa
484 2609 555 2663 erat,
582 2603 678 2652 labores
710 2619 760 2674 pro
790 2601 886 2654 lasona
967 2601 1027 2663 456.
1038 2603 1103 2668 Quin
1114 2603 1178 2652 idem
1190 2602 1292 2665 Minyas
1302 2601 1447 2667 operumde

370 2688 525 2749 susceptos,
543 2697 692 2748 erumnas,
709 2683 824 2749 pallam,
845 2699 887 2732 re-
920 2681 1021 2752 finerut
1037 2699 1111 2740 error,
1125 2704 1136 2726 ι
1146 2675 1173 2731 id
1189 2690 1248 2741 est,
1263 2677 1300 2729 ait
1317 2677 1445 2730 Burman·

370 2768 435 2809 stem
449 2758 575 2824 talarem,
592 2774 616 2810 et
624 2759 775 2829 gemmfferoe
787 2779 886 2810 coronce
930 2777 980 2811 nus
993 2800 1000 2826 ‚
1014 2757 1160 2811 obscuritas
1174 2757 1344 2828 argumenti,
1357 2755 1444 2828 quod,

370 2835 477 2910 (Enrip.
487 2837 591 2902 Medea,
600 2845 661 2908 949,
670 2844 762 2894 πέπλον
774 2842 817 2894 καὶ
828 2843 885 2894 orl·
930 2855 1013 2909 quum
1032 2837 1199 2909 ignorarent,
1221 2835 1288 2908 quid
1306 2832 1446 2907 portende·

370 2939 411 2989 poe
422 2910 584 2991 χρυσήλατον)
593 2923 683 2970 donum
694 2922 794 2970 exitiale
799 2936 884 2988 parat.
929 2927 987 2981 net,
1010 2917 1136 2970 attonitos
1156 2934 1200 2970 eos
1220 2914 1387 2969 reddebam.
1412 2945 1445 2957 -·-

407 2997 507 3055 4511!
507 2999 564 3066 jam
573 3002 651 3050 rutilis
660 3013 772 3066 correpta
781 2999 886 3051 venenis
930 2997 1010 3050 Conl.
1020 2994 1111 3048 Phaed.
1120 2997 1172 3060 Ill,
1187 3014 1234 3058 10,
1245 3003 1277 3060 41
1289 3012 1297 3046 :
1307 2999 1377 3063 quod
1384 2996 1445 3062 ipsos

371 3076 468 3130 Creusa
488 3080 598 3144 implicat
621 3081 681 3146 igne
705 3083 804 3139 ᾰοηιοε,
831 3096 885 3130 non
931 3077 1302 3145 errorimplicrtissetcn'minis.
1315 3075 1367 3126 En.

370 3153 427 3228 ipsa
436 3167 552 3220 tantum,
564 3157 611 3210 sed
621 3158 786 3229 pateretiam
801 3167 828 3210 et
843 3169 885 3210 to-
967 3157 1027 3225 457.
1045 3161 1125 3224 Qurun
1141 3173 1186 3208 rax
1198 3158 1337 3222 pannutia
1347 3154 1445 3218 intrat,

371 3247 428 3288 tum
439 3235 582 3306 palatium,
596 3236 749 3310 conflagrat.
761 3235 887 3290 Valerius
932 3247 959 3288 et
971 3252 1032 3288 cnm
1044 3236 1151 3306 aofilrics
1166 3237 1304 3300 Absrrtus,
1321 3236 1410 3302 pn'mis
1421 3236 1446 3282 in

371 3333 416 3368 eos
436 3316 572 3386 sequitur,
589 3317 634 3388 qui
653 3329 781 3389 peruncta
805 3316 886 3370 luisse
932 3317 1023 3376 annis,
1036 3312 1133 3367 florens
1145 3315 1267 3386 juvenis,
1281 3317 1373 3382 dignus
1384 3333 1444 3373 aro,

370 3391 416 3446 illa
438 3392 507 3446 dona
529 3393 637 3450 tradunt
655 3396 791 3467 naphtha,
808 3415 885 3467 qun,
930 3392 1140 3462 Sole,quemque
1149 3398 1271 3448 urentem
1283 3396 1386 3446 meliora
1394 3411 1447 3444 rna·

371 3472 449 3526 simul
462 3493 493 3527 aa
503 3475 558 3528 sole
570 3475 612 3528 rel
626 3476 678 3528 alio
687 3475 748 3548 igne
760 3476 885 3547 tangitur,
931 3488 1033 3534 nerent,
1045 3473 1149 3526 meliori
1161 3486 1232 3528 sorte
1241 3472 1356 3544 dignus,
1368 3488 1445 3542 qnam

370 3553 459 3626 ignem
471 3554 559 3611 statim
570 3555 696 3629 oonoipit.
929 3571 989 3624 quoe
1008 3554 1033 3606 ei
1054 3565 1144 3625 postea
1156 3553 1282 3625 temporis
1295 3552 1396 3623 obtigit.
1412 3581 1445 3591 -

407 3632 468 3697 4⁵2.
486 3639 546 3688 Huc
565 3649 629 3697 uun,
641 3640 696 3709 jam
708 3634 793 3702 olim,
807 3638 884 3686 uniru-
929 3637 1014 3686 Patria
1029 3637 1186 3701 penetralia,
1209 3632 1228 3683 i.
1251 3651 1273 3684 a.
1292 3630 1362 3684 Solis
1383 3643 1447 3682 tem·

371 3716 440 3774 cula,
459 3713 525 3766 mira
541 3726 621 3785 atque
641 3725 812 3786 portentosa,
825 3727 886 3765 suu-
929 3713 1021 3784 plum,
1036 3712 1076 3764 nti
1086 3731 1169 3784 snpra
1181 3710 1267 3776 dixit,
1280 3730 1307 3762 v.
1317 3709 1369 3773 405
1383 3713 1447 3762 :lue

372 3807 458 3853 xerat,
466 3793 615 3858 celaverat,
627 3797 722 3846 Colchis
730 3795 883 3862 Ignqnotens,
929 3791 1019 3865 adytis
1025 3795 1082 3861 jam
1099 3812 1126 3844 se
1140 3796 1172 3843 de
1186 3809 1254 3842 more
1262 3790 1382 3861 paternis
1392 3794 1446 3840 lte:

372 3870 523 3937 Vulcanus,
533 3877 642 3926 nondum
654 3872 701 3926 illo
710 3883 828 3944 tempore
837 3891 885 3924 no·
924 3874 999 3942 seret.
1013 3872 1065 3924 En.

372 3955 502 4016 stantibus,
516 3956 571 4021 quis
585 3950 742 4025 labor,quitl
755 3951 811 4004 hato
830 3963 885 4004 tam
967 3953 1029 4014 460.
1056 3956 1115 4002 Tum
1131 3969 1211 4019 gener
1226 3953 1321 4010 Scins,
1345 3949 1446 4000 Albanis
1545 3999 1546 4006 ,

372 4028 432 4083 dira
442 4031 614 4096 sibinellent,
629 4052 686 4101 qua
695 4032 795 4086 lamina
803 4041 886 4093 esset,
932 4033 975 4098 qui
988 4033 1194 4092 adveneraton's,
1208 4029 1279 4082 lilius
1291 4028 1361 4098 regis
1368 4027 1447 4080 Alba·
1545 4055 1546 4060 =

372 4113 471 4179 aligeris
483 4114 605 4180 anguibus
614 4132 690 4164 ouras
700 4131 804 4172 secans,
814 4109 887 4183 qnod
932 4128 1048 4174 norum,
1062 4109 1169 4181 nuptias
1186 4127 1249 4162 cnm
1261 4107 1358 4162 Medea
1374 4118 1448 4160 actu·
1544 4121 1545 4124 ’

373 4189 493 4242 Medeam
505 4190 597 4244 fecisse
609 4191 754 4263 mythologi
764 4201 886 4256 narrant,
933 4207 997 4252 rus;
1010 4193 1156 4242 disnrlerant
1170 4193 1215 4241 sed
1227 4191 1294 4240 bella
1309 4202 1389 4247 toros,
1403 4203 1448 4238 seu
1544 4181 1545 4224 l

374 4271 442 4318 code
451 4273 554 4320 madens
566 4270 682 4323 liliorum
693 4289 707 4322 e
720 4272 816 4323 Jasone
828 4288 890 4322 cou-
933 4270 1048 4340 nuptias.
