3226 5114
412 507 541 571 NOVI
573 508 817 575 EDITORIS
848 513 1006 579 NOTAE.
1187 520 1250 606 239

117 619 118 622 '
216 623 253 678 V.
267 625 325 677 105.
341 627 407 676 Sulis
425 629 469 677 ilia
489 627 568 693 erupis
586 627 834 681 euenit-olenus
856 643 912 683 erat
928 631 992 686 urbe
1008 631 1110 688 AEtolise
1133 636 1251 708 antiqua.
1350 645 1352 648 ’

183 711 283 760 Olenius
294 707 339 760 hio
349 707 472 780 'lydeum
484 708 603 778 designat
610 748 618 773 ,
626 708 713 762 OEnei
720 711 790 782 regis
800 713 902 766 AEtoliae
912 713 1005 770 filium.
1015 717 1127 771 Carrion
1133 738 1252 792 sumpse·

180 803 223 846 rat
238 795 319 844 Olenii
326 811 377 864 pro
389 792 497 846 nomine
512 793 619 844 alterius
633 793 787 861 bellatoris,
805 815 884 866 quesn
900 798 1013 853 Alardus
1025 803 1153 874 reperisse
1166 805 1251 858 conli-

182 875 262 929 debat
271 874 345 947 apud
354 874 544 947 Apollonium,
558 877 586 942 Ι,
600 895 648 928 roa
657 917 664 942 ‚
674 877 719 929 ubi
734 877 778 930 illn
793 898 844 930 vox
858 879 896 931 nil
909 881 982 935 aliud
994 901 1075 953 quam
1089 885 1160 958 apud
1173 888 1253 940 Vale·

180 959 250 1012 rium
261 959 405 1030 significat,
416 979 450 1010 erc
462 965 539 1011 Oleno
554 959 668 1027 scilicet,
680 962 737 1014 eive
748 982 781 1014 en
794 967 896 1015 AEtolia.
966 1031 968 1036 7
1257 977 1259 982 ’

217 1080 254 1132 V.
263 1097 274 1130 1
282 1079 323 1133 15.
331 1084 380 1130 Ast
388 1081 425 1130 illi
433 1081 521 1130 subiens
532 1082 614 1130 arentis
626 1083 733 1147 niveque
742 1084 834 1132 reluxit

332 1166 502 1232 Torrefhcus:
512 1167 565 1214 telis
573 1169 683 1232 gaudes,
700 1170 850 1228 miserande,
862 1166 969 1234 repertis.

182 1262 220 1314 Ex
239 1261 454 1335 interpretatione
465 1261 613 1332 Wagneri,
627 1261 749 1334 Genysus
770 1263 859 1334 iguem
877 1264 977 1316 titionis
993 1266 1085 1337 spiritu
1099 1271 1251 1338 resuscitat,

183 1357 262 1418 atque
274 1347 325 1412 itu,
334 1345 432 1398 lumine
443 1365 554 1398 accenso
562 1386 569 1412 ,
577 1364 651 1398 arma
658 1349 787 1399 occultata
798 1349 891 1419 quaerit
897 1349 1055 1420 reperitque.
1067 1353 1150 1406 Nobis
1161 1368 1251 1408 contra

182 1429 289 1483 videtur
307 1429 414 1483 fortuito
432 1429 521 1482 focum
541 1429 683 1495 reluxisse,
701 1442 731 1482 ut
748 1449 815 1503 saepe
827 1432 876 1495 lit,
895 1451 975 1504 quem
994 1453 1099 1488 sensum
1113 1439 1252 1492 confirmat

183 1533 234 1566 vox
246 1517 344 1566 sulinos.
357 1515 413 1567 Nee
430 1527 555 1586 putamus
568 1513 704 1586 Genysum
720 1556 727 1580 ,
747 1527 817 1568 torre
829 1516 1003 1588 praelucente,
1017 1537 1092 1571 arma
1105 1522 1249 1590 reperisse,

183 1597 230 1650 sed
239 1597 326 1669 ipsum
336 1609 450 1662 torrem,
462 1617 511 1668 pro
522 1597 616 1664 armis,
631 1599 758 1669 rapuisse.
774 1601 833 1652 Non
847 1601 916 1652 enirn
929 1600 1070 1655 verisimile
1079 1616 1117 1658 est
1130 1607 1253 1659 futurum
1289 1621 1292 1626 '

183 1680 277 1744 fuisse,
288 1692 319 1732 ut
328 1699 401 1734 arma
413 1679 448 1732 de
456 1679 586 1734 industria
597 1682 696 1748 celata,
710 1681 796 1735 subita
811 1683 870 1736 luce
882 1683 1075 1756 detegerentur,

218 1799 252 1850 V.
264 1817 322 1850 ιη.
339 1805 438 1868 Statque
454 1806 508 1854 loeo
525 1815 605 1863 ιον-ιω
622 1804 647 1852 in
668 1821 716 1868 quo
729 1808 840 1866 (omen)
859 1822 971 1855 mansere
986 1807 1097 1857 ministri.
1117 1837 1151 1847 -
1165 1809 1251 1863 Locus

182 1879 227 1933 ille
240 1881 380 1935 manifesto
400 1883 543 1938 mendosus
564 1895 611 1937 est.
639 1883 762 1937 Heinsius
785 1887 925 1957 proponit,
952 1891 1027 1955 inque
1046 1893 1119 1940 darno
1140 1912 1253 1945 mansere

182 1969 301 2028 ministri,
316 1966 359 2019 rel
372 1971 447 2035 idque
464 1989 534 2020 omen
556 1988 654 2019 sensere
670 1971 781 2020 ministri.
804 1969 860 2040 Ego
878 1969 1020 2041 legendum
1039 1991 1150 2039 censeo,
1173 1973 1252 2027 levis·

183 2050 319 2104 simaeum
328 2052 475 2104 mutatione
484 2055 572 2120 ‚inque
583 2071 653 2103 omen
668 2071 781 2103 mansere
791 2055 903 2105 ministri.
912 2053 1037 2106 Similiter
1044 2053 1107 2107 dixit
1113 2057 1251 2126 Virgilius,

182 2137 243 2187 Eu,
258 2135 327 2200 XII,
347 2135 418 2199 854:
442 2140 517 2204 inque
536 2156 606 2187 omen
625 2142 735 2187 quernae
754 2156 879 2188 occanere
891 2139 974 2205 jussit.
996 2139 1119 2191 Occurrit
1138 2159 1207 2212 saepe
1224 2145 1249 2193 in

182 2238 252 2270 omen
267 2235 373 2280 uerrere,
384 2224 408 2272 in
423 2240 493 2272 omen
504 2224 631 2288 necr'pere,·
645 2220 712 2272 sacri
723 2218 895 2291 interruptio,
906 2219 978 2291 apud
987 2221 1096 2274 Veteres
1105 2222 1252 2276 habebatur

182 2303 312 2356 ominosa.
329 2304 437 2357 iuvenis
448 2304 552 2368 Pallas,
566 2302 638 2377 apud
648 2303 804 2375 Virgilium,
813 2307 897 2358 AEnea
907 2304 1072 2356 Pallanteum
1082 2304 1250 2372 adventante,

182 2384 248 2438 dum
262 2407 325 2458 gens
339 2387 391 2441 diis
405 2399 576 2459 operaretur,
593 2399 664 2441 vetat
675 2406 709 2440 ue
723 2377 896 2460 abrumpattu·
909 2407 951 2442 res
962 2387 1065 2456 divina,
1078 2389 1202 2460 solusque
1216 2391 1251 2443 ad

184 2470 244 2524 litus
253 2485 394 2545 properat,
407 2475 468 2525 AEn.
483 2472 550 2524 VIII
561 2513 569 2537 ,
584 2489 648 2541 109:

322 2573 451 2618 Terrentur
461 2571 512 2616 risu
522 2569 614 2624 subito,
626 2569 752 2630 cunctique
763 2567 851 2614 relictis

321 2647 472 2706 Consurgunt
480 2644 579 2690 mensis:
592 2644 669 2688 audax
680 2660 740 2704 quos
748 2659 857 2704 rumpere
867 2645 942 2689 Pallas

323 2723 393 2768 Sacra
401 2731 479 2774 vetas,
490 2730 606 2781 raptoque
617 2719 681 2764 volat
693 2719 740 2764 telo
749 2718 832 2763 obvius
841 2719 898 2780 ipse.

183 2814 266 2866 Miror
279 2815 460 2867 Burmannum
471 2855 478 2879 ,
488 2831 570 2885 quum
584 2823 677 2882 praeter
686 2823 779 2863 cetera
790 2811 925 2883 exempla,
934 2810 1000 2863 illud
1010 2830 1116 2885 quoque
1127 2816 1250 2886 Virgilia-

183 2916 249 2950 num
263 2898 386 2965 afferret,
402 2924 413 2946 ι
423 2917 474 2970 qua
489 2899 517 2950 in
532 2916 561 2950 re
574 2897 653 2950 luerit
665 2894 732 2948 illud
744 2915 814 2946 omen
823 2921 836 2940 n
850 2895 884 2948 de
898 2915 951 2968 quo
962 2895 1098 2960 Valerius,
1113 2919 1166 2951 non
1179 2901 1253 2954 intel·

183 2981 283 3036 lenisse.

218 3089 251 3136 V.
265 3088 395 3136 tua.lnde
405 3087 470 3152 vagi
477 3105 524 3136 nee
538 3089 586 3136 tela
600 3087 677 3134 modr's
691 3103 735 3133 nec
750 3085 844 3133 casibus
858 3087 935 3133 isdem

327 3173 473 3220 Conseneere
482 3187 596 3229 manum,
608 3181 632 3218 et
644 3171 718 3235 longe
724 3170 828 3235 jacuere
837 3171 961 3234 perempti.

184 3267 321 3340 Capienda
332 3269 399 3331 ista,
419 3267 517 3322 nonde
530 3269 662 3322 Medontis
677 3268 801 3332 famulis,
820 3279 849 3320 ut
865 3269 973 3339 putabat
988 3268 1129 3332 Heinsius,
1151 3271 1196 3324 sed
1219 3273 1253 3325 de

184 3355 243 3426 ipso
259 3350 383 3404 Medonte
402 3352 562 3426 Genysoque
577 3353 659 3424 paulo
682 3371 762 3424 supra
775 3353 935 3405 memoratis.
954 3352 1043 3416 Quum
1061 3353 1127 3406 alter
1144 3354 1252 3417 titione,

185 3439 251 3493 alter
262 3453 324 3488 ense
335 3447 450 3489 armatus
463 3435 497 3490 ad
512 3457 629 3509 pugnam
642 3436 822 3508 protelasset,
836 3436 931 3490 merito
943 3447 1037 3488 auctor
1049 3435 1131 3489 dixit:
1146 3459 1191 3490 nee
1204 3445 1252 3491 tela

184 3523 263 3571 medis
275 3523 361 3571 iisdem
372 3539 525 3572 consensere.

220 3635 253 3683 V.
265 3629 323 3687 130.
333 3634 442 3695 &antus
454 3632 495 3680 ubi
503 3633 619 3681 immenso
629 3633 757 3699 prespexit
768 3632 800 3680 ab
808 3631 896 3679 scelere
911 3630 1009 3706 Typhon

326 3719 392 3781 Igne
402 3715 474 3764 simul
482 3717 612 3780 ventisque
622 3717 719 3766 rubens.

186 3811 297 3883 Egregie
305 3808 623 3863 describit'Valeriushoc
636 3809 829 3882 phaeuomenon
841 3806 1024 3878 navigantibus
1035 3809 1252 3878 formidolosum,

186 3894 259 3968 quod
273 3895 362 3948 nautis
376 3906 487 3947 vocatur
500 3895 542 3946 vel
556 3897 622 3945 nerle
638 3897 763 3954 marinus,
779 3893 820 3943 vel
834 3895 922 3959 sepho,
938 3890 981 3943 vel
994 3913 1114 3960 aquenum
1127 3901 1250 3949 columna.

187 3979 286 4033 Couler
298 3979 414 4034 Lucretii
428 3979 630 4051 descriptionem
639 3978 743 4050 poetica
755 3977 783 4028 vi
796 3976 873 4056 longe
885 3975 1037 4029 inferiorem
1046 4015 1055 4041 ,
1063 3977 1117 4042 VI,
1131 3982 1198 4043 425:

328 4082 387 4128 Nam
396 4083 437 4135 fit,
451 4091 478 4127 ut
488 4081 607 4128 interdurn
618 4090 729 4141 tanquam
742 4078 840 4125 demissa
849 4076 958 4122 columna
1055 4081 1057 4084 '

323 4157 352 4200 lu
364 4172 427 4202 mare
440 4158 469 4204 de
482 4149 538 4204 caelo
550 4156 690 4209 descendat,
700 4169 770 4216 quarn
781 4152 840 4198 frete
849 4150 938 4197 circum

328 4231 462 4278 Ferriscuut
470 4233 571 4292 graviter
579 4231 721 4300 spirantibus
729 4229 799 4276 incita
811 4227 896 4274 flabris.
