3192 5128
336 510 592 580 HISTORIA
617 511 648 580 A
674 511 822 580 LAUR.
840 513 1016 582 BALBO.
1132 537 1214 584 cxxi

120 637 306 726 cogitans,
331 639 534 703 Colchorum
558 661 708 727 proceres
731 639 950 706 consulendos
967 660 1215 734 congregasset,

121 741 251 808 Medea
267 744 352 807 clam
372 741 413 806 ad
425 745 578 810 Iasonem
595 743 761 834 confugit,
783 767 925 833 eumque
940 746 982 810 ad
996 746 1109 812 lucum
1126 749 1216 813 Mar·

123 851 189 932 tis,
204 850 268 914 ubi
282 851 386 914 vellus
402 873 539 916 aureum
551 850 586 913 in
600 850 716 915 arbore
735 873 930 939 suspensum
948 875 966 916 a
989 853 1130 919 dracone
1148 878 1215 919 ser-

123 957 296 1040 vabatur,
322 955 476 1039 deduxit3
500 971 750 1045 serpentemque
775 979 904 1046 semper
927 959 1059 1049 vigilem
1086 961 1217 1050 magicis

127 1064 292 1128 cantibus
312 1063 447 1152 sopivit,
465 1079 498 1127 et
520 1062 564 1126 ita
584 1064 681 1128 lason
700 1063 802 1128 vellus
823 1086 958 1129 aureum
977 1065 1100 1153 rapuit,
1120 1081 1217 1154 atque

130 1191 215 1232 cum
230 1167 350 1234 Medea
364 1170 399 1232 in
413 1190 530 1233 navem
543 1189 578 1234 se
590 1169 723 1257 recepit.
743 1169 815 1234 Hoc
833 1184 866 1232 et
882 1170 1089 1260 Apollonius,
1106 1188 1139 1236 et
1152 1174 1219 1236 An·

132 1275 320 1358 simachus,
339 1292 373 1340 et
383 1276 549 1341 Valerius:
569 1274 772 1365 Pherecydes
789 1298 868 1340 vero
882 1291 916 1340 et
929 1275 1117 1343 Herodotus
1134 1279 1217 1343 coci·

132 1406 213 1448 sum
230 1383 273 1448 ab
285 1384 403 1447 Iasone
416 1397 620 1471 serpentem,
633 1381 746 1470 sicque
755 1383 857 1447 vellus
874 1383 1036 1446 sublatum
1057 1383 1215 1449 scribunt.

130 1491 207 1573 Qui
221 1491 420 1577 Naupactica
435 1489 639 1577 composuit,
652 1489 801 1554 Medeam
813 1489 924 1582 fingit,
942 1513 1046 1578 quum
1062 1513 1101 1555 ex
1115 1492 1214 1580 patris

131 1597 243 1662 'domo
259 1598 404 1685 fugeret,
421 1616 532 1659 seeum
550 1615 687 1659 aureum
703 1595 823 1677 vellus,
847 1594 938 1683 quod
953 1596 987 1659 in
1000 1595 1103 1661 AEetae
1116 1596 1216 1663 domo

137 1701 341 1783 servabatur,
357 1701 512 1765 attulisse.

517 1873 566 1937 De
577 1873 704 1938 Iasonis
720 1873 832 1940 radun.

184 2041 234 2102 Dc
260 2037 370 2103 reditu
392 2041 673 2129 Argonautarum,
698 2041 861 2104 nonsatis
886 2041 971 2104 inter
993 2040 1121 2106 Graecos
1142 2045 1217 2107 scri·

140 2162 250 2234 ptores
263 2143 428 2209 convenit.
440 2145 626 2236 'l'imagetus
641 2145 748 2235 primo
760 2146 801 2209 de
811 2145 973 2234 portubus
984 2145 1080 2228 libro,
1092 2149 1213 2213 Istrum

138 2253 251 2316 scribit
264 2273 305 2316 ex
312 2251 493 2316 Germanice
509 2252 676 2317 montibus
690 2252 827 2317 derivari
837 2301 846 2334 ,
858 2251 975 2317 ctinde
986 2254 1020 2317 in
1032 2253 1214 2320 Germania

139 2356 276 2422 inlluere
295 2354 463 2446 paludem,
486 2373 598 2446 postea
620 2359 655 2421 in
671 2356 739 2422 duo
759 2357 863 2423 scindi
882 2357 1031 2441 brachia,
1052 2376 1085 2426 et
1106 2383 1211 2426 unum

138 2464 273 2554 quidem
293 2463 326 2527 in
345 2463 576 2529 Germanicum
590 2465 741 2554 pelagus,
757 2465 895 2529 alterum
907 2488 984 2530 vero
998 2467 1033 2529 in
1045 2467 1211 2533 Euxinum

138 2571 285 2636 Pontum
303 2569 486 2652 deferri,ac
496 2593 554 2659 per
565 2571 629 2635 hoc
646 2571 833 2660 navigantes
850 2573 1053 2663 Argonautas
1067 2573 1100 2637 in
1115 2575 1213 2639 Etru·

138 2679 220 2742 riam
243 2679 381 2742 venisse.
400 2677 498 2742 Hunc
522 2695 680 2766 sequutus
698 2677 827 2742 videtur
848 2679 1062 2766 Apollonius,
1078 2681 1213 2769 Apollo-

139 2785 233 2848 nium
245 2785 402 2848 Valerius.
417 2785 584 2849 Hecataeus
595 2783 739 2848 Milesius
750 2807 810 2872 per
817 2781 988 2848 Phasidem
1000 2785 1034 2848 in
1043 2785 1211 2852 Oceanum

140 2891 295 2970 evasisse,
319 2888 395 2954 inde
410 2889 522 2954 Nilum
537 2905 738 2978 penetrasse,
757 2905 857 2975 atque
872 2911 912 2952 ex
924 2890 990 2953 hoc
1005 2890 1038 2953 in
1059 2907 1209 2954 nostrum

141 3019 229 3060 mare
251 2996 435 3085 pervenisse
457 3012 625 3061 asseverat.
648 2994 688 3060 ld
708 2993 936 3060 Artemidorus
960 2995 1120 3084 Ephesius
1150 2995 1210 3059 fal·

140 3125 212 3165 sum
238 3124 307 3166 esse
332 3102 517 3184 convincit,
534 3101 695 3189 siquidem
719 3101 831 3166 Phasis
857 3099 972 3165 fluvius
987 3102 1119 3166 Oceano
1148 3102 1210 3164 mi-

142 3209 228 3274 nime
251 3207 456 3272 infunditur:
483 3208 570 3273 idem
594 3223 626 3272 et
644 3208 874 3273 Eratosthenes
897 3207 930 3271 in
955 3208 1052 3271 tertio
1070 3205 1211 3296 Geogra·

140 3315 313 3402 phicorum
332 3312 512 3379 confirmat.
533 3315 694 3403 Scymnus
713 3323 878 3395 autumat,
897 3336 955 3401 per
971 3311 1106 3377 Tanaim
1127 3313 1211 3377 navi·

139 3437 252 3510 gantes
267 3421 300 3483 in
321 3441 476 3508 magnum
494 3442 601 3499 mue,
622 3419 700 3484 inde
719 3421 754 3483 in
775 3435 926 3484 nostrum
941 3420 1077 3483 venisse.
1097 3420 1211 3484 Hesio-

139 3525 200 3590 dus
212 3541 340 3608 autem,
357 3541 390 3589 et
403 3523 563 3590 Pindarus
581 3525 616 3588 in
630 3525 772 3614 Pythiis,
790 3541 823 3589 et
832 3525 1045 3589 Antimachus
1058 3525 1090 3588 in
1103 3525 1209 3613 Lyde,

138 3657 195 3722 per
209 3633 382 3698 Oceanum
403 3632 519 3697 dicunt
535 3655 591 3697 eos
608 3631 650 3697 ad
669 3633 804 3723 Libyam
817 3633 993 3722 appulsos,
1010 3655 1125 3697 navem
1144 3632 1209 3696 hu·

138 3741 235 3803 meris
247 3739 405 3804 vehentes
421 3739 456 3802 in
478 3761 566 3804 mare
583 3755 732 3803 nostrum
743 3740 869 3804 exiisse.
882 3739 1058 3827 Sophocles
1078 3739 1111 3802 in
1133 3739 1210 3828 Scy-

137 3846 216 3926 this,
233 3860 268 3908 et
285 3844 521 3926 Callimachus,
544 3861 642 3934 atque
663 3844 853 3910 Herodorus
871 3845 905 3907 in
923 3845 1138 3934 Argonautis,
1161 3867 1212 3908 ea·

136 3949 228 4032 dem,
242 3973 311 4038 qua
331 3950 472 4014 Colchos
488 3951 664 4038 petierant,
680 3973 825 4014 reversos
845 3950 958 4014 aiunt:
976 3948 1065 4013 unde
1079 3949 1132 4032 hi,
1151 3952 1207 4038 qui

134 4079 169 4120 ex
184 4057 323 4121 Colchis
334 4055 369 4119 in
384 4055 518 4120 Adriam
536 4073 697 4120 venerunt
710 4058 912 4146 Argonautas
924 4057 1134 4146 vestigantes,
1152 4079 1208 4120 eos

132 4187 195 4229 non
214 4165 440 4242 invenerunt,
460 4163 517 4250 qui
537 4184 616 4226 vero
632 4184 691 4249 per
708 4163 850 4251 Cyaneas
867 4179 974 4250 petras
996 4163 1209 4251 navigarunt,

128 4293 180 4336 eos
198 4270 237 4334 in
254 4269 401 4354 Corcyra
419 4268 522 4334 insula
539 4269 744 4332 invenerunt.
