3192 5128
425 537 684 604 PRAEFATIO
712 537 963 607 SECUNDA.
1104 557 1225 606 cxtvrr

157 665 431 732 emendationum
446 666 480 728 in
496 665 590 730 variis
607 666 793 730 auctoribus
810 689 876 732 non
895 669 1043 755 ineptam
1058 683 1223 730 auctorem

159 787 257 836 vocat
270 769 357 835 ideni
370 770 520 835 Barthius
535 771 577 835 ad
593 771 670 836 Stat.
685 771 787 836 Theb.
806 774 890 844 ΧΠ,
906 777 981 857 492.
997 771 1135 860 Scaliger
1157 773 1224 834 Au·

161 897 236 940 son.
251 877 395 940 lection
404 876 461 941 lib.
472 877 523 957 Il,
538 875 597 958 32,
610 899 685 942 cum
698 879 749 941 sui
765 877 918 965 temporis
928 859 1108 957 juventutis
1119 876 1225 940 inanis

163 981 358 1069 Cymbalum
372 981 471 1045 luisse
483 980 578 1062 dicit,
597 981 689 1063 cujus
703 983 929 1048 auctoritatem
946 997 1128 1069 sequuntur
1138 983 1223 1044 Box-

163 1087 317 1167 homins,
331 1086 464 1150 Dissert.
473 1085 522 1150 de
535 1085 680 1152 distichis
697 1085 843 1168 Catonis,
857 1110 929 1176 pag.
946 1108 1021 1172 192,
1035 1103 1067 1152 et
1078 1087 1222 1176 Salvagu.

164 1187 206 1252 ad
224 1187 331 1252 Ovidii
348 1188 443 1267 Ibin,
457 1210 540 1253 vers.
561 1211 636 1276 297.
657 1189 860 1254 Ludoricum
875 1190 991 1252 Vitem
1010 1211 1076 1252 non
1096 1187 1223 1276 magni-

166 1291 224 1356 lice
237 1292 278 1356 de
290 1314 330 1356 eo
341 1292 477 1357 sensisse
486 1309 616 1382 apparet
627 1315 667 1382 ex
680 1294 737 1360 lib.
750 1293 798 1358 lll
810 1293 851 1358 de
862 1291 1021 1358 Tradend.
1034 1291 1224 1379 disciplinis,

166 1397 223 1462 ubi
241 1419 344 1486 quum
358 1396 400 1462 de
418 1399 526 1463 multis
542 1399 617 1465 viris
634 1399 738 1465 doctis
753 1399 945 1464 sententiam
969 1420 1060 1462 suam
1078 1397 1224 1476 tulisset,

165 1505 198 1568 in
209 1489 358 1568 suasim
373 1504 481 1588 addit,
499 1505 708 1595 «serapem
720 1506 779 1570 uo
792 1522 825 1570 et
840 1502 1225 1592 eomesovisuopiget

165 1609 287 1697 loqui».
302 1610 371 1674 Nos
387 1633 428 1674 ex
447 1611 525 1692 illis,
545 1633 627 1700 quos
644 1612 739 1675 nohis
753 1611 898 1698 reliquit,
919 1608 1174 1688 commentariis,
1192 1607 1225 1670 in

166 1715 529 1796 Plautum,Lucretium
539 1718 767 1798 ,Columellam
782 1715 823 1780 dc
834 1717 933 1780 Cultu
947 1716 1118 1778 hortorum
1129 1712 1226 1794 ,Ful-

165 1821 332 1907 gentium,
350 1820 522 1914 Sidonium
539 1838 578 1886 et.
588 1822 734 1911 quasdam
751 1821 935 1903 Ciceronis,
949 1817 1225 1909 deprehendimus

166 1923 267 1988 mrrlta
286 1924 419 2012 quidem
443 1925 667 2002 admiscuisse,
688 1947 758 2013 quae
781 1926 940 2014 posterior
956 1939 988 1988 et
1010 1923 1108 2012 polita
1124 1920 1224 2010 magis

166 2045 239 2094 etas
251 2029 396 2095 fastidire
415 2031 510 2112 solet,
537 2053 644 2118 neque
661 2032 770 2095 omnia
783 2032 828 2094 ita
841 2029 883 2094 ad
895 2051 1031 2094 acumen
1045 2025 1126 2094 illud
1137 2026 1225 2090 criti·

165 2157 262 2216 cum,
277 2134 368 2224 quod
379 2133 476 2200 hodie
490 2136 525 2200 iu
539 2137 704 2202 literarum
722 2137 937 2200 humanarum
953 2134 1132 2200 cultoribus
1146 2131 1226 2196 desi·

166 2241 314 2323 deretur,
329 2257 436 2306 exacta
449 2264 537 2322 esse3
556 2243 726 2331 sepissime
739 2243 834 2308 etiam
846 2258 877 2307 et
891 2243 1028 2332 graviter
1039 2261 1160 2306 enasse
1170 2239 1226 2325 (ut

167 2347 325 2436 insignem
342 2347 411 2428 ejus
429 2348 629 2413 oscitantiam
647 2365 736 2415 notat
752 2349 849 2414 Hadr.
869 2349 1002 2430 Iunius,
1015 2348 1070 2412 lib.
1090 2347 1122 2410 ll
1142 2344 1224 2409 Ani·

168 2452 270 2517 madv.
290 2454 528 2542 cup.12),sed
550 2457 725 2544 temporis,
749 2479 815 2544 quo
828 2456 924 2536 vixit,
948 2455 1071 2518 ratione
1095 2453 1223 2532 habita,

167 2557 260 2622 laude
286 2560 395 2646 potius
413 2559 544 2649 dignam
566 2561 635 2640 ejus
651 2560 846 2652 diligentiam
867 2577 900 2624 et
922 2559 1138 2624 eruditionem
1155 2579 1223 2622 esse

167 2685 354 2745 censemus3
374 2685 481 2752 neque
496 2666 581 2730 illius
601 2667 756 2754 temporis
772 2667 914 2730 literatos
932 2664 973 2729 ad
993 2665 1121 2745 laudes,
1144 2685 1224 2752 quas

167 2783 276 2857 postea
295 2769 466 2859 scaligeri,
484 2771 635 2853 Victorii,
651 2772 766 2860 lipsii,
785 2773 927 2854 Heinsii,
947 2771 1104 2835 Gronovii
1124 2768 1225 2833 etalii

168 2890 373 2957 meruerunt,
390 2897 458 2940 etse
477 2875 651 2966 exigendos
674 2893 836 2965 putamus.
855 2878 923 2940 Hac
943 2875 1030 2940 enirn
1057 2891 1171 2938 statera
1197 2873 1224 2936 si

167 2980 316 3060 Emsmi,
344 2981 625 3062 Melanchthonis,
652 2981 824 3046 Camerarii
851 2997 885 3044 et
914 2979 1049 3043 aliorum
1078 2973 1224 3042 viadrum

168 3086 278 3150 merita
296 3087 536 3169 examinemus,
555 3109 604 3150 nae
616 3087 661 3150 illi
681 3085 800 3167 hodic,
823 3087 850 3150 si
866 3087 1025 3168 viverent,
1042 3087 1096 3149 vix
1115 3086 1223 3149 locum

168 3191 251 3254 iuter
265 3191 409 3256 eruditos
426 3192 663 3282 ludimagistros
676 3193 760 3258 tueri
771 3209 913 3281 possent.
926 3192 1022 3257 Plura
1033 3193 1120 3256 enim
1135 3213 1223 3254 nunc

166 3296 247 3360 scire
262 3297 429 3387 cogimur,
446 3314 479 3362 et
494 3321 553 3386 per
565 3301 754 3364 immensam
771 3299 856 3363 illam
874 3297 1053 3364 editionum
1067 3297 1222 3385 multipli-

167 3417 310 3466 caturum
326 3404 470 3492 copiam,
490 3405 543 3468 vix
567 3404 651 3487 vita,
669 3406 764 3469 etiam
778 3404 1018 3470 laboriosissimi
1031 3404 1222 3486 literatorie,

165 3505 285 3572 sufficit
302 3508 407 3572 trihus
429 3525 609 3596 quatuorve
624 3510 828 3591 auctoribus,
844 3510 871 3574 si
895 3512 929 3574 in
950 3532 1005 3574 eos
1022 3526 1222 3574 commenta·

165 3612 230 3676 rios
246 3613 386 3678 scribere
398 3615 493 3694 velit,
511 3615 554 3677 ita
569 3615 786 3698 excutiendis,
800 3633 838 3680 ut
853 3616 933 3680 nihil
950 3617 1137 3705 praeteriisse
1151 3617 1223 3696 jure

165 3714 228 3780 dici
243 3717 355 3805 possit.
372 3715 465 3782 Adde
477 3719 597 3786 molem
617 3720 702 3787 illam
724 3721 1006 3803 observationum,
1023 3720 1222 3786 emendatio-

166 3841 263 3904 num,
284 3823 443 3886 ruriarum
455 3823 652 3906 lectionum,
673 3841 705 3889 et
720 3824 877 3890 infinitam
895 3827 1081 3891 criticorum
1099 3843 1132 3890 et
1145 3827 1221 3917 phi-

165 3925 346 4016 lologorum
365 3928 511 4009 turham,
531 3931 587 4017 qui
606 3930 661 3994 hio
676 3948 708 3994 et
725 3931 790 3995 illic
803 3932 872 3996 loca
891 3949 1036 3997 veterum
1052 3951 1221 3998 auctorum

127 4073 136 4092 .
166 4045 323 4113 tinetant,
339 4057 410 4121 quoe
424 4035 530 4100 omnis
543 4052 651 4100 tamen
666 4037 895 4125 perlustranda¹
907 4056 975 4120 est,
992 4041 1054 4104 nisi
1068 4043 1139 4128 quis
1158 4041 1222 4127 pla·

166 4137 208 4224 gii
223 4153 257 4202 et
280 4139 357 4202 furti
377 4139 512 4204 crimine
536 4163 570 4205 se
594 4141 719 4206 traduci
742 4144 828 4208 velit.
856 4145 965 4228 Quare
981 4146 1113 4210 Heinsio
1132 4145 1222 4210 facile

166 4243 295 4326 accedo,
303 4245 360 4332 qui
372 4261 464 4310 notas
475 4246 525 4312 Pii
536 4247 569 4311 in
585 4249 734 4314 Flaccum
748 4273 814 4314 non
825 4251 964 4333 inscitus,
977 4275 1036 4316 nec
1048 4249 1223 4316 ineruditas
