3246 5112
419 451 810 518 ARGONAUTICON
837 456 921 520 LlB.
947 458 972 519 l.
1188 457 1231 522 63

169 588 180 606 ‘
208 585 378 664 Prosiluit,
391 583 548 672 juxtaque
565 607 674 649 comes
690 585 891 650 brevioribus
907 587 981 668 alis,
1193 611 1232 662 ,es
1274 623 1276 626 ·

208 699 307 765 Nube
324 719 410 762 nova
428 697 597 786 linquente
618 697 749 780 domos,
771 701 893 764 Minoia
910 698 1027 766 fraisne

209 812 383 878 infremuit
399 835 530 894 manus,
547 829 581 878 et
595 815 667 878 visu
681 815 816 878 lassatur
830 817 918 880 inani
997 799 999 806 ¹

209 928 325 994 Omnis
342 949 458 1015 eques,
471 929 642 1016 plenisque
659 927 743 994 redit
760 928 905 1018 Gorsyna
921 930 1088 1018 pharetris.

211 1045 301 1127 Quin
320 1044 416 1108 etiam
434 1043 470 1106 in
488 1042 636 1107 thalamis
653 1044 878 1132 primoquein
894 1045 1005 1110 limine
1017 1049 1123 1112 Acasti

210 1161 314 1223 Fusus
330 1157 442 1239 humi,
457 1157 583 1236 juvenis
599 1177 726 1246 gressus
743 1171 775 1221 et
790 1158 898 1222 inania
915 1159 1005 1248 signa
1195 1198 1234 1236 μ.»

211 1275 278 1338 Ore
293 1273 429 1360 premit,
450 1272 633 1360 sparsisque
650 1272 760 1361 legens
776 1273 908 1362 vestigia
925 1275 1028 1356 canis3

211 1420 224 1443 «ι
234 1390 281 1452 Te
295 1409 427 1476 quoque
438 1386 504 1466 jam
519 1385 622 1451 moesti
636 1386 745 1451 forsan
759 1387 914 1476 genitoris
928 1389 1051 1479 imago,

212 1505 309 1584 Nate,
325 1503 384 1583 ait,
403 1519 436 1566 et
450 1503 556 1566 luctus
571 1501 715 1566 subcunt
732 1503 869 1591 suspiria
882 1504 1003 1586 nostri3

211 1621 346 1704 lamque
363 1616 455 1682 delos
468 1618 658 1704 circumque
671 1618 770 1680 trucis
785 1615 970 1682 discrimina
982 1619 1037 1683 leti

212 1733 300 1797 Mille
314 1730 421 1811 rides;
436 1753 500 1819 qua
516 1745 564 1812 te,
577 1730 705 1812 infelix,
722 1730 840 1819 quibus
854 1731 1007 1820 insequar
1019 1735 1106 1798 oris?
1198 1757 1236 1811 7¹⁵

212 1849 292 1913 Non.
301 1847 459 1936 scythicas
472 1846 560 1910 ierus
573 1847 626 1911 ille
641 1847 772 1927 domos,
786 1869 848 1911 nec
860 1846 901 1911 ad
914 1849 996 1912 ostia
1010 1849 1104 1914 Ponti

211 1961 329 2028 Tendit
336 1963 413 2043 iter,
427 1962 511 2026 salsae
524 1961 581 2026 sed
595 1977 724 2050 captum
738 1961 841 2026 laudis
855 1985 966 2027 amore

212 2079 381 2165 Te,1puer,
395 2077 430 2140 in
447 2092 565 2141 nostrae
582 2075 683 2140 durus
699 2091 860 2142 tormenta
874 2093 1010 2142 senectae
1052 2091 1054 2094 ’

213 2193 310 2257 Nunc
322 2193 458 2283 lacerat:
474 2191 565 2256 celsis
579 2213 619 2254 an
634 2192 662 2256 si
676 2191 757 2256 freta
771 2193 936 2280 puppibus
950 2209 1057 2257 essent

213 2308 340 2387 Pervia,
358 2329 427 2370 non
445 2306 532 2370 ultro
546 2305 680 2385 juvenes
700 2307 898 2394 classemque
915 2305 1096 2371 dedissem?
1200 2343 1238 2382 7²0

213 2421 392 2501 Odomus,
411 2443 432 2484 o
449 2420 523 2484 freti
541 2419 762 2508 nequidquam
781 2421 872 2508 prole
888 2424 1035 2508 penates!
1049 2455 1061 2478 s

202 2637 255 2684 7²¹·
266 2626 430 2685 iteponere.
443 2632 467 2670 st
480 2625 569 2670 Bonon.
581 2622 650 2670 codd.
659 2633 683 2670 et
692 2624 756 2670 Gerr.
766 2622 835 2670 codd.
844 2626 907 2670 lunt.
920 2588 1034 2671 Parentes..
1044 2627 1134 2674 bonon.
1144 2629 1173 2674 Π.
1184 2631 1238 2678 Ald.

171 2705 279 2751 reseres.
289 2703 382 2750 lelrus.
395 2704 439 2750 Eu.
1220 2700 1222 2704 ’

171 2876 243 2924 dolus
253 2872 422 2930 moedsona,
432 2880 502 2921 terra
510 2865 682 2930 motabilem,
727 2882 796 2932 yon.
821 2867 1013 2934 (Accusatirus
1030 2869 1059 2921 h.
1072 2869 1091 2922 l.
1111 2872 1150 2923 nti
1166 2887 1238 2928 recte

172 2969 235 3003 nam
244 2947 684 3002 ibiollicinashabebantl'errariss
727 2958 818 2998 monet
836 2945 969 2999 Heinsius.
995 2947 1180 3004 Nominativus
1200 2968 1238 3006 est

169 3029 327 3091 Telchines,
339 3029 457 3100 primum
470 3028 571 3092 Crete,
588 3025 684 3080 deiude
727 3024 849 3098 Gortyn,
869 3024 967 3098 Goeye
980 3037 1006 3078 et
1023 3026 1160 3100 Gonyna5
1177 3033 1238 3087 ride

171 3107 270 3182 Cypri,
284 3119 374 3178 postea
391 3106 477 3161 lllrodi
496 3107 590 3162 incole
599 3147 607 3172 ,
624 3108 684 3162 vide
728 3105 849 3159 Enststh.
861 3105 896 3158 sd
908 3105 1018 3178 Dionys.
1031 3125 1056 3158 r.
1070 3108 1126 3178 88.)

171 3189 258 3242 soah.
273 3187 349 3252 XIV,
364 3205 391 3259 p.
409 3205 446 3240 m.
466 3191 517 3256 966
527 3205 536 3250 3
553 3191 680 3256 prosiluit,
766 3203 826 3254 ⁷09·
838 3188 955 3237 Fundiw
964 3189 1031 3238 humi
1038 3191 1127 3250 Pelias,
1142 3189 1170 3241 in
1180 3190 1239 3245 thn-

174 3267 260 3320 subito
270 3267 378 3338 effugit,
390 3266 680 3330 erasitccluceralatus,
725 3263 818 3328 lamis,
836 3265 948 3336 ipsoque
968 3266 997 3318 in
1016 3265 1108 3320 limine
1125 3266 1237 3336 domus,

168 3350 293 3416 juxtaque
304 3365 399 3407 eomes,
419 3347 510 3399 lcsrsu
527 3345 599 3398 filius
616 3363 682 3418 pue·
726 3363 807 3416 quam
814 3344 884 3398 lilius
892 3345 1099 3411 inhabitaverat,
1110 3348 1238 3421 imagines

96 3435 100 3442 “
172 3427 261 3490 rulos,
277 3429 420 3478 holeribus
438 3427 504 3488 ollss
521 3429 584 3477 nubs
601 3445 679 3486 noea,
726 3428 797 3498 ejus,
807 3425 933 3498 locaque,
946 3426 992 3478 ubi
1002 3437 1123 3491 steterat,
1138 3431 1239 3486 oscula-

174 3507 285 3569 umbra,
298 3523 379 3576 quam
394 3506 501 3576 utrique
515 3505 610 3557 caslnm
622 3521 682 3576 per·
726 3516 780 3568 tur,
794 3504 859 3558 lusis
869 3503 972 3576 capillis
982 3505 1045 3577 legit
1055 3507 1174 3578 vestigia.

173 3586 290 3639 volantes
302 3583 490 3659 projiciebant,
502 3588 625 3651 linquente
638 3587 682 3635 do·
763 3601 824 3654 712.
839 3586 899 3636 lam
913 3583 943 3638 in
961 3603 1081 3638 sermone
1102 3586 1136 3639 nd
1151 3589 1238 3644 lilium

174 3685 238 3724 mos,
256 3667 349 3716 minoia
364 3685 464 3724 manos,
482 3662 583 3734 equites
597 3673 623 3716 et
636 3681 682 3734 ps·
727 3665 861 3716 absentem
880 3663 999 3726 directo,
1020 3683 1075 3717 non
1087 3669 1170 3736 parcit
1180 3671 1239 3740 qui·

174 3742 239 3796 dites
247 3743 508 3816 Minois,consargit,
523 3741 682 3813 sedpedites
726 3741 787 3795 dem
813 3744 925 3808 laconi,
949 3743 1006 3797 lilio
1027 3755 1116 3797 tamcn
1140 3761 1166 3800 et
1189 3751 1238 3822 ipsi

174 3823 319 3876 infremunt
330 3824 445 3886 frosm,
459 3826 549 3890 equites
559 3825 683 3873 lassaner
726 3821 867 3892 exprobrat
882 3821 998 3893 quodam
1014 3821 1095 3876 modo
1111 3825 1239 3902 intempe-

175 3905 245 3954 r'eass'
256 3907 327 3964 nisu,
343 3902 421 3956 tssdet
433 3903 569 3956 avolantes
582 3900 682 3952 diutius
726 3899 822 3952 stiram
828 3899 915 3953 laudis
922 3904 1122 3956 amoremllere
1128 3907 1150 3958 si
1157 3909 1241 3962 credi.

175 3999 229 4034 non
241 3983 292 4034 nisi
304 3982 389 4035 oculis
398 3981 539 4053 prosequi,
559 3980 682 4051 sagittas,
728 3977 823 4032 dissem
832 4017 839 4042 ,
846 3981 917 4049 freta
930 4000 983 4031 esse
988 3985 1086 4048 pervia,
1102 3983 1175 4040 laudi
1189 4001 1239 4044 tuse

174 4079 286 4132 quarum
303 4079 353 4114 usu
369 4061 483 4114 maxime
500 4059 591 4132 inclyti
609 4069 685 4112 eram
728 4078 782 4112 non
796 4058 964 4122 invidissem,
978 4065 1039 4112 altro
1054 4067 1157 4116 classem
1174 4068 1240 4122 clas-

174 4141 329 4204 Crstenses,
354 4140 478 4212 expedire
502 4157 557 4192 non
580 4150 684 4211 potest,
729 4139 872 4210 siariosque
882 4143 1011 4191 dedissem.
1023 4145 1046 4192 0
1054 4146 1148 4205 domus,
1161 4149 1242 4215 osmi

171 4223 298 4288 pharetras
308 4223 382 4290 refert
385 4225 475 4290 plenas
485 4221 513 4273 in
522 4219 615 4274 urbem
622 4223 685 4271 Gor·
729 4223 893 4288 neqttidquam
898 4224 970 4289 prole
974 4223 1151 4289 penateslsic,
1159 4243 1239 4296 quam
