3192 5128
387 459 390 466 ⁴
419 453 615 526 ALTERA
647 455 918 530 PRAEFATIO.
1055 485 1202 536 Lxxxvrr

115 601 152 652 te
163 585 249 652 volo
262 605 334 651 esse
345 600 474 651 testem.
501 587 610 670 Quem
631 607 700 652 non
718 586 842 652 idcirco
859 603 987 654 tantum
1004 590 1038 655 in
1061 608 1120 658 tuo
1140 617 1202 660 no·

115 694 213 758 mine
232 713 391 783 apparere
406 693 513 776 volui,
527 708 566 756 ut
576 707 662 758 earet
678 715 738 782 pro
754 693 865 758 multis
878 696 943 760 tuis
957 695 993 760 in
1010 719 1064 763 me
1079 702 1203 767 meritis

116 801 378 890 qualiscumque
391 799 629 881 remunerati03
644 798 702 865 sed
715 801 820 865 multo
834 801 953 891 magis,
965 804 1056 892 quod
1072 827 1202 896 equum

117 923 233 989 esset,
255 922 295 972 ut
310 907 381 987 ejus
396 905 604 996 potissimum
621 907 806 972 auctoritati
825 907 970 984 laborem
986 910 1077 976 bunc
1093 935 1203 978 meum

117 1013 359 1096 inscriberem,
375 1013 467 1094 cujus
485 1013 676 1078 auctoritate
691 1011 732 1077 ad
748 1036 824 1078 eum
840 1015 1084 1104 suscipiendum
1099 1041 1203 1086 essem

119 1120 302 1209 impulsus.
316 1121 426 1208 Atque
436 1118 478 1184 ad
491 1119 556 1183 hoc
566 1119 648 1210 grati
663 1119 763 1184 anirni
778 1121 843 1186 mei
856 1120 1205 1207 indicium‚Valerium

122 1227 213 1317 elegi
238 1226 463 1315 potissimum,
488 1243 558 1289 non
583 1241 751 1314 tamquam
780 1247 902 1292 munus
931 1229 1070 1294 maxime
1093 1247 1127 1297 te
1151 1231 1203 1297 di·

122 1353 252 1421 gnum,
266 1328 326 1395 sed
341 1328 432 1419 quod
447 1345 517 1394 tum
536 1329 622 1395 forte
639 1330 674 1394 in
690 1345 821 1418 poetam
836 1331 929 1396 illum
945 1334 1122 1400 subsecivis
1142 1337 1204 1401 bo-

123 1437 192 1521 ris,
214 1452 254 1501 ut
269 1436 338 1502 lere
353 1435 462 1517 soleo,
475 1434 637 1526 siquando
653 1437 886 1525 agrarioribus
903 1437 1018 1504 studiis
1035 1441 1131 1525 otior,
1148 1465 1206 1508 ne-

124 1541 200 1608 seio
216 1539 299 1630 quid
312 1541 512 1606 scholiorum
529 1539 728 1607 meditabar:
742 1541 789 1606 sie
803 1557 841 1607 ut
858 1565 926 1608 nou
945 1543 1107 1612 delectum
1120 1571 1138 1612 a
1152 1571 1207 1614 me

124 1669 277 1731 munus,
292 1646 351 1712 sed
363 1661 533 1736 sumptum
549 1646 592 1712 sit
605 1644 659 1731 id,
674 1645 765 1736 quod
780 1663 850 1712 erat
865 1651 1156 1739 promptissimum.
1172 1654 1207 1719 Si

20 1739 22 1758 ¹
127 1756 208 1843 quis
220 1775 323 1843 porro
336 1753 382 1818 ita
396 1754 529 1842 iniquus
548 1768 597 1818 est
610 1751 807 1842 scriptorum
821 1753 1013 1840 aestimator,
1030 1774 1069 1821 ut
1084 1759 1119 1823 in
1142 1760 1207 1826 boc

20 1855 22 1926 l
127 1876 268 1926 auctore
280 1859 482 1950 castigando,
496 1881 628 1948 operam
642 1881 696 1923 me
711 1859 826 1924 lusisse
841 1859 1021 1945 existimet3
1035 1862 1113 1928 buic
1126 1866 1208 1954 quid

20 1963 22 2004 ³
129 1965 222 2032 aliud
240 1987 340 2056 qoam
362 1963 537 2031 doctorum
559 1964 722 2045 judicium
745 1966 938 2055 opponam?
957 1968 1050 2056 quod
1070 1971 1205 2059 quidem

130 2073 174 2138 de
189 2074 256 2138 hoe
267 2087 383 2137 nostro
396 2073 441 2136 ita
456 2087 506 2137 est
526 2070 763 2154 honorificum,
785 2089 824 2136 ut
845 2095 915 2137 uon
933 2072 1099 2141 defuerint
1119 2101 1208 2144 acer-

132 2181 218 2243 rimo
231 2176 358 2259 judicio
374 2177 544 2258 homines,
571 2175 629 2264 qui
647 2176 738 2241 hunc
753 2177 850 2242 etiam
867 2176 987 2244 Graecis
1004 2179 1086 2263 illis,
1108 2183 1208 2272 Apol·

132 2289 225 2351 lonio
239 2302 275 2350 et
287 2284 441 2373 Orpheo,
462 2283 586 2373 ingenii
608 2284 759 2348 felicitate
775 2299 809 2349 et
821 2285 955 2350 heroico
977 2291 1093 2376 spiritu
1111 2293 1208 2384 longe

21 2445 22 2458 ,
134 2392 283 2482 putarint
297 2390 578 2480 praeponendum:
596 2411 671 2454 vere
688 2411 730 2454 an
747 2413 859 2475 secus,
877 2393 959 2457 nihil
972 2393 1127 2484 disput03
1149 2400 1207 2464 sed

135 2498 198 2563 boc
211 2513 301 2562 certe
316 2496 406 2584 ipso,
420 2495 519 2577 hujus
532 2496 635 2559 nostri
645 2497 830 2584 praestantia
839 2515 982 2586 apparet,
999 2502 1090 2589 quod
1103 2527 1207 2593 quum

22 2601 23 2606 ’
137 2621 202 2670 tam
219 2602 356 2694 egregiis
370 2599 546 2670 artificibus
561 2617 726 2666 mereatur
740 2601 791 2666 rel
808 2605 999 2692 comparari.

20 2696 21 2720 ³
180 2713 287 2798 Atque
302 2706 512 2796 hocquidem
525 2729 566 2772 eo
578 2707 807 2772 admirandum
824 2723 873 2772 est
891 2711 1009 2799 magis,
1030 2712 1121 2800 quod
1140 2716 1210 2781 haec

139 2815 247 2880 omnia
268 2835 307 2878 es
325 2827 419 2878 aetato
444 2814 628 2879 felicissime
652 2813 818 2901 prestitit,
840 2835 905 2901 qua
924 2815 978 2879 alii
996 2831 1119 2882 tantam
1138 2841 1208 2884 rem

20 2969 21 2976 ι
140 2925 191 2988 rix
201 2925 313 2986 auimo
324 2921 507 3011 potuissent
517 2935 616 3009 atque
625 2919 823 3010 cogitatione
834 2921 1134 3012 complectizquem
1146 2929 1209 2992 nisi

140 3030 202 3110 jam
214 3027 415 3094 destinatum
434 3047 570 3092 summae
589 3027 699 3117 gloriae
711 3048 801 3091 mors
815 3025 988 3092 immatura
1008 3021 1208 3118 sustulisset,

142 3152 299 3223 quantum
315 3134 446 3200 tandem
469 3133 575 3199 latinas
596 3135 716 3224 linguae
733 3150 863 3199 maturo
876 3133 999 3214 judicio
1014 3151 1048 3199 et
1063 3135 1211 3205 doctrina

142 3259 207 3308 erat
217 3243 384 3324 silemus,
394 3241 452 3331 qui
463 3257 590 3308 ιιιιιιιιιι
603 3242 749 3307 attulerit
759 3242 795 3305 in
811 3242 938 3330 impetu
950 3242 1006 3307 illo
1015 3243 1167 3326 juvenilis
1178 3263 1212 3312 et

142 3348 273 3414 vixdum
298 3347 496 3414 confirmatu
512 3347 637 3412 aetatisl
662 3346 727 3412 Sed
749 3347 820 3412 haee
839 3346 881 3413 de
899 3364 1047 3431 auctore,
1064 3351 1156 3440 plura
1181 3370 1213 3418 et

143 3455 381 3542 qurrnrellem,
392 3471 425 3520 et
435 3475 534 3544 quam
545 3475 675 3520 necesse
688 3454 747 3519 sitt
761 3475 860 3542 quem
874 3454 937 3518 nisi
946 3455 1116 3540 librorum,
1129 3479 1212 3547 quos

143 3561 293 3651 reliquit,
312 3561 489 3652 elegantia,
515 3576 550 3626 et
566 3559 770 3643 Quintiliani.
777 3558 938 3640 judicium
958 3561 999 3625 ab
1022 3563 1212 3651 iniquorum

143 3669 314 3734 calumniis
327 3665 511 3750 vindicent,
525 3689 587 3732 nos
603 3667 723 3732 frustra
733 3666 897 3732 vindicare
916 3691 1084 3734 conamur.
1098 3671 1151 3737 Ad
1163 3689 1213 3767 te,

142 3776 190 3839 rir
206 3775 412 3840 ornatissime
427 3797 465 3840 ac
480 3774 684 3856 doctissime,
699 3789 889 3856 convertor,
913 3774 995 3839 nibil
1015 3777 1149 3863 quidem
1172 3779 1214 3844 de

143 3881 293 3948 laudibus
307 3881 360 3946 vel
377 3882 461 3964 uris,
484 3883 536 3946 vel
553 3880 714 3963 majorum
729 3896 883 3963 tuorum,
901 3902 1043 3970 quorum
1059 3885 1212 3973 frequens

143 3987 177 4051 in
195 3988 368 4054 annalibus
387 3988 506 4052 nostris
522 3988 646 4054 mentio
662 4003 727 4067 cst,
746 3985 912 4069 dicturus;
939 3985 997 4052 sed
1021 3989 1086 4084 bv
1108 4013 1212 4055 unum

144 4093 178 4156 in
191 4094 254 4159 buc
270 4093 415 4182 epistole
431 4109 523 4181 parte
544 4115 563 4156 a
579 4110 613 4157 te
627 4093 805 4181 petiturus,
826 4108 881 4176 ut,
906 4115 974 4181 quo
987 4095 1098 4164 animo
1109 4111 1142 4160 et
1153 4097 1214 4159 bu-

19 4237 20 4262 1
144 4201 295 4266 maritate
314 4199 478 4266 studiosos
501 4219 617 4263 omnes
638 4199 809 4287 complecti
834 4199 938 4279 soles,
962 4199 1074 4264 eadem
1095 4223 1216 4266 munus
