3226 5114
403 503 465 568 308
515 497 949 581 1nn1n.innrun
978 475 1364 566 inconnnrrcon

401 615 475 668 locus
500 615 543 668 ille
566 611 689 684 Virgilii,
703 611 749 664 ubi
768 611 862 663 umbra
887 611 990 664 Creusae
1011 609 1052 662 his
1069 610 1157 664 verbis
1176 613 1277 665 AEueen
1300 613 1463 686 compellet,

402 697 504 753 AEneitl.
515 697 542 748 ΙΙ
551 737 560 763 ,
568 700 636 767 776:

542 809 606 869 Quid
616 818 706 857 tantum
717 809 799 855 iussuo
809 810 875 870 juvat
885 808 1007 869 indulgere
1019 805 1110 854 dolori?

375 903 381 919 ⁶
437 929 472 978 V.
486 927 528 978 26.
537 929 589 975 Hoc
601 941 683 974 nemus
690 960 699 983 ,
712 923 828 992 lsoecsau's
838 923 956 990 milrijam
964 923 1049 971 domus
1057 958 1065 982 ,
1079 925 1186 990 inproba
1195 943 1243 989 quo
1256 942 1295 974 mc

538 1009 650 1076 Nympha
662 1009 727 1074 rupit
733 1043 741 1066 ,
757 1023 827 1058 soevoe
836 1007 927 1055 monins
936 1007 1055 1056 lunonis:
1063 1007 1150 1055 inanes

539 1094 611 1158 Nunc
619 1091 685 1140 Iovis
694 1093 822 1159 decennes,
834 1090 917 1156 etjam
927 1089 985 1139 rniltc'
993 1089 1079 1140 limina
1087 1090 1143 1139 coels'

537 1175 663 1225 Conciliat.

402 1293 548 1346 Asteriscns
565 1290 650 1342 versui
673 1308 723 1359 η,
738 1291 765 1342 iu
784 1288 899 1342 editione
914 1289 1077 1352 Burmanni,
1096 1287 1234 1361 prelixus,
1252 1306 1336 1342 unum
1350 1288 1464 1342 emultis

402 1375 502 1430 indicat
510 1375 616 1436 locum,
626 1391 740 1444 quorum
750 1373 827 1425 lectio
835 1371 915 1426 dubia
924 1411 932 1438 ,
944 1390 1087 1444 sensusque
1097 1371 1239 1424 etiamnum
1248 1372 1396 1444 ambiguus.
1406 1372 1464 1425 lloc

402 1479 466 1515 vero
483 1460 541 1511 loco
557 1457 630 1510 labes
649 1456 809 1508 aCarrionis
822 1455 938 1509 editione
951 1453 1075 1518 defluxit,
1089 1455 1132 1508 cui
1148 1456 1313 1510 Burmannus
1323 1497 1331 1524 ,
1341 1457 1388 1529 qui
1399 1476 1461 1530 pro·

353 1589 355 1594 .
401 1556 522 1615 totypum
538 1539 656 1592 codicem
672 1539 856 1612 principesque
876 1537 1002 1593 editiones
1021 1557 1075 1591 non
1097 1551 1285 1610 cognosceret,
1309 1539 1463 1612 plerumque

401 1627 480 1680 nimis
493 1626 654 1695 obsequatur
664 1634 712 1676 est.
726 1622 813 1676 codd.
828 1634 982 1694 veteresque
992 1621 1119 1675 editiones
1127 1622 1241 1675 hahent:

537 1732 587 1777 lloc
597 1745 691 1784 usmus,
700 1729 750 1775 lsaec
761 1728 813 1774 istis
824 1727 882 1774 mihi
891 1729 940 1790 jam
952 1728 1050 1776 domus:
1068 1729 1175 1790 improbe
1185 1743 1232 1790 quo
1242 1743 1281 1775 me

539 1805 648 1866 Ilymplsu
659 1803 736 1866 rapit,
746 1818 810 1850 sene
820 1803 911 1850 monitu
920 1802 1032 1857 iunonis,
1042 1804 1067 1848 in
1077 1819 1164 1850 omncs.

402 1916 444 1971 sic
462 1916 490 1968 in
505 1913 575 1966 libro
589 1910 763 1985 procedenti,
778 1931 804 1964 v.
823 1912 889 1982 557:
905 1925 992 1979 gratos
1002 1915 1086 1964 avidus
1095 1913 1231 1980 procumbit
1241 1914 1380 1963 Masona.
1394 1909 1462 1982 Ergo

403 2010 479 2052 vetus
494 1995 588 2060 lectio,
602 2014 685 2068 quum
698 2013 804 2048 sensum
819 1995 924 2050 facilem
940 2013 971 2048 ac
983 2013 1098 2066 pronum
1114 1995 1258 2066 preberet,
1271 1993 1402 2047 immerito
1416 1994 1462 2048 dc·

402 2086 472 2146 jecta
489 2089 528 2133 est
546 2097 561 2132 e
580 2077 639 2131 loco
653 2079 764 2130 lectione
779 2081 881 2140 inanes,
899 2078 1059 2132 eCarrionis
1076 2076 1168 2132 codice
1191 2090 1266 2142 orta,
1284 2095 1343 2150 quse
1362 2089 1461 2131 rectum

403 2163 504 2216 etiamsi
520 2179 626 2218 sensum
647 2159 778 2224 efficeret,
797 2161 887 2233 inique
908 2173 996 2214 tamen
1015 2162 1130 2215 alienum
1148 2161 1237 2216 locuun
1257 2161 1368 2214 invasit:
1385 2161 1462 2215 seda

402 2258 475 2300 recto
490 2263 568 2298 sensu
583 2243 733 2314 longissime
751 2243 832 2298 abest.
844 2245 955 2298 Vossius
970 2243 1203 2298 Carrioniscodici
1216 2244 1304 2296 miuus
1320 2243 1463 2298 inserviens

404 2348 485 2402 quam
504 2328 670 2380 Burmannus
696 2327 886 2399 liciniumque,
909 2327 1087 2382 revocandam
1112 2345 1169 2381 esse
1189 2341 1304 2382 veterem
1327 2328 1462 2382 lectionem

404 2422 508 2466 censet:
529 2427 598 2461 «cur
608 2407 677 2461 enim
687 2446 695 2473 ,
705 2409 808 2480 inquit,
820 2409 892 2464 loris
903 2429 1022 2464 accessus
1031 2415 1118 2464 inanes
1132 2410 1273 2466 dicantur?
1282 2430 1317 2464 un
1330 2411 1411 2484 Hylas
1420 2423 1463 2465 eos

403 2499 491 2546 inanes
504 2503 594 2554 vocat,
607 2490 679 2564 quod
694 2510 754 2544 cum
771 2493 883 2547 Hercule
901 2496 976 2549 malit
991 2494 1067 2550 esse?
1079 2496 1203 2549 frivolum
1218 2495 1270 2548 hoc
1283 2497 1393 2549 omniuo
1408 2509 1462 2558 est,

403 2579 519 2632 etaltera
530 2577 608 2629 lectio
617 2576 701 2629 multo
710 2577 797 2630 verior
807 2603 829 2630 ν.
842 2579 933 2632 Lectio
942 2599 1022 2651 quam
1032 2581 1156 2652 proponit
1165 2581 1200 2634 cl.
1209 2584 1313 2640 Jacobs,
1325 2581 1462 2652 Wagnero

402 2662 516 2735 placuit,
533 2677 587 2712 uon
603 2659 723 2712 sentienti
739 2661 857 2731 prolecto
875 2661 944 2715 hanc
961 2663 1110 2734 tautologiae
1125 2662 1190 2717 vitio
1205 2662 1342 2715 laborare:
1356 2667 1381 2715 in
1395 2685 1463 2716 arces

402 2753 473 2800 enim
488 2748 553 2798 Iovis
569 2742 640 2796 idem
649 2743 719 2796 valet
734 2743 808 2814 quod
824 2747 910 2806 limina
924 2749 978 2798 cccli
997 2746 1025 2798 iu
1039 2745 1159 2818 sequenti
1169 2764 1256 2799 uersu.
1273 2745 1368 2801 Tutius
1384 2746 1464 2817 igitur

382 2889 386 2894 ,
403 2841 517 2883 veterem
527 2827 632 2892 ,Vossii
641 2826 733 2890 instar,
744 2827 885 2884 lectionem
893 2829 1017 2882 retinere.

439 2961 475 3012 V.
488 2959 530 3012 28.
544 2962 640 3010 Limina
651 2961 716 3010 coeli.
727 2987 763 2999 -
775 2958 839 3011 Pius
850 2959 1011 3032 Vossiusque
1021 2961 1113 3031 legunt
1124 2964 1218 3012 hemina
1227 2965 1295 3022 carli,
1308 2979 1367 3032 quse
1375 2981 1462 3014 resera

403 3043 524 3098 codicum
539 3042 615 3094 lectio
628 3053 684 3105 est;
696 3040 742 3094 sed
755 3041 872 3112 ipsorum
888 3041 1010 3095 codicum
1023 3043 1050 3094 in
1069 3042 1119 3095 hac
1129 3061 1158 3095 re
1167 3043 1306 3096 auctoritas
1319 3053 1358 3095 est
1374 3061 1462 3106 cessa,

404 3125 477 3198 qnod
490 3129 617 3179 deminuet
628 3128 713 3177 limina
729 3142 795 3196 supe
808 3126 836 3176 in
851 3125 1002 3197 promiscuo
1016 3124 1115 3178 liabent
1127 3125 1237 3179 librarii.
1252 3126 1283 3177 Iu
1296 3125 1348 3178 hoc
1361 3125 1464 3198 Virgilii

405 3227 499 3274 versu,
510 3207 601 3278 Eclog.
612 3208 648 3274 V,
662 3208 694 3262 56
705 3229 712 3259 ε

541 3319 659 3368 Candidus
673 3319 790 3370 insuetum
803 3321 900 3369 miretur
911 3321 983 3368 limen
994 3321 1097 3384 Olympi.

404 3426 531 3480 Nonnulli
539 3424 619 3478 codd.
630 3424 730 3478 habent
739 3429 820 3478 lumen
832 3430 941 3495 olrrnps}
951 3426 1062 3498 uisuque
1069 3425 1150 3478 dictio
1159 3423 1284 3477 idoneum
1294 3411 1465 3498 utriquelooo

404 3533 510 3567 sensum
523 3511 643 3576 exhibet3
659 3515 745 3566 lintius
759 3526 847 3568 tamen
860 3511 1033 3568 inValeriano
1050 3513 1222 3587 pumicum,
1235 3526 1342 3586 propter
1355 3519 1468 3577 concilias

404 3609 430 3651 et
449 3617 563 3649 accessus
577 3596 675 3668 quibus
687 3597 818 3669 iungitur.
832 3598 875 3653 Sic
885 3599 1007 3652 Valerius
1025 3597 1058 3650 de
1070 3597 1130 3650 Deis
1139 3634 1147 3660 ,
1156 3597 1193 3660 V,
1203 3599 1271 3664 696:

485 3709 490 3726 '
545 3702 652 3765 Surgitur
668 3702 692 3748 in
708 3719 816 3770 somnos,
832 3719 903 3766 seque
914 3705 945 3751 sd
958 3703 1213 3756 sallustianorum

295 3836 299 3844 -
407 3807 704 3874 erniacvnmn:

545 3913 632 3960 Crelna
643 3913 711 3960 ruina
722 3915 772 3976 poli
782 3914 880 3962 celestia
892 3915 971 3960 Hunno
983 3917 1053 3961 laxat.

407 4021 462 4072 Nec
474 4018 589 4072 alienum
602 4032 641 4073 est
659 4021 756 4073 relerre
770 4020 842 4074 hunc
853 4019 960 4092 Virgilii
974 4021 1060 4074 locum
1069 4059 1076 4084 ,
1085 4018 1184 4090 Georg.
1199 4019 1244 4083 II,
1260 4020 1310 4082 504
1320 4059 1328 4086 ‚
1338 4035 1469 4088 penetrant

407 4107 479 4156 aulas
492 4117 515 4152 et
528 4105 612 4153 limina
622 4122 715 4171 regum.

441 4229 477 4281 V.
491 4247 532 4297 ²9·
549 4232 680 4298 ,iungitque
698 4249 784 4298 preces
806 4245 830 4282 et
839 4231 920 4300 sortus
943 4234 1055 4284 leonorcs.
1066 4261 1100 4272 -
1114 4237 1197 4284 Preces
1218 4231 1291 4285 abest
1311 4249 1328 4284 u
1338 4231 1469 4285 Vaticano
