3198 5106
352 527 505 576 ctxxxrv
616 449 618 454 v
697 450 700 456 i
754 505 1011 576 PRAEFATIO

238 631 242 638 “
351 635 485 725 quidem
500 633 606 698 visum
628 632 726 698 fuerit
748 633 863 698 melius
882 637 956 722 (me
982 653 1090 704 tamen
1118 653 1258 723 armus,
1274 638 1418 706 diffiteor

351 740 680 828 nullus,veniamque
696 740 797 829 mgo)
807 788 818 822 ,
828 740 1001 830 diligenter
1018 743 1245 828 emendarem,
1257 748 1418 828 conjectu-

352 849 396 913 ris
414 865 485 912 tum
501 845 598 928 meis,
617 861 689 910 turn
708 845 847 911 aliorum
865 847 954 913 haud
972 850 1082 938 paucis
1099 849 1414 917 animadversionum

351 953 503 1044 sarragini
518 951 682 1018 immixtis.

396 1059 497 1143 Quod
518 1061 746 1139 Burmannus,
763 1058 812 1123 uti
831 1060 898 1142 jam
922 1061 1053 1126 Curtius
1078 1053 1254 1128 celebrarat
1274 1063 1309 1126 in
1327 1064 1415 1129 Actis

351 1167 506 1258 Lipsiens.
520 1168 721 1250 memoratis,
732 1168 902 1258 praeclarus
913 1169 1033 1234 exstitit
1041 1169 1159 1234 Valerii
1168 1169 1327 1260 interpres
1337 1171 1417 1234 muld

351 1275 391 1339 tis
407 1289 529 1338 naturae
544 1289 642 1364 atque
653 1272 845 1340 eruditionis
860 1273 1182 1364 praesidiisornatus,
1198 1274 1415 1364 (qttamquam
1442 1321 1445 1330 .

351 1381 411 1445 cel.
428 1379 604 1445 Ruhnken.
622 1380 656 1443 in
674 1379 863 1467 prelatione
877 1379 919 1446 ad
933 1381 1091 1448 Velleiutn
1111 1380 1318 1446 Paterculum
1338 1404 1415 1469 pro·

349 1487 496 1568 nuntiat,
510 1489 734 1552 Burmannurn
745 1487 897 1554 acumine
909 1487 1021 1554 criden
1035 1487 1144 1552 minus
1156 1487 1311 1572 valuisse,
1324 1509 1416 1554 eum·
1511 1503 1515 1510 '

349 1615 430 1680 que,
444 1591 472 1656 si
483 1613 596 1656 verum
612 1589 720 1656 dicere
734 1589 781 1656 fas
797 1607 862 1674 est,
876 1593 1043 1658 meliorem
1057 1592 1157 1656 inisse
1170 1593 1413 1682 grammaticum

351 1719 448 1784 quam
469 1698 636 1778 criticum,
655 1695 744 1761 haud
762 1717 936 1787 negamus3
952 1713 1060 1763 manen
1073 1697 1268 1763 verecundia
1283 1713 1316 1762 et
1331 1712 1413 1762 tem·

350 1803 496 1892 perantia
513 1801 622 1884 critica
640 1803 760 1867 multos
774 1803 852 1866 sicit
867 1803 900 1866 in
917 1802 1075 1868 mutando
1094 1818 1184 1868 textu
1200 1803 1296 1868 nimis
1313 1803 1413 1868 auda-

351 1931 421 1991 ces,
437 1903 623 1998 ingeniique
635 1887 805 1998 sagacitate
813 1925 870 1974 aut
880 1926 1009 1975 tumore
1020 1909 1129 1999 potius
1146 1905 1284 1973 nimium
1301 1909 1411 1990 elatos)

351 2015 436 2079 illius
449 2031 542 2080 notas
555 2015 676 2079 retinui
690 2015 845 2106 integras3
859 2015 1060 2103 reliquorum
1074 2031 1183 2079 autern
1200 2017 1413 2103 interpretum

350 2121 605 2201 observationes,
626 2138 731 2207 quum
756 2119 921 2184 interdum
939 2121 991 2184 vel
1013 2119 1143 2200 eadem,
1163 2120 1228 2183 sive
1255 2119 1344 2184 haud
1371 2120 1415 2183 ita

350 2228 491 2291 multum
514 2226 640 2291 diversa
661 2226 878 2314 scripsissent,
898 2226 950 2289 vel
974 2226 1094 2306 multa,
1115 2225 1241 2290 erudita
1262 2224 1415 2312 quidem,

349 2354 510 2420 quaerero
527 2331 697 2396 adsensus
715 2331 973 2418 perspicientiam
990 2331 1103 2418 saepius
1119 2345 1233 2420 parum
1252 2329 1415 2394 conduce-

347 2453 437 2518 rent,
452 2436 570 2527 largius
586 2423 827 2525 apposuissent,
840 2437 1013 2518 nimirum,
1028 2434 1210 2518 Carrionis,
1223 2435 1293 2516 Pii,
1308 2435 1413 2500 Mase-

348 2543 406 2623 rii,
420 2541 527 2625 Balbi,
543 2543 658 2624 Eulaei,
676 2541 901 2632 Zinzerliugii,
916 2542 1051 2607 Gerardi
1065 2542 1192 2624 Vossii,
1204 2541 1348 2624 Heinsii,
1362 2564 1413 2606 sa·

348 2648 506 2737 gacissimi
522 2648 598 2712 alias
613 2648 716 2712 critici
733 2663 765 2712 et
780 2647 957 2711 acutissimi
974 2647 1076 2710 nostri
1092 2662 1196 2735 poetae
1209 2647 1412 2736 interpretis,

348 2753 477 2817 Weitzii
497 2753 702 2840 aliorumque
719 2750 818 2817 modo
835 2752 994 2841 integras,
1018 2752 1119 2817 modo
1143 2767 1341 2834 contractas,
1357 2768 1413 2816 ant

348 2858 476 2923 illarum
495 2874 622 2924 tantum
640 2879 818 2939 summam,
834 2858 913 2922 meis
925 2857 1004 2921 rarii
1022 2857 1149 2946 generis
1165 2857 1415 2923 animadversio-

348 2964 445 3030 nibus
470 2964 644 3046 intextam,
659 2963 803 3045 reddidi3
817 2964 861 3027 ita
880 2980 1007 3044 umen,
1021 2979 1059 3026 ut
1077 2963 1174 3045 nihil,
1190 2963 1281 3051 quod
1298 2961 1340 3027 ad
1357 2985 1413 3028 ex·

346 3070 533 3161 plicandum
550 3071 726 3159 pertineret
741 3086 888 3159 poetam,
902 3069 1052 3134 consulto
1068 3067 1220 3134 delerem.
1234 3071 1304 3158 Ego
1317 3092 1412 3150 vero,

348 3179 505 3266 quoniam
515 3179 661 3243 virorum
674 3175 937 3241 doctissimorum
949 3175 1239 3238 commentationes
1251 3175 1338 3240 mole
1346 3175 1412 3254 jam

347 3283 412 3348 vidi
425 3284 589 3366 laborare,
605 3305 644 3347 eo
661 3281 788 3372 parcior
803 3281 870 3363 fui,
884 3301 1036 3367 measque
1052 3278 1344 3344 animadversiones
1359 3280 1412 3342 in·

346 3387 632 3477 terpretationibus
646 3387 847 3476 reliquorum
858 3385 909 3451 vel
922 3385 1092 3468 subjunxi,
1105 3385 1155 3449 tel
1168 3385 1330 3449 brevitatis
1342 3401 1411 3448 stu-

345 3493 412 3575 dio,
426 3495 627 3584 ubicumque
646 3492 857 3559 commodum
870 3492 1081 3558 fueritvisum
1091 3539 1100 3573 ,
1119 3491 1260 3573 inserui,
1277 3505 1334 3554 aut
1345 3505 1412 3554 tan·

346 3599 519 3666 tummodo
543 3601 634 3665 uncis
657 3600 782 3680 sejunxi
805 3624 823 3664 a
845 3600 978 3664 caeteris.
993 3599 1144 3664 Heinsius
1162 3596 1304 3685 denique
1322 3611 1355 3660 et
1376 3596 1411 3659 in

346 3707 549 3804 praefatique,
574 3723 605 3772 et
621 3707 656 3771 in
673 3709 776 3790 notis,
792 3708 957 3772 Erfurtani
972 3706 1139 3788 cujusdam
1153 3703 1292 3786 codicis,
1312 3726 1411 3792 quem

336 3831 414 3876 ¹non
434 3809 502 3897 unit
520 3812 593 3878 loco
609 3829 723 3878 testem
742 3813 928 3878 advocasset
943 3811 1107 3876 Piccartus
1126 3812 1160 3875 in
1178 3810 1304 3874 Critic'is
1321 3809 1410 3873 Peri·

346 3918 442 3999 culis,
452 3917 555 3998 injicit
566 3918 765 3983 mentionem
777 3919 790 4006 (
797 3917 880 3983 adde
892 3915 1029 3981 Fabricii
1040 3916 1120 3981 Ribl.
1131 3917 1219 3980 latin.
1231 3916 1274 3997 ΙΙ,
1284 3937 1315 4004 p.
1330 3913 1409 3995 254,

346 4023 398 4088 ed.
413 4024 593 4112 Ernestii):
611 4025 702 4088 illum
720 4041 829 4089 tamen
848 4046 914 4088 non
934 4013 1072 4112 amplius
1090 4021 1221 4109 reperiri
1237 4021 1271 4084 in
1290 4020 1409 4084 biblio·

346 4129 446 4194 thecis
468 4131 669 4212 Erfurtauis,
685 4131 831 4196 Herelius
849 4151 940 4194 meus
959 4151 1011 4193 me
1033 4149 1092 4215 per
1111 4127 1219 4192 literas
1242 4126 1317 4190 iecit
1339 4148 1410 4188 cer·

345 4251 472 4300 trorem.
