3192 5128
350 509 461 573 'xcvnr
557 503 746 575 NICOLAI
772 503 942 574 llElNSlI
967 499 1215 572 P-RAEFATIO.

234 699 242 716 ,
349 633 457 715 enim,
480 632 542 696 nisi
568 634 709 698 multum
738 635 945 716 temerarius,
971 633 1044 722 quis
1071 631 1281 713 asseveravit,
1305 650 1412 698 morte

344 741 546 827 praevebtum
563 739 715 805 Flaccum
731 762 914 830 supremam
930 739 1073 829 poemati
1098 761 1232 802 manum
1250 737 1340 803 haud
1354 738 1411 803 ad-

347 844 503 926 movisse,
524 845 656 932 quando
675 845 711 910 id
728 869 810 936 opus
826 848 932 936 longas
952 845 1051 910 aetatis
1074 844 1193 924 injuria
1208 844 1410 926 mutilantm,

348 965 385 1014 ut
402 971 492 1014 nunc
508 967 578 1033 cst,
597 951 638 1014 ad
662 973 723 1016 nos
739 952 846 1042 potuit
858 951 1037 1042 pervenire.
1053 951 1140 1016 Nam
1159 949 1249 1039 quod
1264 951 1411 1034 eQuiu·

346 1054 447 1119 tiliani
462 1055 567 1120 verbis
581 1054 623 1120 de
635 1077 674 1120 co
685 1056 802 1120 volunt
818 1055 950 1121 abunde
964 1069 1132 1137 constare,
1155 1077 1259 1144 quum
1278 1053 1412 1122 malm

346 1183 447 1248 nuper
467 1164 616 1227 amissum
640 1177 739 1227 ntorte
760 1163 884 1227 Valerii
905 1161 1017 1226 Flacci
1040 1176 1175 1228 testetur
1197 1162 1353 1226 Oratoriis
1376 1163 1411 1225 in

341 1261 623 1350 Institutionibus,
643 1291 776 1334 menon
791 1269 929 1351 habent,
940 1271 1053 1351 lateor,
1069 1268 1146 1333 huic
1162 1269 1329 1334 sententie
1342 1269 1411 1334 suf·

344 1373 546 1461 fragatorem.
569 1374 683 1440 Potuit
708 1374 796 1438 enim
824 1375 958 1438 Flaccus
984 1374 1054 1441 aliis
1083 1372 1310 1440 elucubrandis
1335 1391 1411 1463 post

343 1477 530 1544 confectum
545 1479 610 1544 hoc
625 1501 707 1568 opus
721 1479 925 1561 incubuisse,
939 1503 1010 1567 quse
1027 1479 1248 1562 Quintilianus
1263 1502 1411 1569 respexe-

343 1582 400 1665 rit,
419 1583 514 1648 nobis
531 1583 652 1672 ignota.
671 1585 740 1650 Etsi
756 1585 866 1674 potius
882 1601 949 1666 est,
963 1600 1002 1648 ut
1017 1584 1148 1650 taedium
1162 1585 1280 1650 laboris
1296 1585 1410 1650 subre-

342 1689 444 1777 psisse
454 1690 587 1764 librario
601 1690 748 1774 credam,
763 1715 805 1756 ne
823 1692 947 1781 reliqua
958 1689 1173 1774 describeret,
1189 1707 1247 1756 aut
1265 1691 1410 1756 codicem

343 1795 410 1860 sive
430 1796 569 1861 Gothica
592 1795 789 1886 direptione,
815 1799 882 1863 sive
907 1798 970 1863 elio
995 1817 1062 1886 quo
1088 1821 1165 1863 casu
1194 1796 1236 1862 ad
1263 1811 1411 1885 posteros

343 1901 530 1966 mutilatum
540 1923 609 1967 esse
623 1903 858 1969 transmissum.
873 1904 956 1987 Quoe
971 1902 1077 1968 clades
1099 1903 1309 1992 Papinianum
1327 1925 1411 1990 quo·

344 2029 409 2094 que
424 2007 601 2072 Achilleida
618 2025 651 2072 et
665 2011 807 2097 llaptum
826 2009 1027 2096 Proserpinae
1040 2008 1256 2072 Claudianum
1273 2007 1413 2097 graviter

343 2112 473 2178 videtur
496 2112 656 2178 alllixisse.
680 2117 775 2178 Certe
799 2115 833 2178 in
853 2115 982 2203 septimi
999 2130 1096 2202 atque
1113 2114 1216 2178 octavi
1232 2114 1306 2178 libri
1316 2113 1411 2179 Vale·

345 2219 429 2284 riani
442 2220 562 2284 ultimis
584 2220 658 2308 plus
675 2221 779 2284 multo
792 2220 985 2285 mendarum
998 2221 1160 2302 occurrit,
1178 2241 1276 2308 quam
1289 2220 1327 2284 in
1338 2219 1411 2282 reli·

345 2325 435 2413 quis;
458 2325 547 2389 unde
572 2324 612 2389 de
637 2325 806 2390 oscitantia
832 2325 953 2389 librarii
977 2349 1015 2390 ac
1037 2325 1233 2413 supinitate,
1256 2323 1412 2413 paulatim

347 2431 449 2519 magis
467 2453 505 2494 ac
522 2431 622 2520 magis
645 2429 748 2494 labori
768 2446 1008 2511 succrescente,
1026 2430 1180 2520 suspicari
1198 2430 1293 2494 nobis
1310 2428 1412 2493 daba-

344 2551 417 2618 tur3
435 2537 555 2625 quippe
577 2557 679 2624 quum
697 2559 758 2601 nec
776 2537 906 2626 Absyrti
927 2554 1083 2619 mortem,
1108 2559 1168 2601 nec
1182 2537 1252 2620 illa,
1269 2558 1341 2623 quae
1354 2537 1414 2599 Ar·

142 2635 146 2642 ’
251 2653 253 2657 ’
344 2643 525 2730 gonauticis
542 2642 657 2708 exinde
673 2645 839 2732 complura
857 2644 893 2706 iu
913 2643 1021 2707 reditu
1041 2643 1246 2733 obtigerunt,
1262 2656 1410 2722 enarret,

345 2749 519 2812 minimum
531 2749 641 2830 abest,
654 2751 734 2838 quin
748 2752 855 2839 operis
871 2750 971 2814 totius
990 2750 1138 2834 tertiam,
1158 2765 1306 2837 quartam
1325 2763 1411 2812 certe

343 2869 468 2940 partem
491 2845 669 2918 desiderari
686 2855 809 2942 opiner.
834 2857 928 2936 Vale,
946 2855 990 2920 rui
1010 2856 1130 2936 lector,
1154 2854 1310 2942 tantisper
1331 2852 1412 2918 dum

346 2957 496 3023 adnotata
517 2977 628 3024 nostra
643 2960 723 3040 juris
744 2959 824 3024 liant
837 2961 972 3048 publici.
