3196 5120
403 479 462 565 178
710 480 744 541 C.
770 479 964 542 VALERll
994 479 1168 542 FLACCl

438 611 520 671 hasta
543 612 657 680 Jasonis
678 609 832 669 advolante
854 611 1044 689 transfigitur,
1066 609 1210 678 aso-248.
1232 615 1296 670 Jam
1320 633 1391 672 vero
1412 617 1472 695 ipse

441 709 555 787 Jupiter
575 707 668 766 caedes
687 706 821 764 inhibet:
842 707 977 782 Cyziceni
992 707 1106 783 lugiunt
1121 705 1284 784 inurbem,
1304 729 1358 768 nec
1378 718 1473 790 Argo-

440 821 535 866 nautae
552 818 782 885 persequuntur;
801 805 890 864 immo
904 803 1068 882 conspectis
1083 803 1196 862 oriente
1213 806 1275 864 sole
1289 807 1372 866 urhis
1385 809 1472 868 modo

439 906 547 964 reliotae
563 902 709 974 turribus,
735 902 828 960 moesti
847 914 922 960 stant
941 901 996 979 ipsi
1015 914 1045 958 et
1065 899 1179 978 pudore
1197 902 1310 976 affecti,
1329 905 1359 963 in
1372 906 1471 983 primis

440 1007 542 1073 lason,
560 1001 611 1078 qui
628 999 705 1058 cives
718 999 816 1076 fugam
830 998 930 1057 sistere
945 1011 975 1056 et
988 997 1091 1056 funera
1102 1018 1205 1058 curare
1212 998 1310 1076 jubet,
1327 1005 1468 1077 alp-273.

439 1103 539 1158 Ruunt
555 1117 592 1155 ex
607 1096 680 1154 urbe
697 1108 831 1173 parentes
844 1107 873 1153 et
891 1093 1041 1171 conjuges,
1056 1093 1131 1152 filios
1145 1107 1174 1153 et
1190 1097 1308 1156 maritos
1330 1099 1469 1175 quaesitu-

439 1215 494 1266 rae3
513 1195 639 1253 lucrimae
656 1206 788 1265 manant,
803 1192 929 1249 maxime
945 1211 1017 1249 vero
1040 1190 1077 1248 ad
1096 1211 1192 1269 regem
1211 1193 1289 1252 inter
1305 1214 1395 1254 caesos
1409 1208 1470 1254 tan-

437 1292 503 1351 dem
519 1303 666 1370 repertum
681 1303 860 1348 concurrunt
872 1301 902 1346 et
915 1288 994 1346 cives
1009 1301 1039 1346 et
1050 1293 1233 1367 Argonautae.
1252 1295 1341 1356 lason
1357 1293 1469 1370 ample-

438 1389 527 1447 ctitur
540 1387 690 1446 liberalem
705 1385 868 1464 hospitem,
889 1406 978 1462 seque
993 1384 1127 1463 deplorat
1146 1385 1224 1464 ipse,
1244 1389 1292 1447 eui
1308 1402 1366 1447 tam
1381 1389 1469 1448 tristis

439 1505 501 1544 sors
517 1482 668 1555 acciderit,
682 1484 826 1555 ayt-313.
843 1482 978 1540 Accurrit
989 1481 1053 1559 ipsa
1066 1481 1145 1560 regia
1162 1484 1284 1560 conjux,
1298 1485 1400 1562 lugens
1412 1484 1467 1542 mi·

435 1602 532 1640 serum
543 1582 573 1639 in
589 1579 724 1652 modurn,
740 1579 883 1648 trs-331.
897 1583 1011 1638 Interea
1022 1578 1086 1657 rogi
1102 1593 1299 1653 exstruuntur,
1312 1598 1464 1655 ornantur,

437 1677 580 1736 cadavera
591 1677 790 1755 imponuntur,
803 1673 983 1747 decurritur;
996 1673 1115 1733 tandem
1129 1675 1205 1734 laces
1219 1675 1423 1754 admoventur,
1440 1699 1468 1743 et
1486 1709 1491 1718 ·

439 1774 574 1852 Cyziceni
588 1774 618 1831 in
636 1771 739 1832 urbem
754 1769 894 1840 redeunt,
910 1771 1056 1830 sta-361.
1072 1777 1263 1850 Argonautae,
1284 1776 1370 1834 etiam
1391 1797 1467 1839 nune

437 1873 544 1943 tristes,
557 1873 623 1944 iter,
635 1889 801 1949 quanquam
814 1868 979 1927 faventibus
989 1871 1096 1941 ventis,
1109 1871 1210 1929 timent
1220 1874 1366 1950 prosequi.
1379 1880 1466 1936 Jason

392 1998 397 2057 y
435 1967 522 2048 igitur
536 1987 675 2046 augurem
689 1966 813 2024 consulit
825 1971 978 2044 Mopsum,
994 1985 1060 2042 quae
1073 1987 1160 2026 eausa
1173 1981 1260 2027 tante
1275 1967 1364 2045 labis,
1380 1973 1464 2050 quid-

435 2087 491 2144 que
512 2085 602 2145 porro
625 2063 788 2122 laciendum
804 2063 858 2134 sit,
880 2063 1018 2136 362-376.
1043 2058 1098 2122 tric
1118 2083 1185 2123 eum
1205 2065 1320 2138 edocet,
1343 2069 1463 2129 multum

436 2165 590 2232 interesse,
607 2162 736 2219 seiensne
757 2173 787 2218 et
804 2158 933 2238 prudens
953 2160 1034 2238 quis,
1052 2180 1089 2218 an
1110 2160 1217 2219 inscius
1235 2162 1344 2221 eaedem
1359 2185 1465 2246 perpe-

438 2259 558 2318 traverit
569 2281 575 2314 :
588 2257 784 2316 voluntarium
795 2255 970 2338 homicidam
978 2300 986 2329 ,
995 2257 1130 2335 persequi
1141 2276 1239 2316 manes
1251 2259 1465 2322 interfectorum

437 2373 467 2417 et
486 2357 592 2428 lurias3
606 2353 835 2434 imprudentem,
853 2374 934 2412 suam
953 2353 1092 2432 cujusque
1113 2356 1332 2430 conscientium
1352 2361 1463 2438 culpam

437 2471 532 2514 tamen
546 2453 657 2531 expiari
673 2471 768 2530 posse.
789 2456 806 2510 J
808 2449 878 2514 ubet
892 2451 980 2530 igitur
990 2455 1128 2510 Jasonem
1143 2451 1251 2512 hostias
1265 2472 1384 2532 parare,
1397 2455 1463 2514 dum

435 2553 497 2631 ipse
513 2564 653 2608 nocturna
668 2568 749 2608 sacra
759 2562 892 2628 peragat,
910 2549 1054 2624 377-429.
1070 2551 1145 2608 Orto
1157 2549 1218 2608 sole
1230 2549 1361 2610 victimas
1372 2552 1464 2610 addu-

435 2663 505 2707 cunt
524 2652 612 2706 Jason
633 2661 663 2704 et
680 2649 875 2723 Argonautae,
894 2663 966 2722 quas
980 2663 1073 2724 augur
1085 2645 1197 2704 lustrat.
1219 2652 1248 2706 ls
1262 2646 1317 2705 diis
1330 2647 1464 2707 Manibus

434 2745 553 2803 inferias
569 2744 645 2814 lert,
660 2761 768 2819 eosque
785 2723 935 2820 precatur,
952 2753 985 2798 ut
998 2741 1093 2799 nolint
1108 2759 1249 2800 memores
1266 2743 1390 2821 amplius
1404 2765 1463 2803 esse

433 2842 499 2912 irae,
520 2838 662 2908 tio-458.
685 2837 738 2896 His
761 2835 895 2894 omnibus
909 2833 1055 2914 peractis,
1069 2835 1268 2896 conscendunt
1286 2858 1406 2911 navem,
1422 2859 1463 2898 re·

434 2955 554 3014 mosque
576 2935 705 2994 certatim
729 2933 898 3011 impelluut3
917 2933 1059 2991 Hercules
1081 2947 1198 3006 autem,
1219 2934 1307 2992 nimia
1329 2935 1359 2993 vi
1380 2956 1461 3009 usus,

435 3053 513 3092 remo
529 3032 658 3090 defracto
672 3031 793 3109 supinus
809 3028 901 3102 eadit,
914 3042 943 3087 et
959 3029 1109 3108 proximos
1125 3045 1192 3109 post
1208 3051 1238 3089 se
1252 3031 1385 3091 sedentes
1397 3053 1462 3111 pru-

432 3131 543 3190 sternit.
558 3127 645 3204 Quod
656 3127 793 3185 damnum
805 3139 838 3185 ut
851 3127 992 3184 resarcire
1008 3129 1100 3206 possit
1111 3129 1267 3199 Hercules,
1284 3125 1462 3207 gubernator

434 3227 469 3286 ad
489 3229 576 3285 litora
597 3225 698 3302 Mysiae
716 3222 853 3302 appellit,
874 3223 1016 3282 Hercules
1030 3239 1126 3282 erstem
1142 3225 1247 3283 comite
1262 3225 1338 3302 Hyla
1354 3243 1460 3284 novum

432 3323 488 3383 sihi
508 3342 619 3382 remum
639 3331 792 3398 paraturus
812 3319 842 3377 in
865 3333 977 3377 montes
996 3317 1075 3392 abit,
1097 3319 1235 3398 459486.
1259 3325 1321 3381 Hac
1342 3323 1461 3382 Herculi

431 3440 506 3498 aegre
530 3415 653 3477 faciendi
676 3415 894 3495 opportunitate
917 3435 1006 3474 usura
1028 3421 1124 3492 luno,
1138 3419 1265 3496 primum
1279 3420 1459 3492 Minervam,

431 3518 564 3576 Herculis
584 3535 729 3586 sororem,
751 3512 820 3571 dolo
842 3525 973 3585 amovet,
990 3511 1096 3574 deinde
1118 3534 1135 3572 e
1154 3517 1315 3594 conspectis
1335 3517 1365 3575 in
1387 3519 1459 3577 silva

429 3613 572 3691 Nymphis
582 3607 755 3668 venantibus
766 3612 1031 3688 unam,Dryopcn‚
1046 3623 1176 3669 sevocat:
1186 3611 1339 3688 juvenem,
1351 3613 1459 3690 inquit,

430 3709 481 3769 tibi
500 3707 658 3779 destinari,
675 3727 728 3764 nec
744 3706 873 3777 Baccho,
897 3727 950 3764 nec
966 3707 1096 3786 Apollini
1113 3708 1331 3786 pulchritudine
1349 3709 1458 3769 ceden-

429 3823 500 3882 tem,
516 3808 566 3884 qui
582 3809 611 3862 in
627 3804 681 3862 hac
697 3804 760 3883 ipsa
775 3805 847 3863 silva
862 3818 1003 3875 renatum
1022 3805 1067 3864 lac
1080 3805 1184 3885 igitur,
1210 3806 1291 3885 quod
1308 3821 1389 3866 tuum
1405 3820 1456 3865 est.

428 3911 543 3962 Interea
557 3921 676 3959 cervum
691 3900 808 3959 suscitat
827 3905 923 3972 Juno;
940 3921 1025 3978 quem
1045 3921 1135 3979 quum
1153 3904 1260 3981 Hylas,
1278 3905 1343 3982 ipso
1357 3904 1457 3981 procul

426 4000 599 4059 adhortante
616 3999 755 4070 Hercule,
773 3999 958 4076 persequitur
971 3997 1119 4076 cupidius,
1136 3998 1172 4058 ad
1186 4001 1307 4059 fluvium
1321 3999 1458 4080 perduci-

427 4112 483 4171 tur,
501 4115 588 4174 quem
603 4116 662 4154 uno
677 4095 784 4174 trajicit
804 4096 879 4154 saltu
895 4115 1007 4154 cervus.
1024 4097 1114 4175 Hylas
1130 4117 1182 4176 spe
1195 4097 1306 4170 elusus,
1325 4113 1358 4156 ut
1374 4117 1405 4156 se
1421 4095 1458 4156 ab

421 4207 490 4253 testu
511 4193 675 4270 refrigeret,
690 4190 726 4250 ad
746 4191 879 4250 eumdem
898 4193 1017 4250 iltrvium
1032 4191 1213 4271 procumbit,
1230 4194 1279 4253 sed
1295 4193 1459 4274 sNympha
