3198 5106
372 550 634 624 PRAEFATIO
655 553 915 624 SECUNDA.
1044 575 1176 622 cuxxnr

108 683 185 746 dam
195 730 205 764 ,
216 684 275 770 qui
292 705 310 746 e
325 681 430 747 Gallia
443 699 476 747 et
489 683 603 772 Anglia
618 681 739 765 redux,
752 683 794 748 ad
808 705 860 748 me
873 683 1048 764 invisebat,
1062 699 1096 746 et
1111 705 1177 746 ma·

9 754 11 850 l
108 790 227 880 gnifice
247 789 476 878 promittebat,
494 813 529 854 se
552 813 672 880 corpus
688 791 978 881 Argonauticorum
1002 789 1176 853 Poetarum

9 889 10 894 ¹
107 895 297 977 editurum,
313 894 371 959 sed
382 895 423 959 ab
436 917 476 959 eo
489 911 636 983 tempore
644 891 819 984 (effluxisse
830 896 897 958 fere
905 894 1019 984 viginti
1031 894 1176 982 quinque

107 1019 143 1066 et
154 1003 238 1066 forte
249 1001 359 1090 plures
373 1023 476 1066 annos
488 1000 590 1090 puto)
602 1002 683 1073 nibil
695 1025 755 1066 nec
768 1001 970 1083 dehomine,
983 1023 1044 1065 nee
1056 1000 1097 1066 de
1107 1000 1176 1080 ejus

108 1108 237 1196 scriptis
264 1106 427 1189 inaudivi,
449 1129 556 1195 neque
577 1107 616 1171 in
638 1107 908 1196 Ephemeridibus
926 1122 983 1183 aut
1000 1107 1077 1171 actis
1100 1126 1176 1170 eru·

109 1213 258 1278 ditatum
272 1214 341 1295 ejus
355 1213 556 1290 mentionem
570 1215 669 1278 ullam
685 1213 755 1278 lieri
766 1215 881 1303 reperi.
892 1213 1002 1297 Quare
1014 1213 1099 1277 forte
1110 1213 1175 1276 cla·

111 1343 166 1384 rus
185 1319 354 1385 Fabricius
369 1341 430 1408 pro
445 1321 531 1385 facto
543 1320 684 1410 aceepit,
697 1319 786 1409 quod
800 1341 980 1408 numquam
997 1318 1175 1407 praestitum

111 1427 185 1490 fuit.

150 1530 217 1596 Sed
229 1532 296 1612 jam
318 1547 351 1596 te
367 1531 502 1599 verbosa
519 1533 595 1598 satis
617 1551 651 1599 et
672 1535 767 1624 longa
786 1533 973 1622 praefatione
990 1546 1174 1610 moratum,

111 1639 222 1718 lector,
242 1659 295 1702 me
321 1659 391 1702 esse
408 1661 546 1706 vereor:
574 1639 721 1704 nondum
748 1656 856 1705 tamen
881 1638 922 1704 ad
945 1653 1047 1728 poetae
1074 1635 1174 1724 ipsius

111 1744 284 1808 lectionem
305 1766 478 1833 properare
505 1744 584 1812 utile
616 1745 731 1810 studiis
756 1745 820 1810 tuis
849 1744 965 1826 credo,
995 1743 1058 1807 nisi
1081 1758 1176 1805 antea

111 1851 196 1938 ipsos
219 1849 353 1930 heroas,
368 1850 426 1938 qui
444 1850 681 1939 expeditionem
706 1852 789 1916 hanc
806 1864 1034 1939 susceperunt,
1051 1868 1175 1935 cogno-

110 1955 203 2020 veris.
240 1955 284 2019 Et
311 1955 386 2019 licet
409 1955 501 2026 facile
529 1957 639 2021 labore
670 1980 726 2022 eos
754 1955 942 2024 recensendi
966 1951 1175 2044 supersedere

111 2060 308 2147 potuissem,
326 2059 420 2123 etad
440 2059 694 2150 mythographos
716 2077 856 2142 veteres,
872 2061 931 2148 qui
952 2081 1065 2124 eorum
1090 2073 1174 2122 cata·

112 2166 222 2254 logum
245 2164 431 2246 continuere,
454 2165 617 2229 remittere
631 2166 796 2248 licuisset3
824 2166 999 2230 molestum
1013 2179 1122 2228 tamen
1141 2178 1174 2226 et

113 2269 194 2334 taedii
213 2269 348 2357 plenum
365 2270 603 2358 huncquoque
620 2271 764 2335 laborem
780 2295 846 2335 non
866 2269 1055 2359 subterfugi.
1075 2266 1174 2332 Vide·

112 2375 183 2440 bam
198 2376 288 2440 enim
303 2374 499 2439 editionibus
515 2376 696 2456 Carrionis,
707 2393 739 2442 et
747 2376 854 2442 Alardi
866 2376 1002 2466 adjungi*
1011 2379 1175 2464 Argonau-

112 2499 217 2546 tarum
237 2481 418 2570 catalogum
436 2503 476 2545 ex
495 2481 645 2572 Orpheo,
673 2485 847 2571 Apollonio
868 2499 900 2548 et
914 2483 1042 2546 Valerio
1060 2479 1173 2545 Flacco

111 2587 362 2669 concinnatum,
384 2609 482 2674 quem
505 2603 539 2651 et
563 2610 603 2652 ex
623 2589 753 2652 Pindari
776 2589 872 2677 Pyth'.
891 2575 953 2670 lv}
967 2586 1086 2675 Hygini
1103 2607 1171 2672 cap.

113 2692 198 2774 xlv,
211 2709 245 2756 et
255 2691 348 2756 Statii
356 2692 460 2757 Theb.
473 2693 529 2756 lib.
539 2693 579 2774 V,
599 2709 633 2757 et
644 2693 773 2758 Senecae
786 2692 902 2758 Medea
912 2694 946 2757 in
957 2693 1058 2756 choro
1075 2691 1173 2754 Actus

112 2797 179 2880 111,
195 2814 230 2861 et
245 2797 313 2862 aliis
326 2797 487 2862 veteribus
503 2797 661 2861 illustrare
674 2799 866 2886 potuissent.
883 2799 1062 2862 Simeonem
1076 2796 1171 2859 etiam
1296 2870 1303 2880 .

113 2904 144 2968 in
163 2903 320 2967 Chronici
335 2902 386 2966 sui
401 2919 492 2992 parte
508 2903 552 2982 ΙΙ,
570 2925 641 2991 pag.
665 2901 717 2983 33,
736 2926 776 2966 ex
797 2903 987 2991 Apollonio,
1009 2917 1044 2966 et
1054 2900 1172 2965 Thom.

114 3008 260 3073 Galleum
275 3009 309 3072 in
324 3009 410 3072 notis
426 3007 466 3073 ad
481 3006 671 3096 Apollodori
685 3007 839 3074 biblioth.
848 3033 920 3099 pag.
931 3010 990 3090 26,
1003 3005 1173 3095 Apollonio

113 3131 309 3179 memoratos
332 3115 547 3196 recensuisse,
570 3131 603 3180 et
619 3116 797 3203 praeteritos
813 3114 1014 3205 Apollodoro
1029 3129 1172 3192 notasse,

114 3221 261 3284 sciebam.
276 3219 340 3285 Sed
351 3220 431 3284 dum
448 3220 509 3285 hos
523 3243 637 3285 omnes
650 3223 811 3312 catalogos
824 3223 909 3286 inter
922 3243 958 3285 se
973 3233 1172 3307 comparatos

114 3324 294 3413 perpendo,
311 3324 421 3389 subito
440 3325 596 3413 impetum
614 3327 702 3415 cepi,
718 3327 947 3392 accuratiorem
966 3349 1006 3390 ex
1021 3323 1173 3389 omnibus

114 3431 161 3495 bis
176 3448 210 3496 et
225 3431 294 3496 aliis
312 3431 522 3518 scriptoribus
545 3430 756 3515 conficiendi,
773 3435 947 3522 statimque
968 3432 1122 3497 fabulosis
1142 3447 1175 3496 et

114 3537 321 3602 tenebricosis
350 3537 564 3624 antiquissimi
587 3539 645 3602 aevi
669 3539 810 3603 tenebris
837 3540 878 3604 ita
905 3562 961 3603 me
984 3539 1173 3603 immersum

26 3685 31 3698 ·
114 3643 215 3724 sensi,
237 3658 276 3706 nt
302 3643 355 3705 vix
375 3643 407 3705 in
431 3643 537 3706 lucem
558 3643 744 3732 emergendi
770 3666 860 3732 spem
885 3645 1036 3710 viderem.
1058 3643 1173 3732 Neque

113 3749 197 3814 enim
212 3750 248 3812 in
262 3748 410 3814 aetatibus
422 3749 681 3838 Argonautarum
700 3751 799 3815 ullam
813 3751 970 3815 rationem
985 3768 1169 3840 temporum

113 3869 276 3934 constare,
295 3875 403 3941 neque
418 3853 451 3916 in
469 3855 568 3942 stirpe
583 3871 616 3919 et
631 3871 800 3920 stemmate
816 3855 1007 3922 deducendo
1024 3857 1171 3922 ordinem

114 3962 218 4050 ipsum
237 3978 360 4026 naturae
375 3975 558 4051 congruere¹
569 3961 736 4027 videbam:
751 3984 825 4027 nam
842 3967 875 4028 et
891 3963 969 4028 huic
981 3963 1101 4029 militiae
1114 3964 1172 4028 ad·

113 4067 207 4131 scribi
214 4066 365 4132 videbam
373 4066 634 4156 heroas,quiper
641 4085 764 4134 naturae
775 4070 859 4158 leges
868 4086 901 4134 et
910 4069 1057 4134 ordinem
1068 4070 1124 4135 fati
1134 4093 1173 4133 eo

114 4195 216 4260 usque
234 4173 333 4237 vitam
350 4171 515 4236 extrahere
532 4195 599 4237 non
616 4189 769 4261 potuere,
795 4189 833 4239 ut
849 4174 917 4246 aliis
938 4175 979 4239 ab
997 4176 1057 4240 hac
1078 4197 1172 4262 expe-

114 4275 235 4353 ditione
249 4278 382 4342 remotis
399 4277 536 4342 heroum
558 4279 676 4344 militiis
695 4280 827 4346 nomina
842 4281 966 4346 dedisse
982 4281 1103 4346 narrari
1116 4279 1174 4345 de·
