3226 5114
378 520 440 607 298
680 520 715 581 C.
740 519 936 583 VALERII
965 521 1136 585 FLACCI

418 653 516 715 Ferre
531 653 656 739 fugam,
674 650 773 714 maria
791 666 997 733 autentum,
1015 653 1114 716 maria
1128 652 1197 740 ipsa
1212 670 1349 742 repente

419 765 605 856 Diffugere,
621 764 838 853 adversosque
854 765 966 830 vident
981 767 1147 832 discedere
1164 783 1309 850 montes;
1408 787 1448 830 uu

422 881 582 946 Omnibus
599 897 632 945 et
647 879 751 969 gelida
763 881 846 970 rapti
861 881 1038 947 formidine
1056 882 1147 948 remi.

418 998 562 1084 ipseper
577 1018 666 1058 arma
680 995 810 1076 volans,
827 1011 860 1060 et
875 1017 935 1083 per
947 995 1025 1084 juga
1044 1019 1173 1062 summa
1190 998 1306 1062 carinae

421 1103 592 1178 Hortatur,
608 1103 809 1191 supplexque
825 1124 943 1168 manus
961 1102 1101 1168 intendit
1117 1105 1234 1184 Iason,

419 1216 562 1280 Nomine
571 1238 735 1303 quemque
744 1239 911 1304 premens:
921 1248 933 1272 «
943 1216 1007 1282 Ubi
1023 1241 1112 1282 nuno
1122 1217 1282 1306 promissa
1291 1220 1451 1307 superba,

420 1332 639 1421 Ingentesque
655 1331 769 1414 minas,
784 1355 914 1396 meeum
930 1331 1051 1420 (sufibus
1067 1333 1128 1398 ista
1144 1333 1300 1420 sequuti?
1407 1351 1447 1389 ⁵⁵0

419 1445 512 1510 Idem
527 1445 653 1510 animos
667 1446 780 1534 Amyci
794 1449 863 1512 viso
882 1448 981 1512 timor
996 1449 1151 1514 omnibus
1168 1465 1263 1514 antro

422 1561 621 1644 Pereulerat3
637 1563 785 1628 stetimus
804 1579 932 1645 tamen,
943 1579 977 1628 et
992 1563 1073 1630 deus
1089 1563 1194 1628 adfuit
1207 1566 1306 1628 ausis.

422 1677 512 1758 Quin
526 1677 645 1740 iterum
659 1676 746 1744 idem
765 1676 885 1759 aderit,
895 1677 1015 1760 credo,
1030 1678 1141 1744 deusu.
1157 1680 1233 1743 Haec
1247 1679 1305 1744 ubi
1317 1681 1419 1760 fatus,

421 1791 562 1878 Corripit
577 1791 693 1873 abjecti
709 1814 903 1880 remumque
919 1794 1097 1881 locumque
1111 1793 1257 1876 Phaleri,

420 1907 462 1969 Et
475 1905 591 1985 trahit3
610 1907 794 1994 insequitur
812 1905 975 1972 flarnmata
990 1907 1116 1997 pudore
1131 1909 1299 1989 juventus.
1409 1931 1449 1970 sss

421 2021 517 2086 Unda
533 2022 715 2088 laborantes
731 2045 873 2112 praeceps
891 2039 993 2104 rotat,
1009 2047 1047 2088 ac
1059 2023 1137 2112 fuga
1153 2025 1247 2112 ponti

422 2137 544 2219 Obvia3
563 2138 741 2203 miscentur
758 2160 872 2225 rupes,
889 2137 1021 2224 jamque
1038 2159 1169 2224 aequore
1189 2153 1260 2202 toto

408 2351 463 2404 645.
483 2350 592 2412 Defigere.
601 2347 675 2394 Vatia.
684 2357 708 2393 et
716 2349 805 2394 Bnnou.
814 2347 884 2394 codd.
893 2348 934 2394 ubi
943 2347 973 2396 de
982 2348 1053 2409 plano
1064 2347 1188 2409 D'ffigere
1201 2349 1258 2410 legit
1272 2347 1333 2395 Pius.
1344 2375 1375 2384 -
1385 2349 1450 2410 Deje'·

379 2445 437 2474 cere.
453 2429 543 2473 bonon.
560 2429 611 2474 [et
627 2428 658 2473 11.
683 2425 801 2489 Diq'ieere.
823 2429 886 2473 iant.
904 2427 990 2474 Meter.
1011 2426 1065 2473 Ale.
1087 2429 1186 2489 fingent.
1203 2428 1353 2474 uenerem.
1372 2427 1448 2474 Codd.

331 2529 333 2540 =
379 2519 404 2555 et
416 2507 470 2555 edd.
483 2518 537 2554 ente
548 2507 628 2554 lleine.
640 2507 686 2553 Sed
698 2507 838 2568 jampridem
846 2507 963 2554 discedere
973 2507 1109 2554 Sabellicus.
1121 2533 1150 2544 -
1159 2507 1214 2557 651.
1225 2507 1290 2554 Idem
1299 2511 1384 2570 Amyci
1391 2519 1447 2554 uerte

379 2589 431 2633 vieo
441 2597 457 2634 t.
467 2586 541 2634 Vade.
554 2595 577 2632 et
585 2587 675 2632 Bonod.
685 2586 755 2632 codd.
769 2588 859 2633 Bonon.
871 2587 901 2632 11.
914 2587 979 2632 Cur.
994 2586 1058 2633 Idem
1070 2588 1160 2632 animus
1169 2595 1228 2632 certe
1238 2589 1289 2632 uisu
1300 2597 1316 2633 t.
1328 2589 1418 2634 Buuon.
1429 2587 1447 2632 1.

380 2671 447 2713 iant.
457 2667 542 2713 Meser.
552 2667 650 2728 Eugent.
663 2667 706 2712 En.

377 2860 468 2924 spectet
479 2871 592 2924 repnte,
611 2854 658 2908 sed
670 2856 818 2927 tautologia
833 2874 888 2908 ma·
970 2859 1449 2926 647.1pse1ueuuperumu.arma·

379 2935 467 2988 culum
481 2935 541 2988 voci
555 2936 677 3004 diffingere
690 2934 733 2987 rix
745 2935 889 3005 abstergas.
935 2946 1038 2999 menta,
1048 2947 1174 2999 transtra,
1188 2940 1292 2997 volans,
1304 2951 1329 2988 et
1335 2957 1383 3005 per
1385 2940 1451 3006 juge

379 3015 461 3088 Cujus
474 3014 532 3067 looo
546 3015 585 3078 si,
605 3014 678 3086 quod
697 3013 819 3068 nonnulli
833 3032 892 3066 eue-
935 3033 1030 3066 summ
1042 3018 1150 3075 euriuce,
1169 3034 1230 3066 mox
1246 3034 1374 3086 proram,
1390 3035 1450 3067 mox

379 3105 485 3157 serunt,
496 3097 620 3163 disjicere,
634 3093 694 3155 vel,
704 3091 777 3165 quod
786 3111 836 3164 ego
845 3092 893 3146 ali·
936 3094 1054 3166 puppim,
1061 3098 1171 3146 tumtur
1176 3099 1279 3163 supplex
1284 3096 1372 3164 (vm,
1380 3095 1449 3162 285).

379 3171 487 3244 quando
500 3173 645 3246 opinabar,
665 3174 776 3246 diffluere
793 3191 891 3244 ponas.
940 3177 1039 3226 uoudue
1056 3193 1174 3242 quemque
1181 3195 1309 3243 premens,
1326 3194 1434 3246 urgens.

379 3253 417 3304 nil
427 3272 586 3325 magnopere
596 3251 739 3324 proficiat,
755 3263 892 3324 totumque
971 3257 1033 3320 649.
1052 3257 1096 3304 uti
1106 3274 1171 3306 urere
1191 3257 1312 3321 promissa
1333 3257 1449 3322 saperda,

377 3332 467 3385 locum
478 3333 506 3386 in
522 3333 553 3386 iis
569 3330 722 3386 habendum
735 3343 815 3403 puto,
829 3331 890 3394 cui,
935 3337 1093 3403 ingentesque
1102 3337 1191 3386 miuae:
1204 3334 1274 3386 bono
1285 3332 1315 3386 b.
1329 3333 1349 3386 l.
1363 3352 1450 3393 seusu.

379 3412 499 3475 utialiis,
516 3424 610 3482 poeta,
626 3410 756 3465 eidiutius
769 3411 891 3476 vixisset,
937 3411 975 3464 uti
993 3412 1065 3485 apud
1088 3413 1181 3466 Horat.
1200 3413 1285 3466 Serm.
1304 3414 1349 3475 Π,
1367 3414 1400 3477 3,
1416 3429 1450 3478 9:

378 3489 585 3543 emendatricem
598 3509 707 3542 manum
726 3489 892 3544 adhibiturus
936 3496 1018 3544 wdms
1030 3497 1107 3544 muta
1120 3507 1144 3544 et
1150 3497 1278 3562 praedam
1290 3494 1417 3545 minantis.

380 3570 495 3638 suisset),
506 3575 682 3637 aduersmque,
692 3588 759 3640 quos
766 3581 893 3624 anteocu·
972 3572 1033 3634 654.
1051 3575 1152 3641 compte
1163 3575 1253 3642 abjecti
1259 3609 1267 3634 ‚
1274 3571 1406 3642 paulisper
1414 3590 1454 3627 re«.

380 3649 419 3702 ior
426 3651 483 3721 jam
492 3649 641 3712 habebant,
655 3652 780 3702 discedere
788 3665 892 3702 montes.
937 3651 1020 3713 moti,
1040 3669 1147 3722 surgere
1162 3651 1228 3724 jussi
1242 3689 1251 3716 ,
1264 3670 1404 3718 remumque
1417 3655 1453 3702 le-

382 3759 417 3770 -
430 3728 473 3780 Nil
487 3728 614 3782 vitiosum
627 3729 655 3780 b.
669 3729 687 3780 l.
699 3729 750 3782 nisi
761 3729 893 3797 Wagneri
937 3749 1041 3799 eumque
1051 3735 1158 3784 Phaleri.

381 3807 642 3878 interpunctio;ride
654 3819 742 3861 autem
751 3808 785 3862 ad
793 3809 893 3862 calcem
972 3810 1033 3863 656.
1051 3815 1123 3862 Unda
1138 3814 1278 3864 laborantes
1292 3828 1401 3878 pmeeps
1415 3827 1454 3858 ru-

383 3886 534 3959 hujuslibri
544 3900 599 3940 not.
613 3889 675 3952 643.
688 3887 741 3941 En.
937 3904 985 3950 tat,
997 3911 1027 3940 uu
1035 3892 1106 3958 firgo
1114 3893 1188 3959 ponti
1197 3893 1286 3952 Obvia,
1298 3905 1455 3960 quanquam

416 3969 478 4030 646.
488 3969 602 4018 Omnibus
611 3982 635 4019 et
644 3970 731 4036 gelida
744 3971 808 4034 rapti
815 4005 823 4028 ,
836 3985 893 4020 ma·
937 3987 1029 4022 omnes
1037 3969 1105 4023 vires
1115 3967 1299 4033 intenderent,
1311 3967 1451 4022 vehemen-

381 4045 461 4098 uibus
478 4045 642 4105 exciderunt.
656 4047 795 4115 forruidine
816 4051 877 4099 remi
884 4070 895 4110 ,·
941 4049 977 4101 tia
987 4060 1077 4102 tamen
1087 4061 1148 4104 ente
1158 4069 1203 4112 ee,
1217 4048 1453 4120 cyanmversusr

335 4145 339 4163 ·
382 4123 896 4197 Apollon.11‚577,eebed’stdureeixu
942 4127 1064 4199 fugientis
1083 4129 1213 4201 equoris,
1238 4127 1314 4198 quasi
1337 4126 1452 4184 vertier,

381 4207 484 4276 τρόμος·
497 4204 648 4276 oppositum
666 4206 754 4268 infra,
777 4207 842 4274 673,
861 4228 897 4258 re·
942 4207 1119 4277 abripiuntur.

381 4286 448 4335 diere
459 4287 521 4335 uiris
532 4303 629 4336 ruunus.
977 4287 1036 4361 657.
1055 4289 1114 4342 Jmu
1131 4306 1194 4342 veru
1212 4290 1358 4346 miscentur,
1378 4283 1454 4338 colli·
