3196 5120
382 484 441 560 142
682 477 719 543 G.
745 476 943 541 VALERll
971 473 1147 540 FLACCI

420 615 497 680 Non
514 611 607 689 tulit,
624 609 694 698 ipse
709 608 771 672 rati
789 607 962 700 invigilans
975 623 1073 695 atque
1091 607 1218 695 integer
1235 606 1345 689 urbis3

423 724 580 793 Invidisse
597 722 676 788 deos
693 737 823 786 tantum
837 722 934 786 maris
952 742 1065 809 sequor
1083 719 1204 784 adortis
1413 746 1449 799 ³7⁵

421 844 638 926 Desertasque
656 837 794 919 domos,
813 835 1026 923 fraudataque
1042 851 1189 924 tempore
1204 837 1295 926 segni

421 958 506 1021 Vota
523 969 662 1044 patrum.
681 951 772 1035 Quid
791 968 824 1016 et
839 952 908 1040 ipsc
923 951 1001 1014 viris
1018 949 1247 1016 cunctantibus
1260 951 1364 1016 adsit?

423 1073 477 1136 «Ο
495 1069 620 1151 miseri,
634 1069 833 1157 quicumque
848 1067 912 1130 tuis
925 1067 1118 1130 accessimus
1135 1066 1230 1130 actis!

422 1184 543 1250 Phasin
559 1199 593 1248 ct
609 1182 744 1264 AEeten,
759 1181 961 1269 scythicique
976 1180 1118 1269 pericula
1138 1180 1234 1268 ponti

422 1299 535 1365 Redde
545 1309 558 1381 ‚'
568 1299 628 1380 ait,
642 1295 816 1377 AEsonidc3
832 1317 885 1360 me
898 1312 1007 1360 tecum
1026 1295 1114 1360 solus
1129 1295 1163 1358 in
1180 1318 1293 1383 aequor
1412 1317 1447 1357 sn

421 1418 544 1480 Rerum
557 1413 654 1476 traxit
667 1434 775 1492 amor,
789 1410 869 1476 dum
883 1433 955 1498 spes
970 1410 1051 1474 mihi
1067 1410 1179 1475 sistere
1195 1427 1323 1474 montes

422 1533 590 1619 Cyaneos,
604 1528 799 1617 vigilemque
813 1527 912 1591 alium
926 1526 1064 1614 spoliare
1082 1525 1268 1592 draconem.

423 1645 457 1711 si
477 1643 568 1708 sedet
581 1642 683 1732 AEgaei
703 1641 854 1730 scopulos
871 1641 1018 1706 babitare
1032 1639 1206 1730 profundi,

423 1761 496 1825 Hoc
509 1780 638 1824 mecum
651 1757 809 1822 Telamon
822 1772 954 1846 peraget
966 1779 1090 1822 meus.»
1100 1758 1177 1822 Haec
1190 1755 1248 1820 ubi
1262 1755 1362 1837 dicta,
1463 1752 1467 1766 ¹

360 1875 367 1889 ²
423 1871 521 1938 Haud
533 1894 627 1938 secus
641 1869 816 1936 AEsonides
830 1870 964 1936 monitis
978 1893 1132 1940 accensus
1146 1871 1273 1953 amatis,
1369 1923 1372 1930 .
1413 1893 1447 1931 sss

424 1989 531 2072 Quam
552 1988 690 2054 bellator
707 2009 832 2074 equus,
845 1988 943 2077 longa
957 2011 1056 2075 quem
1074 1987 1192 2077 frigida
1207 2011 1285 2078 pace

421 2107 520 2169 Terra
530 2104 636 2185 juvat,
648 2102 754 2168 brevis
768 2103 802 2166 in
817 2103 912 2168 laevos
929 2103 1022 2192 piger
1036 2105 1167 2194 angitur
1180 2104 1292 2169 orbes:

410 2317 463 2377 37¹7.
476 2313 551 2376 Quod.
562 2311 600 2358 Sic
611 2314 701 2358 Boron
714 2312 745 2357 ll.
755 2313 840 2356 Mater.
852 2310 906 2357 Ald.
917 2309 1013 2371 quidem
1022 2309 1092 2357 codd.
1102 2319 1126 2356 et
1135 2309 1186 2356 elin
1197 2309 1252 2356 edd.
1263 2311 1306 2356 En.

381 2506 434 2572 ipse
458 2501 507 2550 rati
527 2499 675 2566 invigilans,
698 2507 773 2562 atque
799 2497 894 2562 integer
938 2493 1068 2566 temptim)
1086 2497 1195 2546 habitere
1209 2499 1302 2561 matis,
1316 2499 1375 2556 lece,
1394 2495 1447 2548 vel·

379 2584 456 2640 urbis,
472 2578 570 2630 urbem
580 2593 633 2627 non
645 2575 803 2636 intraverat,
817 2572 893 2626 ideo·
937 2574 998 2628 leris
1016 2574 1091 2627 aurei
1104 2574 1341 2648 expugnationem,
1358 2595 1447 2627 meeum

378 2679 432 2732 que
447 2657 512 2711 luxu
525 2656 552 2708 in
566 2673 597 2708 ea
611 2653 763 2706 dominante
777 2673 830 2706 non
845 2655 893 2706 sl>-
940 2659 1055 2706 Telamon
1073 2669 1180 2724 peraget
1202 2655 1369 2710 meuc-Sic
1387 2655 1447 2708 Dio·

378 2751 484 2811 reptns3
499 2733 554 2788 vid.
579 2733 688 2786 omnino
707 2733 893 2805 Apollonium,
937 2733 1047 2797 medes,
1062 2732 1132 2806 apud
1144 2734 1223 2788 Hom.
1237 2734 1271 2788 Il.
1284 2735 1344 2800 IX,
1357 2755 1385 2790 v.
1396 2737 1447 2798 ts:

379 2819 408 2882 1,
432 2819 483 2872 855
504 2834 568 2887 sqq·
580 2812 672 2880 Quid?
697 2813 749 2878 eit,
770 2813 891 2868 invident
938 2813 1213 2887 Νῶΐδ“,1γὼΣθένιλός
1224 2838 1262 2882 τι,
1273 2819 1447 2889 μαχησόμεθα,

379 2898 490 2951 fortasse
507 2895 545 2948 dii
557 2903 662 2948 tantum
683 2912 755 2948 mare
773 2894 894 2948 adortis?
937 2896 1014 2965 cujus
1028 2911 1118 2946 versus
1132 2904 1157 2946 et
1169 2895 1327 2947 sententiam
1342 2905 1368 2946 ct
1381 2907 1446 2946 stru·

378 2979 440 3031 Non
461 2974 520 3028 ideo
542 2973 638 3028 domus
660 2971 843 3037 deseruimus,
864 2986 893 3027 ut
937 2986 1040 3027 murem
1058 2973 1177 3027 imitatus
1190 2985 1230 3028 est
1242 2975 1348 3027 Noster.
1363 2975 1413 3026 En.

378 3071 482 3127 tenpore
491 3059 579 3124 segni,
589 3053 688 3107 desidie
698 3065 777 3126 atque
787 3053 893 3109 luxuria
974 3053 1035 3107 385.
1046 3053 1115 3107 Tam
1133 3055 1228 3106 ameris
1243 3053 1352 3106 monitis
1369 3056 1447 3108 Jsscn

379 3146 551 3207 consumpto,
564 3149 626 3186 vote
641 3149 770 3202 parennem
783 3136 892 3202 smede-
937 3131 1012 3185 haud
1022 3151 1098 3186 secus
1112 3132 1252 3203 incitatus,
1264 3152 1295 3185 ac
1310 3153 1389 3201 equus
1402 3138 1448 3185 bel·

379 3237 444 3278 snus,
461 3215 536 3268 irrita
548 3211 698 3266 iaciamus?
936 3215 1013 3274 lator,
1043 3205 1202 3286 bellicosus,
1227 3233 1298 3282 quent
1326 3215 1445 3282 fir'gida,

415 3297 474 3366 377.
499 3293 573 3360 Quin
591 3304 618 3346 et
641 3297 693 3361 ipse
719 3292 890 3362 (Grtccorum
935 3293 1034 3357 etiem,
1049 3298 1204 3363 terraionga
1220 3315 1285 3363 pace
1297 3297 1383 3363 juvat,
1402 3295 1447 3365 qui

379 3373 647 3442 ecel;‚Heuptperson)
657 3369 889 3425 duxnosterJason
934 3375 1028 3436 brevis,
1039 3373 1106 3444 palis
1125 3373 1263 3445 alligatus,
1278 3393 1311 3426 ne
1324 3374 1401 3426 latius
1419 3373 1447 3426 in

379 3457 447 3509 inter
460 3463 613 3508 cunctantes
624 3450 711 3504 sith
726 3450 829 3514 miseri,
842 3453 890 3523 qui
934 3453 1018 3507 aliena
1033 3472 1128 3525 pascua
1145 3455 1285 3526 exspatiari
1297 3453 1378 3525 possit
1387 3455 1446 3523 (pro

367 3546 405 3588 -te
420 3534 515 3588 ducem
531 3532 637 3603 sequuti
650 3531 759 3585 suanus!
779 3535 888 3592 Phasin,
929 3537 997 3603 palis
1004 3533 1129 3586 Horatius
1135 3535 1163 3587 in
1170 3534 1264 3588 itinere
1270 3531 1447 3595 brundusino,

378 3618 464 3666 Beten
471 3651 480 3674 ,
494 3616 595 3678 scythici
601 3614 672 3680 ponti
677 3614 789 3679 pericula
798 3615 887 3672 redde,
934 3613 1019 3667 Semt.
1032 3616 1062 3678 Ι,
1076 3615 1113 3679 V,
1131 3632 1172 3684 17,
1186 3615 1267 3668 habet
1283 3616 1447 3682 retinacula),

378 3691 521 3766 promisisti
546 3691 617 3745 enim
647 3691 708 3762 (sic
735 3710 803 3763 saepe
831 3696 889 3744 nd·
934 3693 1448 3766 ideoquepiger,pigritismcontraxit‚et

378 3777 451 3832 dem
465 3792 492 3826 v.
513 3790 537 3823 c.
548 3772 617 3832 VII,
632 3775 718 3841 427),
738 3778 803 3824 solus
820 3791 892 3823 aanor
933 3777 959 3824 in
973 3779 1045 3826 lcevos
1064 3778 1165 3844 angien
1179 3778 1263 3834 orbes,
1279 3772 1352 3846 quod
1365 3791 1447 3846 equo·

377 3847 637 3922 renungerendsrum
647 3853 672 3902 in
681 3870 794 3902 marem
802 3854 886 3911 traxit,
933 3853 1447 3925 rumesscdieitur,quidisciplinenou-

378 3931 424 3984 ubi
448 3948 523 4002 spem
548 3929 615 3982 mihi
639 3929 759 3984 videbam
782 3931 890 3984 excitari
934 3931 1446 3994 dumassuel'actisunnveldedidicere,

378 4015 490 4079 &anem
506 4013 608 4061 sistendi
621 4023 724 4083 petras,
739 4013 890 4079 vigilemque
934 4011 1027 4065 dextro
1035 4013 1103 4083 pede
1113 4014 1186 4084 psius
1200 4031 1279 4083 quam
1295 4012 1401 4066 sinistro
1411 4011 1447 4063 uti

376 4095 465 4152 adum,
475 4089 513 4142 uti
521 4101 598 4142 antea
606 4090 634 4142 in
644 4089 820 4163 Hesperidum
830 4091 890 4143 hor·
934 4092 961 4144 in
975 4091 1152 4162 procedendo.
1173 4092 1244 4164 Ipsi,
1261 4092 1363 4156 fateor,
1383 4091 1448 4142 mihi

376 4170 426 4235 tit,
450 4171 575 4239 spoliandi
600 4175 742 4223 haconem.
772 4173 799 4221 Si
822 4175 891 4222 sedet
934 4171 1305 4226 nonfacioeatisinloeotam
1314 4171 1446 4232 intricate,

377 4253 465 4304 animo
479 4249 591 4302 infixum
600 4254 683 4318 AEgoei
692 4255 803 4318 scopulos
812 4252 890 4319 (eon·
933 4269 1014 4322 quem
1031 4271 1085 4304 non
1105 4271 1157 4304 una
1178 4252 1274 4324 premit
1289 4251 1443 4305 difficultas.
