<?xml version="1.0" encoding="UTF-8"?>
<!DOCTYPE html PUBLIC "-//W3C//DTD XHTML 1.0 Transitional//EN"
    "http://www.w3.org/TR/xhtml1/DTD/xhtml1-transitional.dtd">
<html xmlns="http://www.w3.org/1999/xhtml" xml:lang="en" lang="en">
 <head>
  <title>
</title>
<meta http-equiv="Content-Type" content="text/html;charset=utf-8" />
  <meta name='ocr-system' content='tesseract 3.04.00' />
  <meta name='ocr-capabilities' content='ocr_page ocr_carea ocr_par ocr_line ocrx_word'/>
</head>
<body>
  <div class='ocr_page' id='page_1' title='image "./cvaleriiflaccis00apolgoog_0543.png"; bbox 0 0 3226 5114; ppageno 0'>
   <div class='ocr_carea' id='block_1_1' title="bbox 391 492 1362 585">
    <p class='ocr_par' dir='ltr' id='par_1_1' title="bbox 391 492 1362 585">
     <span class='ocr_line' id='line_1_1' title="bbox 391 492 1362 585; baseline -0.016 -11"><span class='ocrx_word' id='word_1_1' title='bbox 391 510 455 574; x_wconf 79' lang='lat'><strong>320</strong></span> <span class='ocrx_word' id='word_1_2' title='bbox 493 508 548 573; x_wconf 94' lang='lat' dir='ltr'><strong>IN</strong></span> <span class='ocrx_word' id='word_1_3' title='bbox 578 505 668 570; x_wconf 88' lang='lat' dir='ltr'>LIB.</span> <span class='ocrx_word' id='word_1_4' title='bbox 693 499 936 585; x_wconf 83' lang='lat' dir='ltr'>QUARTUM</span> <span class='ocrx_word' id='word_1_5' title='bbox 964 492 1362 562; x_wconf 81' lang='lat' dir='ltr'><strong>ARGONAUTICON</strong></span> 
     </span>
    </p>
   </div>
   <div class='ocr_carea' id='block_1_2' title="bbox 390 601 1459 778">
    <p class='ocr_par' dir='ltr' id='par_1_2' title="bbox 390 601 1459 778">
     <span class='ocr_line' id='line_1_2' title="bbox 425 601 1459 690; baseline -0.016 -17"><span class='ocrx_word' id='word_1_6' title='bbox 425 627 458 674; x_wconf 93' lang='lat' dir='ltr'><strong>V.</strong></span> <span class='ocrx_word' id='word_1_7' title='bbox 471 638 531 690; x_wconf 79' lang='lat'><strong>70²·</strong></span> <span class='ocrx_word' id='word_1_8' title='bbox 524 617 592 670; x_wconf 75' lang='lat' dir='ltr'><strong>J&#39;ix</strong></span> <span class='ocrx_word' id='word_1_9' title='bbox 599 616 684 685; x_wconf 70' lang='lat' dir='ltr'><strong>pruinis</strong></span> <span class='ocrx_word' id='word_1_10' title='bbox 694 615 804 682; x_wconf 74' lang='lat' dir='ltr'><strong>mplesi</strong></span> <span class='ocrx_word' id='word_1_11' title='bbox 813 614 910 664; x_wconf 78' lang='lat' dir='ltr'><strong>luminis</strong></span> <span class='ocrx_word' id='word_1_12' title='bbox 919 612 978 663; x_wconf 81' lang='lat' dir='ltr'><strong>oris</strong></span> <span class='ocrx_word' id='word_1_13' title='bbox 980 606 1125 662; x_wconf 75' lang='lat' dir='ltr'>-Heinsio</span> <span class='ocrx_word' id='word_1_14' title='bbox 1136 601 1215 673; x_wconf 89' lang='lat' dir='ltr'><strong>duce,</strong></span> <span class='ocrx_word' id='word_1_15' title='bbox 1226 605 1396 676; x_wconf 83' lang='lat' dir='ltr'><strong>subintelligo</strong></span> <span class='ocrx_word' id='word_1_16' title='bbox 1405 623 1459 657; x_wconf 87' lang='lat' dir='ltr'><strong>sese</strong></span> 
     </span>
     <span class='ocr_line' id='line_1_3' title="bbox 390 689 1458 778; baseline -0.017 -19"><span class='ocrx_word' id='word_1_17' title='bbox 390 717 451 778; x_wconf 87' lang='lat' dir='ltr'><strong>post</strong></span> <span class='ocrx_word' id='word_1_18' title='bbox 462 703 580 772; x_wconf 74' lang='lat' dir='ltr'><strong>urrsplesr&#39;.</strong></span> <span class='ocrx_word' id='word_1_19' title='bbox 592 699 691 752; x_wconf 80' lang='lat' dir='ltr'>Durior</span> <span class='ocrx_word' id='word_1_20' title='bbox 703 697 748 751; x_wconf 90' lang='lat' dir='ltr'><strong>hic</strong></span> <span class='ocrx_word' id='word_1_21' title='bbox 761 715 853 750; x_wconf 85' lang='lat' dir='ltr'><strong>seusus</strong></span> <span class='ocrx_word' id='word_1_22' title='bbox 867 679 1086 765; x_wconf 83' lang='lat' dir='ltr'><strong>videturWagn.</strong></span> <span class='ocrx_word' id='word_1_23' title='bbox 1101 693 1178 764; x_wconf 85' lang='lat' dir='ltr'><strong>cujus</strong></span> <span class='ocrx_word' id='word_1_24' title='bbox 1190 702 1283 743; x_wconf 82' lang='lat' dir='ltr'><strong>notam</strong></span> <span class='ocrx_word' id='word_1_25' title='bbox 1296 689 1355 743; x_wconf 71' lang='lat' dir='ltr'><strong>hoc</strong></span> <span class='ocrx_word' id='word_1_26' title='bbox 1369 689 1458 742; x_wconf 85' lang='lat' dir='ltr'><strong>subse·</strong></span> 
     </span>
    </p>
   </div>
   <div class='ocr_carea' id='block_1_3' title="bbox 390 773 1458 940">
    <p class='ocr_par' dir='ltr' id='par_1_3' title="bbox 390 773 1458 935">
     <span class='ocr_line' id='line_1_4' title="bbox 390 773 1458 864; baseline -0.018 -21"><span class='ocrx_word' id='word_1_27' title='bbox 390 801 547 864; x_wconf 78' lang='lat' dir='ltr'><strong>quuntru··</strong></span> <span class='ocrx_word' id='word_1_28' title='bbox 536 787 728 838; x_wconf 80' lang='lat' dir='ltr'><strong>Rectemonet</strong></span> <span class='ocrx_word' id='word_1_29' title='bbox 736 781 786 835; x_wconf 91' lang='lat' dir='ltr'><strong>cel</strong></span> <span class='ocrx_word' id='word_1_30' title='bbox 793 781 873 834; x_wconf 82' lang='lat' dir='ltr'><strong>Beck.</strong></span> <span class='ocrx_word' id='word_1_31' title='bbox 882 781 902 833; x_wconf 93' lang='lat' dir='ltr'><strong>l.</strong></span> <span class='ocrx_word' id='word_1_32' title='bbox 910 779 929 831; x_wconf 94' lang='lat' dir='ltr'><strong>l.</strong></span> <span class='ocrx_word' id='word_1_33' title='bbox 938 798 965 850; x_wconf 89' lang='lat' dir='ltr'><strong>p.</strong></span> <span class='ocrx_word' id='word_1_34' title='bbox 973 781 1038 849; x_wconf 83' lang='grc' dir='ltr'><strong>ι67ι</strong></span> <span class='ocrx_word' id='word_1_35' title='bbox 1051 776 1267 844; x_wconf 75' lang='lat' dir='ltr'><strong>ssessetampiesr</strong></span> <span class='ocrx_word' id='word_1_36' title='bbox 1273 794 1335 837; x_wconf 85' lang='lat' dir='ltr'><strong>sese</strong></span> <span class='ocrx_word' id='word_1_37' title='bbox 1344 773 1413 827; x_wconf 88' lang='lat' dir='ltr'><strong>boo</strong></span> <span class='ocrx_word' id='word_1_38' title='bbox 1403 791 1458 846; x_wconf 80' lang='lat' dir='ltr'><strong>Jam</strong></span> 
     </span>
     <span class='ocr_line' id='line_1_5' title="bbox 392 855 1457 940; baseline -0.015 -19"><span class='ocrx_word' id='word_1_39' title='bbox 392 868 472 921; x_wconf 88' lang='lat' dir='ltr'><strong>latet</strong></span> <span class='ocrx_word' id='word_1_40' title='bbox 464 887 493 919; x_wconf 89' lang='grc' dir='ltr'><strong>ιιι</strong></span> <span class='ocrx_word' id='word_1_41' title='bbox 504 875 538 922; x_wconf 72' lang='grc' dir='ltr'><strong>τῶ</strong></span> <span class='ocrx_word' id='word_1_42' title='bbox 526 867 650 940; x_wconf 78' lang='lat' dir='ltr'><strong>jungere</strong></span> <span class='ocrx_word' id='word_1_43' title='bbox 659 864 762 922; x_wconf 82' lang='lat' dir='ltr'><strong>oscula,·</strong></span> <span class='ocrx_word' id='word_1_44' title='bbox 773 871 899 932; x_wconf 74' lang='lat' dir='ltr'><strong>praterea</strong></span> <span class='ocrx_word' id='word_1_45' title='bbox 908 857 1113 929; x_wconf 87' lang='lat' dir='ltr'><strong>comparationis</strong></span> <span class='ocrx_word' id='word_1_46' title='bbox 1123 855 1191 909; x_wconf 89' lang='lat' dir='ltr'><strong>ratio</strong></span> <span class='ocrx_word' id='word_1_47' title='bbox 1204 855 1333 926; x_wconf 81' lang='lat' dir='ltr'><strong>requirit,</strong></span> <span class='ocrx_word' id='word_1_48' title='bbox 1347 865 1378 906; x_wconf 92' lang='lat' dir='ltr'><strong>ut</strong></span> <span class='ocrx_word' id='word_1_49' title='bbox 1387 870 1457 906; x_wconf 86' lang='lat' dir='ltr'><strong>eom-</strong></span> 
     </span>
    </p>
   </div>
   <div class='ocr_carea' id='block_1_4' title="bbox 392 935 1457 1116">
    <p class='ocr_par' dir='ltr' id='par_1_4' title="bbox 392 935 1457 1108">
     <span class='ocr_line' id='line_1_6' title="bbox 394 935 1457 1019; baseline -0.016 -14"><span class='ocrx_word' id='word_1_50' title='bbox 394 962 555 1005; x_wconf 80' lang='lat' dir='ltr'><strong>memoretur</strong></span> <span class='ocrx_word' id='word_1_51' title='bbox 566 946 692 1019; x_wconf 90' lang='lat' dir='ltr'><strong>temporis</strong></span> <span class='ocrx_word' id='word_1_52' title='bbox 703 955 880 1004; x_wconf 79' lang='lat' dir='ltr'><strong>momentum,</strong></span> <span class='ocrx_word' id='word_1_53' title='bbox 892 961 947 1014; x_wconf 82' lang='lat' dir='ltr'><strong>quo</strong></span> <span class='ocrx_word' id='word_1_54' title='bbox 956 941 1101 1014; x_wconf 83' lang='lat' dir='ltr'><strong>periculum</strong></span> <span class='ocrx_word' id='word_1_55' title='bbox 1110 939 1248 993; x_wconf 84' lang='lat' dir='ltr'><strong>evaserint.</strong></span> <span class='ocrx_word' id='word_1_56' title='bbox 1262 936 1415 992; x_wconf 77' lang='lat' dir='ltr'><strong>suadente</strong></span> <span class='ocrx_word' id='word_1_57' title='bbox 1408 935 1457 1008; x_wconf 85' lang='lat' dir='ltr'><strong>sgi-</strong></span> 
     </span>
     <span class='ocr_line' id='line_1_7' title="bbox 392 1021 1455 1116; baseline -0.019 -24"><span class='ocrx_word' id='word_1_58' title='bbox 392 1049 437 1092; x_wconf 87' lang='lat' dir='ltr'><strong>tur</strong></span> <span class='ocrx_word' id='word_1_59' title='bbox 445 1032 659 1108; x_wconf 72' lang='lat' dir='ltr'><strong>praestantissimo</strong></span> <span class='ocrx_word' id='word_1_60' title='bbox 668 1029 760 1084; x_wconf 89' lang='lat' dir='ltr'><strong>hoc&#39;</strong></span> <span class='ocrx_word' id='word_1_61' title='bbox 735 1048 808 1097; x_wconf 79' lang='lat' dir='ltr'><strong>vtro,</strong></span> <span class='ocrx_word' id='word_1_62' title='bbox 822 1039 848 1082; x_wconf 91' lang='lat' dir='ltr'><strong>et</strong></span> <span class='ocrx_word' id='word_1_63' title='bbox 861 1026 1038 1100; x_wconf 85' lang='lat' dir='ltr'><strong>praeeuntibus</strong></span> <span class='ocrx_word' id='word_1_64' title='bbox 1050 1023 1185 1078; x_wconf 72' lang='lat' dir='ltr'><strong>codicibus</strong></span> <span class='ocrx_word' id='word_1_65' title='bbox 1198 1021 1359 1116; x_wconf 78' lang='lat' dir='ltr'><strong>quibusdam</strong></span> <span class='ocrx_word' id='word_1_66' title='bbox 1367 1021 1455 1089; x_wconf 84' lang='lat' dir='ltr'><strong>(conl.</strong></span> 
     </span>
    </p>
   </div>
   <div class='ocr_carea' id='block_1_5' title="bbox 393 1103 1457 1276">
    <p class='ocr_par' dir='ltr' id='par_1_5' title="bbox 393 1103 1457 1276">
     <span class='ocr_line' id='line_1_8' title="bbox 393 1103 1457 1188; baseline -0.019 -14"><span class='ocrx_word' id='word_1_67' title='bbox 393 1133 420 1174; x_wconf 88' lang='lat' dir='ltr'><strong>et</strong></span> <span class='ocrx_word' id='word_1_68' title='bbox 433 1120 448 1171; x_wconf 94' lang='lat' dir='ltr'>I</span> <span class='ocrx_word' id='word_1_69' title='bbox 457 1116 706 1188; x_wconf 82' lang='lat' dir='ltr'><strong>,676,ubi1imiua</strong></span> <span class='ocrx_word' id='word_1_70' title='bbox 714 1125 795 1182; x_wconf 73' lang='lat' dir='ltr'><strong>porra</strong></span> <span class='ocrx_word' id='word_1_71' title='bbox 802 1113 893 1182; x_wconf 77' lang='lat' dir='ltr'><strong>putria</strong></span> <span class='ocrx_word' id='word_1_72' title='bbox 906 1112 1051 1178; x_wconf 78' lang='lat' dir='ltr'><strong>amplecti),</strong></span> <span class='ocrx_word' id='word_1_73' title='bbox 1060 1111 1156 1176; x_wconf 81' lang='lat' dir='ltr'><strong>primas</strong></span> <span class='ocrx_word' id='word_1_74' title='bbox 1171 1125 1229 1156; x_wconf 86' lang='lat' dir='ltr'><strong>oras</strong></span> <span class='ocrx_word' id='word_1_75' title='bbox 1239 1106 1268 1157; x_wconf 90' lang='lat' dir='ltr'><strong>in</strong></span> <span class='ocrx_word' id='word_1_76' title='bbox 1280 1116 1381 1157; x_wconf 82' lang='lat' dir='ltr'><strong>textum</strong></span> <span class='ocrx_word' id='word_1_77' title='bbox 1394 1103 1457 1156; x_wconf 85' lang='lat' dir='ltr'><strong>reei-</strong></span> 
     </span>
     <span class='ocr_line' id='line_1_9' title="bbox 393 1185 1455 1276; baseline -0.016 -19"><span class='ocrx_word' id='word_1_78' title='bbox 393 1221 456 1276; x_wconf 89' lang='lat' dir='ltr'><strong>pere</strong></span> <span class='ocrx_word' id='word_1_79' title='bbox 474 1201 563 1255; x_wconf 88' lang='lat' dir='ltr'><strong>nullus</strong></span> <span class='ocrx_word' id='word_1_80' title='bbox 586 1196 715 1251; x_wconf 80' lang='lat' dir='ltr'><strong>dubiuvi.</strong></span> <span class='ocrx_word' id='word_1_81' title='bbox 733 1195 863 1249; x_wconf 70' lang='lat' dir='ltr'><strong>Ceterum</strong></span> <span class='ocrx_word' id='word_1_82' title='bbox 880 1192 914 1246; x_wconf 89' lang='lat' dir='ltr'><strong>&#39;de</strong></span> <span class='ocrx_word' id='word_1_83' title='bbox 929 1193 1034 1246; x_wconf 84' lang='lat' dir='ltr'><strong>Theseo</strong></span> <span class='ocrx_word' id='word_1_84' title='bbox 1049 1207 1146 1262; x_wconf 86' lang='lat' dir='ltr'><strong>magua</strong></span> <span class='ocrx_word' id='word_1_85' title='bbox 1160 1187 1320 1241; x_wconf 69' lang='lat' dir='ltr'><strong>narrationis</strong></span> <span class='ocrx_word' id='word_1_86' title='bbox 1336 1185 1455 1240; x_wconf 81' lang='lat' dir='ltr'><strong>varietas.</strong></span> 
     </span>
    </p>
   </div>
   <div class='ocr_carea' id='block_1_6' title="bbox 394 1269 1456 1350">
    <p class='ocr_par' dir='ltr' id='par_1_6' title="bbox 394 1269 1456 1350">
     <span class='ocr_line' id='line_1_10' title="bbox 394 1269 1456 1350; baseline -0.018 -9"><span class='ocrx_word' id='word_1_87' title='bbox 394 1283 539 1350; x_wconf 87' lang='lat' dir='ltr'><strong>Nonnulli,</strong></span> <span class='ocrx_word' id='word_1_88' title='bbox 552 1280 665 1344; x_wconf 87' lang='lat' dir='ltr'><strong>Statius,</strong></span> <span class='ocrx_word' id='word_1_89' title='bbox 681 1279 769 1332; x_wconf 87' lang='lat' dir='ltr'><strong>Theb.</strong></span> <span class='ocrx_word' id='word_1_90' title='bbox 779 1284 814 1341; x_wconf 90' lang='lat' dir='ltr'><strong>V,</strong></span> <span class='ocrx_word' id='word_1_91' title='bbox 828 1279 898 1342; x_wconf 70' lang='lat' dir='ltr'><strong>sss,</strong></span> <span class='ocrx_word' id='word_1_92' title='bbox 908 1275 1044 1348; x_wconf 84' lang='lat' dir='ltr'><strong>Hyginus,</strong></span> <span class='ocrx_word' id='word_1_93' title='bbox 1055 1275 1121 1327; x_wconf 80' lang='lat' dir='ltr'><strong>Feb.</strong></span> <span class='ocrx_word' id='word_1_94' title='bbox 1135 1272 1212 1336; x_wconf 89' lang='lat' dir='ltr'><strong>XIV,</strong></span> <span class='ocrx_word' id='word_1_95' title='bbox 1226 1283 1252 1324; x_wconf 88' lang='lat' dir='ltr'><strong>et</strong></span> <span class='ocrx_word' id='word_1_96' title='bbox 1265 1269 1456 1344; x_wconf 80' lang='lat' dir='ltr'><strong>Apollodorus,</strong></span> 
     </span>
    </p>
   </div>
   <div class='ocr_carea' id='block_1_7' title="bbox 295 1354 1457 1441">
    <p class='ocr_par' dir='ltr' id='par_1_7' title="bbox 295 1354 1457 1441">
     <span class='ocr_line' id='line_1_11' title="bbox 295 1354 1457 1441; baseline -0.019 -14"><span class='ocrx_word' id='word_1_97' title='bbox 295 1427 299 1435; x_wconf 70' lang='grc'><strong>,</strong></span> <span class='ocrx_word' id='word_1_98' title='bbox 395 1374 477 1441; x_wconf 79' lang='lat'><strong>1‚9,‘</strong></span> <span class='ocrx_word' id='word_1_99' title='bbox 492 1367 623 1431; x_wconf 85' lang='lat' dir='ltr'><strong>16,inter</strong></span> <span class='ocrx_word' id='word_1_100' title='bbox 640 1365 711 1436; x_wconf 89' lang='lat' dir='ltr'><strong>ipsos</strong></span> <span class='ocrx_word' id='word_1_101' title='bbox 726 1365 890 1434; x_wconf 73' lang='lat' dir='ltr'><strong>Argonautas</strong></span> <span class='ocrx_word' id='word_1_102' title='bbox 907 1359 1036 1413; x_wconf 78' lang='lat' dir='ltr'><strong>referunt.</strong></span> <span class='ocrx_word' id='word_1_103' title='bbox 1055 1356 1228 1430; x_wconf 82' lang='lat' dir='ltr'><strong>Apollonius,</strong></span> <span class='ocrx_word' id='word_1_104' title='bbox 1244 1357 1274 1422; x_wconf 88' lang='lat'><strong>1,</strong></span> <span class='ocrx_word' id='word_1_105' title='bbox 1291 1372 1358 1418; x_wconf 77' lang='lat'>¹0¹3</span> <span class='ocrx_word' id='word_1_106' title='bbox 1373 1365 1400 1406; x_wconf 91' lang='lat' dir='ltr'><strong>et</strong></span> <span class='ocrx_word' id='word_1_107' title='bbox 1414 1354 1457 1406; x_wconf 80' lang='lat' dir='ltr'><strong>ulii</strong></span> 
     </span>
    </p>
   </div>
   <div class='ocr_carea' id='block_1_8' title="bbox 394 1439 1458 1776">
    <p class='ocr_par' dir='ltr' id='par_1_8' title="bbox 394 1439 1458 1776">
     <span class='ocr_line' id='line_1_12' title="bbox 395 1439 1457 1511; baseline -0.015 -3"><span class='ocrx_word' id='word_1_108' title='bbox 395 1468 452 1508; x_wconf 90' lang='lat' dir='ltr'><strong>tum</strong></span> <span class='ocrx_word' id='word_1_109' title='bbox 465 1453 644 1506; x_wconf 85' lang='lat' dir='ltr'><strong>rnOrcocum</strong></span> <span class='ocrx_word' id='word_1_110' title='bbox 659 1447 779 1500; x_wconf 86' lang='lat' dir='ltr'><strong>Pirithoo</strong></span> <span class='ocrx_word' id='word_1_111' title='bbox 795 1444 928 1499; x_wconf 77' lang='lat' dir='ltr'><strong>desedisse</strong></span> <span class='ocrx_word' id='word_1_112' title='bbox 944 1442 1055 1511; x_wconf 92' lang='lat' dir='ltr'><strong>dicunt,</strong></span> <span class='ocrx_word' id='word_1_113' title='bbox 1069 1443 1149 1496; x_wconf 86' lang='lat' dir='ltr'><strong>curet</strong></span> <span class='ocrx_word' id='word_1_114' title='bbox 1162 1443 1271 1504; x_wconf 87' lang='lat' dir='ltr'><strong>Noster,</strong></span> <span class='ocrx_word' id='word_1_115' title='bbox 1282 1439 1407 1509; x_wconf 84' lang='grc' dir='ltr'><strong>Π,,ι95</strong></span> <span class='ocrx_word' id='word_1_116' title='bbox 1420 1457 1457 1492; x_wconf 86' lang='lat' dir='ltr'><strong>ss·</strong></span> 
     </span>
     <span class='ocr_line' id='line_1_13' title="bbox 395 1484 1457 1594; baseline -0.018 0"><span class='ocrx_word' id='word_1_117' title='bbox 395 1539 486 1594; x_wconf 82' lang='lat' dir='ltr'><strong>sentin</strong></span> <span class='ocrx_word' id='word_1_118' title='bbox 478 1535 616 1589; x_wconf 83' lang='lat' dir='ltr'><strong>videtur·</strong></span> <span class='ocrx_word' id='word_1_119' title='bbox 624 1533 677 1586; x_wconf 89' lang='lat' dir='ltr'><strong>hoc</strong></span> <span class='ocrx_word' id='word_1_120' title='bbox 689 1533 749 1586; x_wconf 86' lang='lat' dir='ltr'><strong>loco</strong></span> <span class='ocrx_word' id='word_1_121' title='bbox 760 1543 850 1584; x_wconf 85' lang='lat' dir='ltr'><strong>nostro</strong></span> <span class='ocrx_word' id='word_1_122' title='bbox 859 1531 893 1583; x_wconf 88' lang='lat' dir='ltr'><strong>ab</strong></span> <span class='ocrx_word' id='word_1_123' title='bbox 906 1528 1020 1582; x_wconf 80' lang='lat' dir='ltr'><strong>Hercule</strong></span> <span class='ocrx_word' id='word_1_124' title='bbox 1031 1484 1126 1580; x_wconf 86' lang='lat' dir='ltr'><strong>liberat</strong></span> <span class='ocrx_word' id='word_1_125' title='bbox 1127 1545 1157 1579; x_wconf 88' lang='lat' dir='ltr'><strong>us</strong></span> <span class='ocrx_word' id='word_1_126' title='bbox 1166 1524 1310 1578; x_wconf 87' lang='lat' dir='ltr'><strong>inducitur.</strong></span> <span class='ocrx_word' id='word_1_127' title='bbox 1321 1523 1372 1578; x_wconf 87' lang='lat' dir='ltr'><strong>Sed</strong></span> <span class='ocrx_word' id='word_1_128' title='bbox 1385 1536 1457 1576; x_wconf 84' lang='lat' dir='ltr'><strong>utru-</strong></span> 
     </span>
     <span class='ocr_line' id='line_1_14' title="bbox 394 1607 1457 1695; baseline -0.015 -19"><span class='ocrx_word' id='word_1_129' title='bbox 394 1624 475 1695; x_wconf 74' lang='lat' dir='ltr'><strong>bique</strong></span> <span class='ocrx_word' id='word_1_130' title='bbox 483 1639 538 1673; x_wconf 90' lang='lat' dir='ltr'><strong>non</strong></span> <span class='ocrx_word' id='word_1_131' title='bbox 547 1617 701 1671; x_wconf 68' lang='lat' dir='ltr'><strong>historicum</strong></span> <span class='ocrx_word' id='word_1_132' title='bbox 710 1611 1108 1687; x_wconf 82' lang='lat' dir='ltr'><strong>agerevulurtValenus,sedex</strong></span> <span class='ocrx_word' id='word_1_133' title='bbox 1116 1629 1239 1665; x_wconf 84' lang='lat' dir='ltr'><strong>concessa</strong></span> <span class='ocrx_word' id='word_1_134' title='bbox 1246 1607 1457 1682; x_wconf 85' lang='lat' dir='ltr'><strong>poetisliceutia,</strong></span> 
     </span>
     <span class='ocr_line' id='line_1_15' title="bbox 395 1692 1458 1776; baseline -0.016 -16"><span class='ocrx_word' id='word_1_135' title='bbox 395 1707 471 1760; x_wconf 86' lang='lat' dir='ltr'><strong>nulla</strong></span> <span class='ocrx_word' id='word_1_136' title='bbox 487 1702 615 1776; x_wconf 87' lang='lat' dir='ltr'><strong>temporis</strong></span> <span class='ocrx_word' id='word_1_137' title='bbox 634 1700 726 1754; x_wconf 89' lang='lat' dir='ltr'><strong>habita</strong></span> <span class='ocrx_word' id='word_1_138' title='bbox 744 1699 862 1762; x_wconf 84' lang='lat' dir='ltr'><strong>ratione,</strong></span> <span class='ocrx_word' id='word_1_139' title='bbox 882 1697 917 1752; x_wconf 84' lang='lat' dir='ltr'><strong>ad</strong></span> <span class='ocrx_word' id='word_1_140' title='bbox 935 1696 1084 1751; x_wconf 88' lang='lat' dir='ltr'><strong>ornandam</strong></span> <span class='ocrx_word' id='word_1_141' title='bbox 1102 1694 1298 1768; x_wconf 79' lang='lat' dir='ltr'><strong>comparatione</strong></span> <span class='ocrx_word' id='word_1_142' title='bbox 1312 1692 1458 1745; x_wconf 88' lang='lat' dir='ltr'><strong>orationem</strong></span> 
     </span>
    </p>
   </div>
   <div class='ocr_carea' id='block_1_9' title="bbox 394 1787 714 1864">
    <p class='ocr_par' dir='ltr' id='par_1_9' title="bbox 394 1787 714 1864">
     <span class='ocr_line' id='line_1_16' title="bbox 394 1787 714 1864; baseline -0.027 -20"><span class='ocrx_word' id='word_1_143' title='bbox 394 1787 558 1864; x_wconf 75' lang='lat' dir='ltr'><strong>mythologie</strong></span> <span class='ocrx_word' id='word_1_144' title='bbox 571 1803 634 1838; x_wconf 86' lang='lat' dir='ltr'><strong>usus</strong></span> <span class='ocrx_word' id='word_1_145' title='bbox 645 1795 714 1838; x_wconf 89' lang='lat' dir='ltr'><strong>est.</strong></span> 
     </span>
    </p>
   </div>
   <div class='ocr_carea' id='block_1_10' title="bbox 432 1911 1222 2178">
    <p class='ocr_par' dir='ltr' id='par_1_10' title="bbox 432 1911 1222 2178">
     <span class='ocr_line' id='line_1_17' title="bbox 432 1911 1095 2015; baseline -0.003 -21"><span class='ocrx_word' id='word_1_146' title='bbox 432 1951 466 2000; x_wconf 87' lang='lat' dir='ltr'><strong>V.</strong></span> <span class='ocrx_word' id='word_1_147' title='bbox 478 1951 541 2015; x_wconf 66' lang='lat'><em>7¹4·</em></span> <span class='ocrx_word' id='word_1_148' title='bbox 554 1947 611 1994; x_wconf 84' lang='lat' dir='ltr'><strong>Non</strong></span> <span class='ocrx_word' id='word_1_149' title='bbox 624 1943 684 1994; x_wconf 82' lang='lat' dir='ltr'><strong>alibi</strong></span> <span class='ocrx_word' id='word_1_150' title='bbox 691 1911 778 2010; x_wconf 72' lang='lat' dir='ltr'><strong>effiisis</strong></span> <span class='ocrx_word' id='word_1_151' title='bbox 787 1945 1014 2012; x_wconf 75' lang='lat' dir='ltr'><strong>cessensntlongius</strong></span> <span class='ocrx_word' id='word_1_152' title='bbox 1023 1945 1095 1994; x_wconf 81' lang='lat' dir='ltr'><strong>undis</strong></span> 
     </span>
     <span class='ocr_line' id='line_1_18' title="bbox 549 2027 1222 2094; baseline -0.001 -18"><span class='ocrx_word' id='word_1_153' title='bbox 549 2027 656 2085; x_wconf 77' lang='lat' dir='ltr'><strong>littora,</strong></span> <span class='ocrx_word' id='word_1_154' title='bbox 671 2044 717 2076; x_wconf 83' lang='lat' dir='ltr'><strong>rree</strong></span> <span class='ocrx_word' id='word_1_155' title='bbox 730 2037 814 2077; x_wconf 76' lang='lat' dir='ltr'><strong>tantas</strong></span> <span class='ocrx_word' id='word_1_156' title='bbox 827 2027 937 2094; x_wconf 71' lang='lat' dir='ltr'><strong>quumvis</strong></span> <span class='ocrx_word' id='word_1_157' title='bbox 948 2029 1100 2092; x_wconf 59' lang='lat' dir='ltr'><strong>refutem</strong></span> <span class='ocrx_word' id='word_1_158' title='bbox 1109 2039 1134 2076; x_wconf 87' lang='lat' dir='ltr'><strong>et</strong></span> <span class='ocrx_word' id='word_1_159' title='bbox 1140 2027 1222 2094; x_wconf 79' lang='lat' dir='ltr'><strong>AEgcn</strong></span> 
     </span>
     <span class='ocr_line' id='line_1_19' title="bbox 553 2111 1195 2178; baseline 0.002 -19"><span class='ocrx_word' id='word_1_160' title='bbox 553 2113 642 2160; x_wconf 81' lang='lat' dir='ltr'><strong>Volvat</strong></span> <span class='ocrx_word' id='word_1_161' title='bbox 650 2127 743 2176; x_wconf 72' lang='lat' dir='ltr'><strong>aqueas,</strong></span> <span class='ocrx_word' id='word_1_162' title='bbox 753 2112 858 2178; x_wconf 78' lang='lat' dir='ltr'><strong>gentinis</strong></span> <span class='ocrx_word' id='word_1_163' title='bbox 870 2123 896 2160; x_wconf 88' lang='lat' dir='ltr'><strong>et</strong></span> <span class='ocrx_word' id='word_1_164' title='bbox 906 2111 987 2164; x_wconf 83' lang='lat' dir='ltr'><strong>desint</strong></span> <span class='ocrx_word' id='word_1_165' title='bbox 994 2112 1099 2172; x_wconf 74' lang='lat' dir='ltr'><strong>Syru&#39;bm</strong></span> <span class='ocrx_word' id='word_1_166' title='bbox 1112 2112 1195 2160; x_wconf 80' lang='lat' dir='ltr'><strong>uudae.</strong></span> 
     </span>
    </p>
   </div>
   <div class='ocr_carea' id='block_1_11' title="bbox 397 2237 1469 3068">
    <p class='ocr_par' dir='ltr' id='par_1_11' title="bbox 397 2237 1469 3068">
     <span class='ocr_line' id='line_1_20' title="bbox 398 2237 1459 2326; baseline -0.008 -27.846"><span class='ocrx_word' id='word_1_167' title='bbox 398 2243 511 2298; x_wconf 87' lang='lat' dir='ltr'><strong>«Totius</strong></span> <span class='ocrx_word' id='word_1_168' title='bbox 520 2241 573 2295; x_wconf 92' lang='lat' dir='ltr'><strong>loci</strong></span> <span class='ocrx_word' id='word_1_169' title='bbox 585 2241 747 2295; x_wconf 83' lang='lat' dir='ltr'><strong>difficultas</strong></span> <span class='ocrx_word' id='word_1_170' title='bbox 740 2254 809 2295; x_wconf 87' lang='lat' dir='ltr'><strong>mest</strong></span> <span class='ocrx_word' id='word_1_171' title='bbox 822 2243 882 2297; x_wconf 83' lang='lat' dir='ltr'><strong>voci</strong></span> <span class='ocrx_word' id='word_1_172' title='bbox 895 2245 1022 2311; x_wconf 75' lang='lat' dir='ltr'><strong>quamvis,</strong></span> <span class='ocrx_word' id='word_1_173' title='bbox 1034 2260 1118 2326; x_wconf 83' lang='lat' dir='ltr'><strong>quam</strong></span> <span class='ocrx_word' id='word_1_174' title='bbox 1129 2240 1312 2294; x_wconf 81' lang='lat' dir='ltr'><strong>difficultatem</strong></span> <span class='ocrx_word' id='word_1_175' title='bbox 1326 2237 1418 2292; x_wconf 86' lang='lat' dir='ltr'><strong>tollere</strong></span> <span class='ocrx_word' id='word_1_176' title='bbox 1429 2255 1459 2290; x_wconf 88' lang='lat' dir='ltr'><strong>eo</strong></span> 
     </span>
     <span class='ocr_line' id='line_1_21' title="bbox 397 2312 1459 2395; baseline -0.008 -13"><span class='ocrx_word' id='word_1_177' title='bbox 397 2329 486 2382; x_wconf 90' lang='lat' dir='ltr'><strong>conati</strong></span> <span class='ocrx_word' id='word_1_178' title='bbox 502 2337 564 2379; x_wconf 91' lang='lat' dir='ltr'><strong>sunt</strong></span> <span class='ocrx_word' id='word_1_179' title='bbox 579 2325 719 2390; x_wconf 88' lang='lat' dir='ltr'><strong>nonnulli,</strong></span> <span class='ocrx_word' id='word_1_180' title='bbox 734 2337 764 2379; x_wconf 88' lang='lat' dir='ltr'><strong>ut</strong></span> <span class='ocrx_word' id='word_1_181' title='bbox 779 2326 857 2380; x_wconf 89' lang='lat' dir='ltr'><strong>aliam</strong></span> <span class='ocrx_word' id='word_1_182' title='bbox 877 2345 970 2382; x_wconf 85' lang='lat' dir='ltr'><strong>vocem</strong></span> <span class='ocrx_word' id='word_1_183' title='bbox 984 2312 1179 2380; x_wconf 84' lang='lat' dir='ltr'><strong>substituerent</strong></span> <span class='ocrx_word' id='word_1_184' title='bbox 1193 2324 1237 2379; x_wconf 89' lang='lat' dir='ltr'><strong>Sic</strong></span> <span class='ocrx_word' id='word_1_185' title='bbox 1255 2322 1395 2395; x_wconf 87' lang='lat' dir='ltr'><strong>Clerquius</strong></span> <span class='ocrx_word' id='word_1_186' title='bbox 1408 2341 1459 2374; x_wconf 80' lang='lat' dir='ltr'><strong>oss</strong></span> 
     </span>
     <span class='ocr_line' id='line_1_22' title="bbox 397 2405 1458 2483; baseline -0.01 -17"><span class='ocrx_word' id='word_1_187' title='bbox 397 2420 483 2475; x_wconf 76' lang='lat' dir='ltr'><strong>lever,</strong></span> <span class='ocrx_word' id='word_1_188' title='bbox 496 2411 573 2464; x_wconf 89' lang='lat' dir='ltr'><strong>Obss.</strong></span> <span class='ocrx_word' id='word_1_189' title='bbox 586 2409 630 2462; x_wconf 88' lang='lat' dir='ltr'><strong>sel.</strong></span> <span class='ocrx_word' id='word_1_190' title='bbox 644 2408 730 2480; x_wconf 83' lang='lat' dir='ltr'><strong>Lugd.</strong></span> <span class='ocrx_word' id='word_1_191' title='bbox 742 2409 799 2464; x_wconf 87' lang='lat' dir='ltr'><strong>But</strong></span> <span class='ocrx_word' id='word_1_192' title='bbox 815 2414 900 2483; x_wconf 87' lang='lat'><em>1767,</em></span> <span class='ocrx_word' id='word_1_193' title='bbox 914 2431 940 2483; x_wconf 92' lang='lat' dir='ltr'><strong>p.</strong></span> <span class='ocrx_word' id='word_1_194' title='bbox 953 2413 986 2465; x_wconf 77' lang='lat'><strong>⁵3</strong></span> <span class='ocrx_word' id='word_1_195' title='bbox 995 2411 1128 2483; x_wconf 89' lang='lat' dir='ltr'><strong>,conjecit</strong></span> <span class='ocrx_word' id='word_1_196' title='bbox 1140 2428 1248 2478; x_wconf 83' lang='lat' dir='ltr'><strong>gurges,</strong></span> <span class='ocrx_word' id='word_1_197' title='bbox 1266 2405 1340 2479; x_wconf 90' lang='lat' dir='ltr'><strong>quod</strong></span> <span class='ocrx_word' id='word_1_198' title='bbox 1357 2418 1458 2467; x_wconf 84' lang='lat' dir='ltr'><strong>tumen,</strong></span> 
     </span>
     <span class='ocr_line' id='line_1_23' title="bbox 399 2489 1460 2566; baseline -0.006 -18"><span class='ocrx_word' id='word_1_199' title='bbox 399 2506 454 2548; x_wconf 90' lang='lat' dir='ltr'><strong>uta</strong></span> <span class='ocrx_word' id='word_1_200' title='bbox 467 2493 598 2566; x_wconf 86' lang='lat' dir='ltr'><strong>scriptura</strong></span> <span class='ocrx_word' id='word_1_201' title='bbox 610 2489 772 2556; x_wconf 83' lang='lat' dir='ltr'><strong>codicum&#39;</strong></span> <span class='ocrx_word' id='word_1_202' title='bbox 745 2494 825 2546; x_wconf 83' lang='lat' dir='ltr'><strong>usmis</strong></span> <span class='ocrx_word' id='word_1_203' title='bbox 837 2493 963 2548; x_wconf 86' lang='lat' dir='ltr'><strong>recedens</strong></span> <span class='ocrx_word' id='word_1_204' title='bbox 972 2533 980 2558; x_wconf 89' lang='lat'><strong>,</strong></span> <span class='ocrx_word' id='word_1_205' title='bbox 989 2505 1060 2548; x_wconf 86' lang='lat' dir='ltr'><strong>recte</strong></span> <span class='ocrx_word' id='word_1_206' title='bbox 1071 2493 1178 2564; x_wconf 88' lang='lat' dir='ltr'><strong>quidem</strong></span> <span class='ocrx_word' id='word_1_207' title='bbox 1193 2490 1344 2565; x_wconf 81' lang='lat' dir='ltr'><strong>repudiavit</strong></span> <span class='ocrx_word' id='word_1_208' title='bbox 1353 2490 1460 2561; x_wconf 85' lang='lat' dir='ltr'><strong>popula·</strong></span> 
     </span>
     <span class='ocr_line' id='line_1_24' title="bbox 397 2574 1460 2651; baseline -0.004 -20"><span class='ocrx_word' id='word_1_209' title='bbox 397 2578 435 2631; x_wconf 82' lang='lat' dir='ltr'><strong>ris</strong></span> <span class='ocrx_word' id='word_1_210' title='bbox 445 2577 502 2650; x_wconf 81' lang='lat' dir='ltr'><strong>ejus</strong></span> <span class='ocrx_word' id='word_1_211' title='bbox 514 2575 579 2629; x_wconf 79' lang='lat' dir='ltr'><strong>Adr.</strong></span> <span class='ocrx_word' id='word_1_212' title='bbox 594 2595 647 2626; x_wconf 75' lang='lat' dir='ltr'><strong>ean</strong></span> <span class='ocrx_word' id='word_1_213' title='bbox 666 2580 749 2643; x_wconf 77' lang='lat' dir='ltr'><strong>norp,</strong></span> <span class='ocrx_word' id='word_1_214' title='bbox 768 2576 845 2630; x_wconf 87' lang='lat' dir='ltr'><strong>Obss.</strong></span> <span class='ocrx_word' id='word_1_215' title='bbox 859 2576 933 2651; x_wconf 88' lang='lat' dir='ltr'><strong>Traj.</strong></span> <span class='ocrx_word' id='word_1_216' title='bbox 952 2575 987 2630; x_wconf 89' lang='lat' dir='ltr'><strong>ad</strong></span> <span class='ocrx_word' id='word_1_217' title='bbox 1000 2577 1144 2642; x_wconf 87' lang='lat' dir='ltr'><strong>Rhenum,</strong></span> <span class='ocrx_word' id='word_1_218' title='bbox 1163 2579 1248 2646; x_wconf 86' lang='lat'><strong>1769,</strong></span> <span class='ocrx_word' id='word_1_219' title='bbox 1263 2595 1290 2646; x_wconf 89' lang='lat' dir='ltr'><strong>p.</strong></span> <span class='ocrx_word' id='word_1_220' title='bbox 1304 2577 1349 2628; x_wconf 83' lang='lat'><strong>81.</strong></span> <span class='ocrx_word' id='word_1_221' title='bbox 1365 2574 1460 2628; x_wconf 88' lang='lat' dir='ltr'><strong>Dubito</strong></span> 
     </span>
     <span class='ocr_line' id='line_1_25' title="bbox 399 2656 1460 2734; baseline -0.007 -18"><span class='ocrx_word' id='word_1_222' title='bbox 399 2675 508 2723; x_wconf 83' lang='lat' dir='ltr'><strong>tamen,</strong></span> <span class='ocrx_word' id='word_1_223' title='bbox 521 2677 556 2710; x_wconf 87' lang='lat' dir='ltr'><strong>au</strong></span> <span class='ocrx_word' id='word_1_224' title='bbox 566 2656 744 2711; x_wconf 89' lang='lat' dir='ltr'><strong>admittendus</strong></span> <span class='ocrx_word' id='word_1_225' title='bbox 757 2659 806 2724; x_wconf 86' lang='lat' dir='ltr'><strong>sit,</strong></span> <span class='ocrx_word' id='word_1_226' title='bbox 818 2679 898 2731; x_wconf 86' lang='lat' dir='ltr'><strong>quern</strong></span> <span class='ocrx_word' id='word_1_227' title='bbox 912 2680 1041 2734; x_wconf 84' lang='lat' dir='ltr'><strong>reponere</strong></span> <span class='ocrx_word' id='word_1_228' title='bbox 1052 2661 1169 2726; x_wconf 87' lang='lat' dir='ltr'><strong>mavult,</strong></span> <span class='ocrx_word' id='word_1_229' title='bbox 1184 2661 1263 2711; x_wconf 79' lang='lat' dir='ltr'><strong>amnis</strong></span> <span class='ocrx_word' id='word_1_230' title='bbox 1274 2658 1460 2731; x_wconf 80' lang='lat' dir='ltr'><strong>(Tyrrhenus,</strong></span> 
     </span>
     <span class='ocr_line' id='line_1_26' title="bbox 399 2740 1460 2814; baseline -0.004 -16"><span class='ocrx_word' id='word_1_231' title='bbox 399 2761 497 2814; x_wconf 87' lang='lat' dir='ltr'><strong>nempe</strong></span> <span class='ocrx_word' id='word_1_232' title='bbox 507 2741 631 2808; x_wconf 86' lang='lat' dir='ltr'><strong>Tibris);</strong></span> <span class='ocrx_word' id='word_1_233' title='bbox 642 2759 706 2793; x_wconf 87' lang='lat' dir='ltr'><strong>nam</strong></span> <span class='ocrx_word' id='word_1_234' title='bbox 714 2760 768 2792; x_wconf 92' lang='lat' dir='ltr'><strong>non</strong></span> <span class='ocrx_word' id='word_1_235' title='bbox 783 2740 817 2795; x_wconf 87' lang='lat' dir='ltr'><strong>de</strong></span> <span class='ocrx_word' id='word_1_236' title='bbox 829 2741 1000 2807; x_wconf 84' lang='lat' dir='ltr'><strong>fluminibus,</strong></span> <span class='ocrx_word' id='word_1_237' title='bbox 1011 2745 1058 2798; x_wconf 90' lang='lat' dir='ltr'><strong>sed</strong></span> <span class='ocrx_word' id='word_1_238' title='bbox 1072 2744 1189 2796; x_wconf 87' lang='lat' dir='ltr'><strong>maribus</strong></span> <span class='ocrx_word' id='word_1_239' title='bbox 1202 2762 1289 2796; x_wconf 87' lang='lat' dir='ltr'><strong>sermo</strong></span> <span class='ocrx_word' id='word_1_240' title='bbox 1303 2755 1350 2796; x_wconf 78' lang='lat' dir='ltr'><strong>est</strong></span> <span class='ocrx_word' id='word_1_241' title='bbox 1369 2742 1460 2795; x_wconf 81' lang='lat' dir='ltr'><strong>Harle-</strong></span> 
     </span>
     <span class='ocr_line' id='line_1_27' title="bbox 398 2824 1469 2901; baseline -0.004 -21"><span class='ocrx_word' id='word_1_242' title='bbox 398 2827 464 2890; x_wconf 87' lang='lat' dir='ltr'><strong>sius,</strong></span> <span class='ocrx_word' id='word_1_243' title='bbox 474 2826 502 2878; x_wconf 87' lang='lat' dir='ltr'><strong>in</strong></span> <span class='ocrx_word' id='word_1_244' title='bbox 510 2835 571 2877; x_wconf 89' lang='lat' dir='ltr'><strong>nota</strong></span> <span class='ocrx_word' id='word_1_245' title='bbox 579 2824 642 2877; x_wconf 88' lang='lat' dir='ltr'><strong>huic</strong></span> <span class='ocrx_word' id='word_1_246' title='bbox 655 2824 714 2878; x_wconf 89' lang='lat' dir='ltr'><strong>loco</strong></span> <span class='ocrx_word' id='word_1_247' title='bbox 723 2829 851 2901; x_wconf 86' lang='lat' dir='ltr'><strong>subjectu,</strong></span> <span class='ocrx_word' id='word_1_248' title='bbox 862 2827 899 2881; x_wconf 89' lang='lat' dir='ltr'><strong>ita</strong></span> <span class='ocrx_word' id='word_1_249' title='bbox 909 2827 1033 2900; x_wconf 84' lang='lat' dir='ltr'><strong>expedire</strong></span> <span class='ocrx_word' id='word_1_250' title='bbox 1041 2828 1136 2894; x_wconf 83' lang='lat' dir='ltr'><strong>voluit,</strong></span> <span class='ocrx_word' id='word_1_251' title='bbox 1147 2839 1176 2880; x_wconf 91' lang='lat' dir='ltr'><strong>ut</strong></span> <span class='ocrx_word' id='word_1_252' title='bbox 1187 2847 1233 2879; x_wconf 84' lang='lat' dir='ltr'><strong>uec</strong></span> <span class='ocrx_word' id='word_1_253' title='bbox 1245 2828 1388 2881; x_wconf 81' lang='lat' dir='ltr'><strong>resolveret</strong></span> <span class='ocrx_word' id='word_1_254' title='bbox 1401 2826 1428 2877; x_wconf 90' lang='lat' dir='ltr'><strong>in</strong></span> <span class='ocrx_word' id='word_1_255' title='bbox 1439 2825 1469 2876; x_wconf 67' lang='lat' dir='ltr'><strong>et&#39;</strong></span> 
     </span>
     <span class='ocr_line' id='line_1_28' title="bbox 397 2909 1461 2986; baseline -0.003 -23"><span class='ocrx_word' id='word_1_256' title='bbox 397 2931 468 2972; x_wconf 85' lang='grc' dir='ltr'><strong>ιιοιι,</strong></span> <span class='ocrx_word' id='word_1_257' title='bbox 491 2927 550 2982; x_wconf 83' lang='lat' dir='ltr'><strong>quse</strong></span> <span class='ocrx_word' id='word_1_258' title='bbox 565 2909 701 2980; x_wconf 53' lang='lat' dir='ltr'><strong>,posterior</strong></span> <span class='ocrx_word' id='word_1_259' title='bbox 719 2910 815 2964; x_wconf 81' lang='lat' dir='ltr'><strong>vocrrla</strong></span> <span class='ocrx_word' id='word_1_260' title='bbox 833 2929 894 2964; x_wconf 90' lang='lat' dir='ltr'><strong>cum</strong></span> <span class='ocrx_word' id='word_1_261' title='bbox 920 2927 1003 2964; x_wconf 80' lang='lat' dir='ltr'><strong>tentas</strong></span> <span class='ocrx_word' id='word_1_262' title='bbox 1025 2910 1212 2986; x_wconf 84' lang='lat' dir='ltr'><strong>conjungenda</strong></span> <span class='ocrx_word' id='word_1_263' title='bbox 1232 2911 1283 2975; x_wconf 87' lang='lat' dir='ltr'><strong>sit,</strong></span> <span class='ocrx_word' id='word_1_264' title='bbox 1301 2923 1361 2982; x_wconf 85' lang='lat' dir='ltr'><strong>post</strong></span> <span class='ocrx_word' id='word_1_265' title='bbox 1381 2924 1461 2960; x_wconf 72' lang='lat' dir='ltr'><strong>tantm</strong></span> 
     </span>
     <span class='ocr_line' id='line_1_29' title="bbox 398 2991 1462 3068; baseline -0.004 -21"><span class='ocrx_word' id='word_1_266' title='bbox 398 3012 478 3066; x_wconf 93' lang='lat' dir='ltr'><strong>porro</strong></span> <span class='ocrx_word' id='word_1_267' title='bbox 491 2991 696 3063; x_wconf 85' lang='lat' dir='ltr'><strong>subintelligeret</strong></span> <span class='ocrx_word' id='word_1_268' title='bbox 710 3009 830 3062; x_wconf 84' lang='lat' dir='ltr'><strong>quantas,</strong></span> <span class='ocrx_word' id='word_1_269' title='bbox 852 3013 1012 3068; x_wconf 86' lang='lat' dir='ltr'><strong>sensumque</strong></span> <span class='ocrx_word' id='word_1_270' title='bbox 1023 2996 1096 3049; x_wconf 91' lang='lat' dir='ltr'><strong>hunc</strong></span> <span class='ocrx_word' id='word_1_271' title='bbox 1109 2995 1230 3048; x_wconf 89' lang='lat' dir='ltr'><strong>eliceret:</strong></span> <span class='ocrx_word' id='word_1_272' title='bbox 1242 2997 1335 3046; x_wconf 73' lang='lat' dir='ltr'><strong>nulum</strong></span> <span class='ocrx_word' id='word_1_273' title='bbox 1347 3011 1416 3044; x_wconf 80' lang='grc' dir='ltr'><strong>ιιιιιιι</strong></span> <span class='ocrx_word' id='word_1_274' title='bbox 1428 3006 1462 3044; x_wconf 83' lang='lat' dir='ltr'><strong>est</strong></span> 
     </span>
    </p>
   </div>
   <div class='ocr_carea' id='block_1_12' title="bbox 398 3076 1461 3228">
    <p class='ocr_par' dir='ltr' id='par_1_12' title="bbox 398 3076 1461 3228">
     <span class='ocr_line' id='line_1_30' title="bbox 398 3076 1461 3150; baseline -0.002 -20"><span class='ocrx_word' id='word_1_275' title='bbox 398 3093 450 3130; x_wconf 83' lang='lat' dir='ltr'><strong>tum</strong></span> <span class='ocrx_word' id='word_1_276' title='bbox 460 3079 621 3147; x_wconf 80' lang='lat' dir='ltr'><strong>periculosum</strong></span> <span class='ocrx_word' id='word_1_277' title='bbox 649 3076 699 3147; x_wconf 89' lang='lat' dir='ltr'><strong>(de</strong></span> <span class='ocrx_word' id='word_1_278' title='bbox 709 3079 827 3150; x_wconf 83' lang='lat' dir='ltr'><strong>periculo</strong></span> <span class='ocrx_word' id='word_1_279' title='bbox 843 3089 931 3133; x_wconf 83' lang='lat' dir='ltr'><strong>tamen</strong></span> <span class='ocrx_word' id='word_1_280' title='bbox 944 3080 989 3133; x_wconf 88' lang='lat' dir='ltr'><strong>hic</strong></span> <span class='ocrx_word' id='word_1_281' title='bbox 1000 3079 1120 3134; x_wconf 87' lang='lat' dir='ltr'><strong>noudum</strong></span> <span class='ocrx_word' id='word_1_282' title='bbox 1133 3076 1304 3150; x_wconf 85' lang='lat' dir='ltr'><strong>cogitandum</strong></span> <span class='ocrx_word' id='word_1_283' title='bbox 1318 3093 1375 3129; x_wconf 88' lang='lat' dir='ltr'><strong>esse</strong></span> <span class='ocrx_word' id='word_1_284' title='bbox 1388 3089 1461 3147; x_wconf 83' lang='lat' dir='ltr'><strong>puta·</strong></span> 
     </span>
     <span class='ocr_line' id='line_1_31' title="bbox 400 3153 1460 3228; baseline -0.001 -19"><span class='ocrx_word' id='word_1_285' title='bbox 400 3157 501 3223; x_wconf 81' lang='lat' dir='ltr'><strong>verim‚</strong></span> <span class='ocrx_word' id='word_1_286' title='bbox 516 3154 561 3208; x_wconf 88' lang='lat' dir='ltr'><strong>sed</strong></span> <span class='ocrx_word' id='word_1_287' title='bbox 574 3153 608 3208; x_wconf 88' lang='lat' dir='ltr'><strong>de</strong></span> <span class='ocrx_word' id='word_1_288' title='bbox 624 3157 680 3208; x_wconf 90' lang='lat' dir='ltr'><strong>sola</strong></span> <span class='ocrx_word' id='word_1_289' title='bbox 693 3155 883 3227; x_wconf 86' lang='lat' dir='ltr'><strong>amplitudine,</strong></span> <span class='ocrx_word' id='word_1_290' title='bbox 899 3167 925 3209; x_wconf 89' lang='lat' dir='ltr'><strong>et</strong></span> <span class='ocrx_word' id='word_1_291' title='bbox 941 3157 1019 3209; x_wconf 84' lang='lat' dir='ltr'><strong>nimis</strong></span> <span class='ocrx_word' id='word_1_292' title='bbox 1030 3174 1150 3228; x_wconf 86' lang='lat' dir='ltr'><strong>premere</strong></span> <span class='ocrx_word' id='word_1_293' title='bbox 1163 3163 1191 3214; x_wconf 80' lang='grc' dir='ltr'><strong>τὸ</strong></span> <span class='ocrx_word' id='word_1_294' title='bbox 1206 3162 1306 3210; x_wconf 79' lang='lat' dir='ltr'><strong>volvere</strong></span> <span class='ocrx_word' id='word_1_295' title='bbox 1325 3157 1369 3210; x_wconf 76' lang='lat' dir='ltr'><strong>vir</strong></span> <span class='ocrx_word' id='word_1_296' title='bbox 1383 3156 1460 3210; x_wconf 85' lang='lat' dir='ltr'><strong>celeb</strong></span> 
     </span>
    </p>
   </div>
   <div class='ocr_carea' id='block_1_13' title="bbox 375 3239 1467 4322">
    <p class='ocr_par' dir='ltr' id='par_1_13' title="bbox 375 3239 1467 4322">
     <span class='ocr_line' id='line_1_32' title="bbox 401 3239 1462 3310; baseline -0.002 -18"><span class='ocrx_word' id='word_1_297' title='bbox 401 3239 537 3308; x_wconf 78' lang='lat' dir='ltr'><strong>videtur),</strong></span> <span class='ocrx_word' id='word_1_298' title='bbox 550 3259 625 3308; x_wconf 84' lang='lat' dir='ltr'><strong>quam</strong></span> <span class='ocrx_word' id='word_1_299' title='bbox 637 3245 726 3291; x_wconf 82' lang='lat' dir='ltr'><strong>Pontus</strong></span> <span class='ocrx_word' id='word_1_300' title='bbox 740 3244 855 3292; x_wconf 70' lang='lat' dir='ltr'><strong>Euxinus</strong></span> <span class='ocrx_word' id='word_1_301' title='bbox 862 3279 871 3302; x_wconf 89' lang='lat'><strong>,</strong></span> <span class='ocrx_word' id='word_1_302' title='bbox 890 3244 965 3294; x_wconf 86' lang='lat' dir='ltr'><strong>etiam</strong></span> <span class='ocrx_word' id='word_1_303' title='bbox 983 3245 1093 3310; x_wconf 82' lang='lat' dir='ltr'><strong>quamvis</strong></span> <span class='ocrx_word' id='word_1_304' title='bbox 1112 3261 1162 3294; x_wconf 82' lang='grc' dir='ltr'><strong>ιιοιι</strong></span> <span class='ocrx_word' id='word_1_305' title='bbox 1176 3257 1259 3294; x_wconf 78' lang='lat' dir='ltr'><strong>tantas</strong></span> <span class='ocrx_word' id='word_1_306' title='bbox 1271 3245 1357 3294; x_wconf 74' lang='lat' dir='ltr'><strong>witae</strong></span> <span class='ocrx_word' id='word_1_307' title='bbox 1370 3259 1462 3308; x_wconf 78' lang='lat' dir='ltr'><strong>aquus,</strong></span> 
     </span>
     <span class='ocr_line' id='line_1_33' title="bbox 400 3325 1462 3394; baseline -0.002 -18"><span class='ocrx_word' id='word_1_308' title='bbox 400 3327 450 3377; x_wconf 78' lang='lat' dir='ltr'><strong>sive</strong></span> <span class='ocrx_word' id='word_1_309' title='bbox 465 3325 638 3394; x_wconf 80' lang='lat' dir='ltr'><strong>marisfluctus</strong></span> <span class='ocrx_word' id='word_1_310' title='bbox 646 3361 655 3384; x_wconf 90' lang='lat'><strong>,</strong></span> <span class='ocrx_word' id='word_1_311' title='bbox 669 3337 777 3391; x_wconf 72' lang='lat' dir='ltr'><strong>quantas</strong></span> <span class='ocrx_word' id='word_1_312' title='bbox 796 3343 865 3376; x_wconf 84' lang='lat' dir='ltr'><strong>mare</strong></span> <span class='ocrx_word' id='word_1_313' title='bbox 879 3329 1027 3390; x_wconf 56' lang='lat' dir='ltr'><strong>entonam</strong></span> <span class='ocrx_word' id='word_1_314' title='bbox 1042 3340 1067 3377; x_wconf 86' lang='lat' dir='ltr'><strong>et</strong></span> <span class='ocrx_word' id='word_1_315' title='bbox 1078 3329 1209 3394; x_wconf 77' lang='lat' dir='ltr'><strong>AEgoeum,</strong></span> <span class='ocrx_word' id='word_1_316' title='bbox 1226 3339 1251 3378; x_wconf 87' lang='lat' dir='ltr'><strong>et</strong></span> <span class='ocrx_word' id='word_1_317' title='bbox 1262 3326 1373 3392; x_wconf 81' lang='lat' dir='ltr'><strong>quamss&#39;s</strong></span> <span class='ocrx_word' id='word_1_318' title='bbox 1391 3327 1462 3375; x_wconf 78' lang='lat' dir='ltr'><strong>nulle</strong></span> 
     </span>
     <span class='ocr_line' id='line_1_34' title="bbox 375 3405 1462 3481; baseline 0 -21"><span class='ocrx_word' id='word_1_319' title='bbox 375 3453 378 3460; x_wconf 91' lang='lat'><em>.</em></span> <span class='ocrx_word' id='word_1_320' title='bbox 399 3410 434 3458; x_wconf 82' lang='lat' dir='ltr'><strong>ibi</strong></span> <span class='ocrx_word' id='word_1_321' title='bbox 442 3410 490 3458; x_wconf 82' lang='lat' dir='ltr'><strong>siut</strong></span> <span class='ocrx_word' id='word_1_322' title='bbox 498 3413 588 3472; x_wconf 76' lang='lat' dir='ltr'><strong>Syrtes.</strong></span> <span class='ocrx_word' id='word_1_323' title='bbox 605 3406 738 3460; x_wconf 81' lang='lat' dir='ltr'><strong>Hactenus</strong></span> <span class='ocrx_word' id='word_1_324' title='bbox 751 3405 901 3472; x_wconf 74' lang='lat' dir='ltr'><strong>Har-letius,</strong></span> <span class='ocrx_word' id='word_1_325' title='bbox 915 3409 991 3481; x_wconf 84' lang='lat' dir='ltr'><strong>cujus</strong></span> <span class='ocrx_word' id='word_1_326' title='bbox 1003 3427 1141 3462; x_wconf 88' lang='lat' dir='ltr'><strong>censuram</strong></span> <span class='ocrx_word' id='word_1_327' title='bbox 1155 3409 1282 3474; x_wconf 64' lang='lat' dir='ltr'><strong>bechus,</strong></span> <span class='ocrx_word' id='word_1_328' title='bbox 1297 3409 1316 3462; x_wconf 87' lang='lat'><strong>1.</strong></span> <span class='ocrx_word' id='word_1_329' title='bbox 1330 3411 1347 3462; x_wconf 93' lang='lat' dir='ltr'><strong>l.</strong></span> <span class='ocrx_word' id='word_1_330' title='bbox 1358 3427 1386 3480; x_wconf 90' lang='lat' dir='ltr'><strong>p.</strong></span> <span class='ocrx_word' id='word_1_331' title='bbox 1400 3410 1462 3478; x_wconf 77' lang='lat'><strong>267,</strong></span> 
     </span>
     <span class='ocr_line' id='line_1_35' title="bbox 400 3489 1463 3564; baseline -0.002 -20"><span class='ocrx_word' id='word_1_332' title='bbox 400 3489 474 3544; x_wconf 88' lang='lat' dir='ltr'><strong>dedit</strong></span> <span class='ocrx_word' id='word_1_333' title='bbox 482 3491 567 3544; x_wconf 81' lang='lat' dir='ltr'><strong>hunc:</strong></span> <span class='ocrx_word' id='word_1_334' title='bbox 579 3490 681 3544; x_wconf 89' lang='lat' dir='ltr'><strong>Unicus</strong></span> <span class='ocrx_word' id='word_1_335' title='bbox 694 3509 750 3544; x_wconf 84' lang='lat' dir='ltr'><strong>esse</strong></span> <span class='ocrx_word' id='word_1_336' title='bbox 764 3503 865 3563; x_wconf 87' lang='lat' dir='ltr'><strong>potest,</strong></span> <span class='ocrx_word' id='word_1_337' title='bbox 875 3511 956 3564; x_wconf 88' lang='lat' dir='ltr'><strong>quem</strong></span> <span class='ocrx_word' id='word_1_338' title='bbox 964 3493 1056 3546; x_wconf 85' lang='lat' dir='ltr'><strong>elicuit</strong></span> <span class='ocrx_word' id='word_1_339' title='bbox 1064 3493 1137 3546; x_wconf 89' lang='lat' dir='ltr'><strong>Harl.</strong></span> <span class='ocrx_word' id='word_1_340' title='bbox 1147 3531 1154 3558; x_wconf 91' lang='lat'><strong>,</strong></span> <span class='ocrx_word' id='word_1_341' title='bbox 1165 3511 1270 3557; x_wconf 84' lang='lat' dir='ltr'><strong>sensus,</strong></span> <span class='ocrx_word' id='word_1_342' title='bbox 1283 3493 1306 3546; x_wconf 88' lang='lat' dir='ltr'><strong>si</strong></span> <span class='ocrx_word' id='word_1_343' title='bbox 1314 3490 1463 3544; x_wconf 84' lang='lat' dir='ltr'><strong>concessive</strong></span> 
     </span>
     <span class='ocr_line' id='line_1_36' title="bbox 401 3571 1462 3651; baseline -0.001 -25"><span class='ocrx_word' id='word_1_344' title='bbox 401 3573 546 3644; x_wconf 85' lang='lat' dir='ltr'><strong>intelligas,</strong></span> <span class='ocrx_word' id='word_1_345' title='bbox 563 3587 591 3626; x_wconf 88' lang='lat' dir='ltr'><strong>ut</strong></span> <span class='ocrx_word' id='word_1_346' title='bbox 605 3575 734 3646; x_wconf 83' lang='lat' dir='ltr'><strong>jungatur</strong></span> <span class='ocrx_word' id='word_1_347' title='bbox 746 3578 855 3642; x_wconf 75' lang='lat' dir='ltr'><strong>quamvis</strong></span> <span class='ocrx_word' id='word_1_348' title='bbox 869 3581 972 3638; x_wconf 61' lang='lat' dir='ltr'><strong>volvam</strong></span> <span class='ocrx_word' id='word_1_349' title='bbox 987 3576 1032 3632; x_wconf 89' lang='lat' dir='ltr'><strong>sed</strong></span> <span class='ocrx_word' id='word_1_350' title='bbox 1050 3578 1184 3650; x_wconf 88' lang='lat' dir='ltr'><strong>quomodo</strong></span> <span class='ocrx_word' id='word_1_351' title='bbox 1201 3577 1284 3651; x_wconf 86' lang='lat' dir='ltr'><strong>possit</strong></span> <span class='ocrx_word' id='word_1_352' title='bbox 1304 3571 1462 3645; x_wconf 75' lang='lat' dir='ltr'><strong>subintelligi</strong></span> 
     </span>
     <span class='ocr_line' id='line_1_37' title="bbox 401 3657 1465 3734; baseline 0 -25"><span class='ocrx_word' id='word_1_353' title='bbox 401 3673 524 3726; x_wconf 84' lang='lat' dir='ltr'><strong>quantas,</strong></span> <span class='ocrx_word' id='word_1_354' title='bbox 540 3677 593 3710; x_wconf 90' lang='lat' dir='ltr'><strong>non</strong></span> <span class='ocrx_word' id='word_1_355' title='bbox 612 3657 697 3711; x_wconf 89' lang='lat' dir='ltr'><strong>video.</strong></span> <span class='ocrx_word' id='word_1_356' title='bbox 717 3659 835 3713; x_wconf 87' lang='lat' dir='ltr'><strong>Alterum</strong></span> <span class='ocrx_word' id='word_1_357' title='bbox 853 3660 962 3732; x_wconf 90' lang='lat' dir='ltr'><strong>quidem</strong></span> <span class='ocrx_word' id='word_1_358' title='bbox 976 3676 1060 3713; x_wconf 75' lang='lat' dir='ltr'><strong>mutas</strong></span> <span class='ocrx_word' id='word_1_359' title='bbox 1073 3663 1103 3714; x_wconf 88' lang='lat' dir='ltr'><strong>in</strong></span> <span class='ocrx_word' id='word_1_360' title='bbox 1123 3660 1364 3734; x_wconf 83' lang='lat' dir='ltr'><strong>comparationibus</strong></span> <span class='ocrx_word' id='word_1_361' title='bbox 1382 3657 1465 3711; x_wconf 84' lang='lat' dir='ltr'><strong>omitti</strong></span> 
     </span>
     <span class='ocr_line' id='line_1_38' title="bbox 401 3741 1464 3820; baseline -0.001 -26"><span class='ocrx_word' id='word_1_362' title='bbox 401 3741 478 3812; x_wconf 84' lang='lat' dir='ltr'><strong>posse</strong></span> <span class='ocrx_word' id='word_1_363' title='bbox 495 3752 588 3793; x_wconf 90' lang='lat' dir='ltr'><strong>notum</strong></span> <span class='ocrx_word' id='word_1_364' title='bbox 602 3752 649 3794; x_wconf 88' lang='lat' dir='ltr'><strong>est.</strong></span> <span class='ocrx_word' id='word_1_365' title='bbox 668 3742 779 3796; x_wconf 88' lang='lat' dir='ltr'><strong>Videtur</strong></span> <span class='ocrx_word' id='word_1_366' title='bbox 800 3743 940 3815; x_wconf 89' lang='lat' dir='ltr'><strong>legendum</strong></span> <span class='ocrx_word' id='word_1_367' title='bbox 960 3750 1125 3820; x_wconf 16' lang='lat' dir='ltr'><strong>essetvolvin</strong></span> <span class='ocrx_word' id='word_1_368' title='bbox 1143 3747 1193 3800; x_wconf 89' lang='lat' dir='ltr'><strong>hoc</strong></span> <span class='ocrx_word' id='word_1_369' title='bbox 1208 3765 1299 3800; x_wconf 88' lang='lat' dir='ltr'><strong>sensu:</strong></span> <span class='ocrx_word' id='word_1_370' title='bbox 1314 3745 1369 3798; x_wconf 90' lang='lat' dir='ltr'><strong>Nec</strong></span> <span class='ocrx_word' id='word_1_371' title='bbox 1384 3759 1464 3795; x_wconf 79' lang='lat' dir='ltr'><strong>taurus</strong></span> 
     </span>
     <span class='ocr_line' id='line_1_39' title="bbox 402 3823 1465 3902; baseline 0.001 -26"><span class='ocrx_word' id='word_1_372' title='bbox 402 3843 482 3892; x_wconf 84' lang='lat' dir='ltr'><strong>aquas</strong></span> <span class='ocrx_word' id='word_1_373' title='bbox 494 3826 571 3876; x_wconf 75' lang='lat' dir='ltr'><strong>volvit</strong></span> <span class='ocrx_word' id='word_1_374' title='bbox 582 3823 654 3877; x_wconf 81' lang='lat' dir='ltr'><strong>aliud</strong></span> <span class='ocrx_word' id='word_1_375' title='bbox 669 3844 757 3890; x_wconf 89' lang='lat' dir='ltr'><strong>mare,</strong></span> <span class='ocrx_word' id='word_1_376' title='bbox 768 3831 878 3895; x_wconf 83' lang='lat' dir='ltr'><strong>quamvis</strong></span> <span class='ocrx_word' id='word_1_377' title='bbox 899 3833 1060 3894; x_wconf 57' lang='lat' dir='ltr'><strong>tyrrhenus,</strong></span> <span class='ocrx_word' id='word_1_378' title='bbox 1074 3849 1124 3886; x_wconf 89' lang='lat' dir='ltr'><strong>nec</strong></span> <span class='ocrx_word' id='word_1_379' title='bbox 1139 3832 1226 3902; x_wconf 87' lang='lat' dir='ltr'><strong>ipsum</strong></span> <span class='ocrx_word' id='word_1_380' title='bbox 1239 3827 1411 3901; x_wconf 85' lang='lat' dir='ltr'><strong>Tyrrhenum</strong></span> <span class='ocrx_word' id='word_1_381' title='bbox 1422 3837 1465 3878; x_wconf 86' lang='lat' dir='ltr'><strong>aut</strong></span> 
     </span>
     <span class='ocr_line' id='line_1_40' title="bbox 402 3909 1465 3980; baseline 0.002 -21"><span class='ocrx_word' id='word_1_382' title='bbox 402 3910 522 3979; x_wconf 82' lang='lat' dir='ltr'><strong>AEgseum</strong></span> <span class='ocrx_word' id='word_1_383' title='bbox 535 3927 626 3972; x_wconf 88' lang='lat' dir='ltr'><strong>mare;</strong></span> <span class='ocrx_word' id='word_1_384' title='bbox 644 3921 669 3962; x_wconf 88' lang='lat' dir='ltr'><strong>et</strong></span> <span class='ocrx_word' id='word_1_385' title='bbox 684 3913 802 3976; x_wconf 57' lang='lat' dir='ltr'><strong>emtus,</strong></span> <span class='ocrx_word' id='word_1_386' title='bbox 812 3911 1005 3967; x_wconf 83' lang='lat' dir='ltr'><strong>Mediterraneo</strong></span> <span class='ocrx_word' id='word_1_387' title='bbox 1019 3915 1098 3980; x_wconf 88' lang='lat' dir='ltr'><strong>muri,</strong></span> <span class='ocrx_word' id='word_1_388' title='bbox 1110 3919 1199 3966; x_wconf 79' lang='lat' dir='ltr'><strong>desunt</strong></span> <span class='ocrx_word' id='word_1_389' title='bbox 1212 3917 1298 3974; x_wconf 77' lang='lat' dir='ltr'><strong>urrdae,</strong></span> <span class='ocrx_word' id='word_1_390' title='bbox 1310 3909 1346 3964; x_wconf 85' lang='lat' dir='ltr'><strong>ad</strong></span> <span class='ocrx_word' id='word_1_391' title='bbox 1354 3911 1465 3964; x_wconf 88' lang='lat' dir='ltr'><strong>Pontum</strong></span> 
     </span>
     <span class='ocr_line' id='line_1_41' title="bbox 403 3991 1465 4070; baseline 0.002 -27"><span class='ocrx_word' id='word_1_392' title='bbox 403 3991 535 4043; x_wconf 86' lang='lat' dir='ltr'><strong>Euxinum</strong></span> <span class='ocrx_word' id='word_1_393' title='bbox 550 3991 720 4063; x_wconf 86' lang='lat' dir='ltr'><strong>comparatis,</strong></span> <span class='ocrx_word' id='word_1_394' title='bbox 735 3994 762 4045; x_wconf 91' lang='lat' dir='ltr'><strong>h.</strong></span> <span class='ocrx_word' id='word_1_395' title='bbox 772 4013 795 4047; x_wconf 90' lang='lat' dir='ltr'><strong>e.</strong></span> <span class='ocrx_word' id='word_1_396' title='bbox 810 3995 896 4049; x_wconf 88' lang='lat' dir='ltr'><strong>miuus</strong></span> <span class='ocrx_word' id='word_1_397' title='bbox 910 3997 1008 4050; x_wconf 85' lang='lat' dir='ltr'><strong>hubent</strong></span> <span class='ocrx_word' id='word_1_398' title='bbox 1023 4016 1164 4070; x_wconf 86' lang='lat' dir='ltr'><strong>aquarum,</strong></span> <span class='ocrx_word' id='word_1_399' title='bbox 1178 3997 1294 4049; x_wconf 89' lang='lat' dir='ltr'><strong>minores</strong></span> <span class='ocrx_word' id='word_1_400' title='bbox 1307 3995 1404 4048; x_wconf 85' lang='lat' dir='ltr'><strong>fluctus</strong></span> <span class='ocrx_word' id='word_1_401' title='bbox 1416 3995 1465 4046; x_wconf 90' lang='lat' dir='ltr'><strong>tol·</strong></span> 
     </span>
     <span class='ocr_line' id='line_1_42' title="bbox 405 4074 1465 4152; baseline 0.002 -26"><span class='ocrx_word' id='word_1_402' title='bbox 405 4074 510 4127; x_wconf 72' lang='lat' dir='ltr'><strong>lunt-—</strong></span> <span class='ocrx_word' id='word_1_403' title='bbox 518 4075 608 4146; x_wconf 91' lang='lat' dir='ltr'><strong>Nuper</strong></span> <span class='ocrx_word' id='word_1_404' title='bbox 618 4080 768 4130; x_wconf 77' lang='lat' dir='ltr'><strong>Slotiouwer</strong></span> <span class='ocrx_word' id='word_1_405' title='bbox 775 4077 805 4130; x_wconf 92' lang='lat' dir='ltr'><strong>in</strong></span> <span class='ocrx_word' id='word_1_406' title='bbox 816 4080 873 4132; x_wconf 80' lang='lat' dir='ltr'><strong>Act.</strong></span> <span class='ocrx_word' id='word_1_407' title='bbox 883 4079 979 4134; x_wconf 79' lang='lat' dir='ltr'><strong>literar.</strong></span> <span class='ocrx_word' id='word_1_408' title='bbox 988 4081 1201 4152; x_wconf 81' lang='lat' dir='ltr'><strong>Rheno-Treject.</strong></span> <span class='ocrx_word' id='word_1_409' title='bbox 1218 4077 1272 4132; x_wconf 84' lang='lat' dir='ltr'><strong>vol.</strong></span> <span class='ocrx_word' id='word_1_410' title='bbox 1283 4077 1326 4130; x_wconf 89' lang='lat'><strong>111</strong></span> <span class='ocrx_word' id='word_1_411' title='bbox 1336 4115 1343 4142; x_wconf 92' lang='lat'><strong>,</strong></span> <span class='ocrx_word' id='word_1_412' title='bbox 1363 4097 1391 4150; x_wconf 89' lang='lat' dir='ltr'><strong>p.</strong></span> <span class='ocrx_word' id='word_1_413' title='bbox 1401 4077 1465 4148; x_wconf 81' lang='lat'><strong>175,</strong></span> 
     </span>
     <span class='ocr_line' id='line_1_43' title="bbox 409 4161 1467 4233; baseline 0.004 -23"><span class='ocrx_word' id='word_1_414' title='bbox 409 4175 459 4228; x_wconf 88' lang='lat' dir='ltr'><strong>pro</strong></span> <span class='ocrx_word' id='word_1_415' title='bbox 476 4161 584 4225; x_wconf 79' lang='lat' dir='ltr'><strong>quamvis</strong></span> <span class='ocrx_word' id='word_1_416' title='bbox 601 4161 701 4213; x_wconf 81' lang='lat' dir='ltr'><strong>mavult</strong></span> <span class='ocrx_word' id='word_1_417' title='bbox 718 4177 824 4228; x_wconf 81' lang='lat' dir='ltr'><strong>quantus</strong></span> <span class='ocrx_word' id='word_1_418' title='bbox 839 4182 848 4212; x_wconf 89' lang='lat'><em>:</em></span> <span class='ocrx_word' id='word_1_419' title='bbox 866 4185 911 4216; x_wconf 85' lang='lat' dir='ltr'><strong>nec</strong></span> <span class='ocrx_word' id='word_1_420' title='bbox 931 4167 1066 4230; x_wconf 74' lang='lat' dir='ltr'><strong>Thyrrenus</strong></span> <span class='ocrx_word' id='word_1_421' title='bbox 1085 4179 1202 4233; x_wconf 81' lang='lat' dir='ltr'><strong>quantus,</strong></span> <span class='ocrx_word' id='word_1_422' title='bbox 1219 4164 1237 4214; x_wconf 90' lang='lat' dir='ltr'><strong>i.</strong></span> <span class='ocrx_word' id='word_1_423' title='bbox 1251 4181 1275 4215; x_wconf 86' lang='lat' dir='ltr'><strong>e.</strong></span> <span class='ocrx_word' id='word_1_424' title='bbox 1291 4175 1361 4215; x_wconf 86' lang='lat' dir='ltr'><strong>totus</strong></span> <span class='ocrx_word' id='word_1_425' title='bbox 1384 4179 1467 4232; x_wconf 85' lang='lat' dir='ltr'><strong>quan·</strong></span> 
     </span>
     <span class='ocr_line' id='line_1_44' title="bbox 408 4245 1467 4322; baseline 0.004 -29"><span class='ocrx_word' id='word_1_426' title='bbox 408 4252 468 4304; x_wconf 88' lang='grc' dir='ltr'><strong>ιιιι,</strong></span> <span class='ocrx_word' id='word_1_427' title='bbox 487 4253 512 4295; x_wconf 87' lang='lat' dir='ltr'><strong>et</strong></span> <span class='ocrx_word' id='word_1_428' title='bbox 523 4245 607 4310; x_wconf 77' lang='lat' dir='ltr'><strong>AEgarr</strong></span> <span class='ocrx_word' id='word_1_429' title='bbox 617 4249 702 4298; x_wconf 81' lang='lat' dir='ltr'><strong>volvat</strong></span> <span class='ocrx_word' id='word_1_430' title='bbox 718 4259 801 4298; x_wconf 81' lang='lat' dir='ltr'><strong>tantas</strong></span> <span class='ocrx_word' id='word_1_431' title='bbox 816 4267 906 4315; x_wconf 81' lang='lat' dir='ltr'><strong>aquus.</strong></span> <span class='ocrx_word' id='word_1_432' title='bbox 922 4280 957 4291; x_wconf 92' lang='lat'><em>-</em></span> <span class='ocrx_word' id='word_1_433' title='bbox 968 4249 1087 4304; x_wconf 85' lang='lat' dir='ltr'><strong>Tandem</strong></span> <span class='ocrx_word' id='word_1_434' title='bbox 1103 4249 1253 4322; x_wconf 86' lang='lat' dir='ltr'><strong>nuperrime</strong></span> <span class='ocrx_word' id='word_1_435' title='bbox 1268 4248 1316 4302; x_wconf 89' lang='lat' dir='ltr'><strong>cel.</strong></span> <span class='ocrx_word' id='word_1_436' title='bbox 1335 4251 1424 4298; x_wconf 79' lang='lat' dir='ltr'><strong>laevis</strong></span> <span class='ocrx_word' id='word_1_437' title='bbox 1440 4247 1467 4298; x_wconf 89' lang='lat' dir='ltr'><strong>in</strong></span> 
     </span>
    </p>
   </div>
   <div class='ocr_carea' id='block_1_14' title="bbox 0 0 1631 5114">
    <p class='ocr_par' dir='ltr' id='par_1_14' title="bbox 0 0 1631 5114">
     <span class='ocr_line' id='line_1_45' title="bbox 0 0 1631 5114; baseline 0 0"><span class='ocrx_word' id='word_1_438' title='bbox 0 0 1631 5114; x_wconf 95' lang='lat' dir='ltr'><strong> </strong></span> 
     </span>
    </p>
   </div>
  </div>
 </body>
</html>
