3246 5112
414 501 803 570 ARGONAUTICON
830 507 915 572 LlB.
939 510 985 574 ΙΙ.
1173 535 1232 598 ¹¹9

216 635 355 699 Lemnos
372 633 482 720 equis,
496 632 555 696 tibi
573 653 630 722 per
645 635 749 699 varios
767 635 884 701 delleta
899 639 1042 722 labores,

216 749 419 836 Ignipoten33
443 769 503 810 nee
520 762 553 811 te
572 748 664 812 furiis
680 766 713 814 et
726 750 861 816 erimine
876 769 1015 819 metrum
1205 773 1231 810 ¹·

215 863 317 926 Terre
331 862 436 951 sugat,
454 862 627 950 meritique
645 865 731 954 piget
747 866 930 930 meminisse
949 869 1074 956 prioris.

262 976 423 1064 Tempore
441 998 508 1062 quo
521 977 664 1066 primum
681 978 828 1043 fremitus
844 981 1011 1070 insurgere
1028 999 1155 1071 opertos

219 1089 417 1170 noricorum,
431 1105 464 1152 et
478 1091 570 1179 regni
585 1091 685 1155 sensit
700 1092 842 1157 novitate
860 1109 1020 1158 tumentes

216 1206 350 1293 Jupiter,
369 1205 506 1270 {etheriae
519 1227 581 1270 nee
593 1221 677 1271 stare
691 1207 817 1271 silentia
831 1209 937 1297 pacis:

218 1322 380 1385 lunonem
394 1319 517 1384 volucri
530 1321 668 1409 primam
684 1323 853 1412 suspendit
870 1324 1028 1413 Olympo,
1207 1298 1232 1376 δὲ

218 1430 425 1497 Horrendum
442 1433 540 1497 chaos
558 1432 752 1517 ostendens,
774 1459 949 1524 poenasque
965 1437 1124 1520 berethri3
1167 1429 1171 1434 ’

217 1545 296 1610 Mox
311 1545 407 1610 etiam
423 1545 545 1635 pevidae
562 1561 741 1611 tentantem
756 1549 884 1613 vinculo
900 1551 1009 1614 matris

217 1661 362 1742 Solvere,
379 1662 533 1750 praerupti
544 1661 728 1740 Vulcanum
740 1664 859 1728 vertice
874 1665 942 1728 oaeli

218 1775 382 1858 Devolvit3
397 1775 463 1839 ruit
478 1776 531 1840 ille
546 1776 623 1863 polo
639 1783 834 1864 nodtemque
851 1777 1019 1866 diemque,

217 1889 370 1954 Turbinis
386 1893 420 1953 in
437 1912 579 1973 morem,
594 1892 708 1956 Lemni
726 1913 828 1980 quum
846 1893 940 1958 litore
954 1891 1086 1958 tandem
1205 1923 1232 1962 ⁹⁰

216 2004 376 2069 lnsonuit.
386 2005 458 2067 Vox
471 2003 548 2068 inde
562 2025 678 2092 repens
694 2020 732 2068 ut
745 2007 882 2093 perculit
895 2005 1027 2088 urbem,

204 2231 242 2279 81.
257 2235 333 2293 Ma.
342 2230 416 2278 Velie.
427 2239 451 2276 et
463 2232 528 2278 Gerr.
544 2230 597 2278 eod.
613 2256 644 2266 -
657 2230 695 2277 86.
710 2231 846 2294 Poenaeqee.
857 2235 947 2280 Boron.
959 2232 1012 2280 eod.
1027 2233 1115 2280 lloreom
1131 2232 1187 2280 ter
1200 2233 1231 2280 ll.

174 2315 236 2358 lrmt.
248 2311 301 2357 Ald.
310 2319 355 2356 etr.
364 2311 408 2356 En.

174 2509 199 2556 in
211 2506 303 2556 medias
320 2505 399 2554 undae
415 2505 536 2569 dr'spereit.
551 2500 680 2554 Aleon-iter
723 2502 791 2556 hene
806 2501 839 2555 de
852 2513 878 2556 te
896 2503 960 2557 olim
979 2503 1065 2558 insule
1080 2503 1173 2556 merite
1188 2502 1230 2555 rit.

173 2599 258 2634 remoe
287 2591 369 2652 egemt
397 2580 575 2650 Argonauta,
602 2579 680 2633 celeri
758 2581 803 2634 82.
820 2581 906 2646 Quale
921 2581 974 2635 hoe
991 2581 1113 2635 meritum
1134 2581 1232 2647 luerit,

173 2678 243 2711 curse
261 2673 458 2712 eremrmtmstra
474 2661 575 2725 puina,
595 2657 680 2711 donec
723 2677 794 2712 nuno
814 2658 961 2730 exponitur.
985 2666 1098 2729 Tempore
1120 2679 1169 2728 quo
1185 2659 1233 2712 eli·

173 2738 309 2792 ndvereem
320 2737 369 2791 eibi
378 2737 593 2791 ridentineulnm
601 2738 678 2790 Lem·
723 2748 788 2808 quot
805 2736 869 2790 deoe
890 2737 1018 2809 deaeque,
1038 2740 1145 2788 ueritate
1163 2741 1234 2805 regne·

173 2835 236 2870 nou.
724 2828 840 2866 nementes
848 2816 922 2882 (uem
936 2834 967 2868 ex
977 2814 1105 2868 divisione
1117 2813 1232 2868 saturnii

209 2912 252 2965 79.
270 2893 354 2947 Jeeou
370 2894 490 2965 eooiique
501 2893 623 2965 dumper
636 2892 684 2946 eli·
724 2893 798 2965 regui
814 2905 903 2964 parter
922 2894 1033 2965 quisque
1048 2911 1109 2946 eure
1126 2909 1233 2964 recepe·

172 2973 246 3046 quod
264 2985 368 3045 tempor
379 2973 424 3026 hio
436 2985 585 3038 morantur,
598 2991 683 3027 more·
724 2975 812 3042 rent),
827 2973 919 3026 Jorem
932 2984 1020 3026 temen
1035 2989 1168 3024 nummum
1184 2989 1234 3023 nu·

172 3065 218 3106 tur
232 3052 310 3106 edem
333 3063 427 3124 poete,
448 3053 539 3105 insulae
554 3053 627 3104 istius
648 3053 683 3106 eb
726 3067 787 3103 men
810 3068 951 3122 agnoscere
970 3061 1137 3116 remeantes,
1157 3050 1233 3104 retie-

173 3131 361 3204 antiquissimis
369 3131 530 3202 temporibus
542 3131 596 3184 sete
607 3149 682 3202 repe·
726 3145 797 3200 que,
816 3128 888 3200 quod
905 3129 937 3180 fit
955 3129 985 3181 in
999 3128 1086 3181 nubite
1107 3127 1232 3195 inmune,

172 3211 277 3263 timere.
291 3211 373 3278 Surgit
390 3215 491 3260 Lemnos
512 3213 596 3278 aqum
618 3213 678 3271 eibi,
723 3208 862 3280 superbos,
870 3207 947 3261 terite
959 3209 1114 3279 conjurare,
1127 3216 1154 3258 et
1161 3209 1233 3258 silen-

174 3289 295 3343 Vuloene
304 3328 313 3356 ,
320 3307 367 3355 per
375 3290 461 3340 uarios
470 3291 560 3360 defleta
570 3293 664 3340 labem
671 3327 679 3351 ‚
725 3290 763 3339 tia
772 3289 863 3355 pacis,
878 3286 991 3359 quietem
1005 3303 1148 3357 penemque
1161 3287 1234 3336 rethe-

173 3366 203 3420 in
215 3386 267 3440 que
285 3385 341 3420 non
358 3368 437 3420 eemel
453 3367 488 3420 ob
506 3367 592 3420 varies
607 3368 681 3438 egri-
725 3370 789 3417 riam
801 3367 908 3420 turbere
918 3363 985 3418 velle
1000 3363 1103 3434 Jupiter
1115 3361 1233 3416 enimed-

173 3447 275 3498 moniee
284 3443 392 3498 doluisti
404 3446 460 3512 (bie
469 3445 555 3512 enim,
566 3445 681 3516 primum
726 3444 818 3497 vertit:
836 3451 956 3496 Iunonem
969 3445 1091 3510 primam,
1104 3459 1159 3512 prm
1173 3442 1230 3496 eliie

173 3543 190 3576 a
207 3524 330 3589 lunone,
340 3521 437 3575 deinde
450 3540 466 3576 e
479 3524 544 3576 Jove
558 3523 681 3578 dicituro
725 3523 860 3588 omnibns,
869 3523 979 3581 νοὶιισνί,
988 3520 1035 3591 qni
1044 3531 1169 3590 perpetuo
1178 3537 1233 3572 mo-

173 3602 237 3655 ooelo
254 3601 382 3674 dejeetue)
392 3618 401 3665 ;
412 3620 457 3652 nee
473 3616 497 3653 te
511 3604 587 3671 firrir's
597 3617 622 3653 ee
634 3604 682 3652 en'-
725 3611 812 3666 retur,
828 3603 929 3668 Olympo
940 3601 1071 3667 suspendit,
1088 3601 1235 3650 demadem

174 3683 238 3731 nine
252 3694 357 3732 matrum
373 3695 439 3732 term
450 3683 542 3749 sugat,
555 3700 609 3733 non
627 3699 683 3734 ene·
726 3681 803 3730 elram
820 3697 955 3746 potiorque
977 3679 1101 3739 barathri,
1120 3695 1233 3748 regnum

173 3759 241 3812 tineo
270 3775 359 3812 cerem
392 3759 511 3811 Lemnon
540 3759 682 3825 deserere,
726 3756 873 3810 inferorum
882 3757 1233 3826 Turtmumque,osrendem.

176 3836 298 3907 quemvis
317 3853 333 3888 e
353 3835 456 3888 lerninis
470 3853 518 3906 per
540 3837 632 3889 Fur-ies
647 3837 692 3888 in-⁴
727 3835 865 3906 sumptum
881 3853 911 3887 ex
924 3834 1056 3899 Homero,
1078 3834 1111 3887 11.
1126 3833 1189 3901 XV,
1203 3836 1235 3888 18

177 3913 279 3980 citetis,
294 3913 423 3986 quidquid
442 3915 588 3967 masculum
603 3927 642 3969 est
656 3917 684 3967 iu
728 3931 787 3986 eqq.

175 3991 280 4058 insule,
299 3991 458 4063 expelletur,
479 3995 603 4061 meritique
615 3995 686 4063 piget
763 4011 807 4062 9⁰·
829 3993 939 4050 llrrbr'm'e
956 3993 981 4041 in
994 4009 1085 4042 merem
1097 3990 1236 4062 conglobe-

175 4073 309 4122 meminr'ese
320 4073 424 4138 prioris,
441 4069 459 4122 i.
475 4089 500 4123 e.
517 4090 562 4122 nee
579 4085 603 4122 ee
616 4075 686 4140 piget
728 4082 788 4137 me,
804 4072 889 4122 Lemni
896 4087 971 4137 quum
982 4072 1052 4121 litore
1061 4073 1235 4122 tandemae'nso-

174 4149 291 4219 (negotio
298 4149 370 4200 enim
378 4151 509 4205 telmon
516 4148 686 4221 intelligenda
729 4153 797 4211 matt,
815 4165 913 4220 magno
931 4165 992 4202 eum
1012 4148 1100 4201 eonitu
1112 4146 1235 4218 procidit.

176 4230 243 4297 eet),
258 4245 289 4280 eo
305 4238 332 4279 te
349 4229 423 4298 juret
437 4225 588 4294 reeordari,
605 4245 685 4300 quem
732 4230 954 4296 Veaemdmpenr,
971 4226 1110 4299 repentine
1123 4224 1238 4296 (leoiliue
