3226 5114
390 533 517 597 NOVI
547 534 794 602 EDITORIS
823 539 982 606 NOTAE.
1154 545 1213 609 321
1259 553 1266 572 ¹

153 642 297 698 AnimedV.
313 641 348 696 ad
361 643 469 699 Anthol.
486 644 538 697 vol.
553 645 593 706 11,
606 645 636 697 Ρ.
652 665 683 709 2,
701 665 725 718 p.
741 648 810 718 507,
826 651 891 703 etin
901 653 1011 706 Miscell.
1021 654 1111 726 philol.
1124 677 1150 729 p.
1165 659 1216 729 78,

150 748 201 800 pro
220 743 304 782 tantas
317 747 445 800 reponere
459 728 565 791 suadet,
574 731 691 797 junetas,
707 729 724 782 i.
742 750 764 782 e.
781 733 1061 794 si,1talieetGrtecio
1076 736 1218 807 demersis,

101 887 106 896 Ι
151 831 228 866 mare
240 812 410 886 Tyrrhenum
424 825 450 864 et
464 816 581 884 AEgteutn
594 816 730 885 jungatur.
743 815 813 866 Hine
828 830 953 888 apparet,
967 818 1033 890 quid
1052 821 1218 893 insequenti

150 895 323 950 hemistichio
335 894 507 950 desideretur.
524 897 576 949 Fac
588 908 694 969 poetam
714 898 863 970 scripsisse:
884 914 910 951 et
925 906 1008 953 desint
1018 907 1123 969 protus
1141 917 1219 969 ecte,

151 992 178 1033 et
203 999 313 1034 sensum
329 979 437 1033 habebis
453 981 630 1052 perspicuum.
644 980 785 1052 Tyrrheno
799 982 908 1036 mutiet
929 986 1034 1055 AEgato,
1056 1006 1114 1058 quse
1135 988 1219 1042 meria

147 1067 243 1137 junctu
255 1082 271 1117 a
281 1064 366 1117 Ponto
375 1063 479 1117 Euxino
488 1065 605 1135 superari
614 1065 736 1137 aitpoeta
747 1103 756 1130 ,
768 1065 847 1119 etiam
856 1068 945 1139 Syrtes
953 1068 1040 1133 addit,
1052 1074 1181 1144 majorem
1192 1083 1219 1126 et

149 1147 301 1211 minorem,
318 1166 383 1218 quae
398 1147 457 1199 setis
471 1147 551 1218 longo
567 1148 651 1218 spatio
669 1147 814 1220 diremptae
833 1149 914 1201 fuisse
930 1162 1040 1205 coneut.
1058 1153 1116 1208 Hoc
1129 1156 1218 1226 itaque

149 1231 235 1286 voluit
244 1243 340 1304 poete:
354 1233 377 1284 ei
390 1231 484 1295 litore,
501 1250 559 1303 quae
568 1233 657 1302 Syrtes
672 1231 818 1295 dirimunt,
832 1232 974 1296 tollantur,
988 1247 1015 1286 et
1025 1248 1135 1309 utraque
1148 1238 1216 1292 duo·

149 1311 201 1366 bus
211 1312 267 1366 illis
282 1311 398 1366 maribus
414 1310 559 1384 adjiciatur.
576 1312 634 1383 Ego
643 1330 725 1383 vero,
738 1311 765 1366 iu
782 1311 832 1364 hac
845 1329 918 1365 cteua
931 1310 1027 1378 dubie,
1042 1319 1123 1386 ἐπέχω
1134 1345 1158 1374 s.
1176 1320 1236 1373 Sic=

150 1393 317 1467 wagnesus.

185 1480 318 1546 Quamvis
333 1479 385 1534 hoc
400 1481 472 1544 loco,
489 1491 618 1552 tanquam
634 1480 663 1531 in
679 1479 764 1544 vado,
782 1491 821 1532 tot
835 1491 860 1533 et
876 1481 939 1534 tales
954 1481 1082 1535 hactenus
1099 1483 1227 1552 hesserint

148 1561 218 1630 riri,
229 1583 285 1618 non
299 1582 406 1638 possum
418 1565 483 1636 quin
499 1581 604 1618 sensum
618 1581 745 1635 exponam
761 1564 827 1616 mihi
839 1564 948 1635 quidem
959 1567 1022 1620 eatis
1034 1566 1169 1634 lucidum
1180 1571 1218 1624 sie

149 1646 232 1718 igitur
256 1648 387 1720 intelligo:
404 1667 536 1720 nusquam
549 1647 610 1700 alibi
626 1649 716 1702 etrum
734 1647 811 1701 undae
828 1665 875 1702 sua
888 1650 966 1704 litora
985 1651 1063 1704 latine
1085 1654 1220 1724 protulere

148 1731 195 1802 (lt.
218 1751 244 1786 e.
259 1733 363 1786 nullum
381 1744 419 1786 est
433 1732 506 1785 aliud
522 1750 594 1785 mare
610 1743 664 1784 tam
679 1731 797 1803 letum),
815 1734 935 1803 quemvis
953 1746 1041 1787 tantas
1052 1753 1135 1806 aquae
1148 1755 1222 1790 mere

147 1816 322 1888 Tyrrhenum
330 1857 339 1883 ,
347 1827 432 1870 tentae
445 1818 562 1889 Quum
579 1814 685 1881 volvet,
700 1834 749 1868 nec
764 1816 866 1888 possint
875 1815 963 1889 Syrtes
975 1819 985 1885 (
992 1816 1060 1872 adeo
1069 1832 1130 1872 eunt
1142 1820 1221 1899 lato)

149 1902 228 1972 aqn'u
234 1901 271 1953 ab
277 1901 349 1954 omni
357 1911 432 1973 parte
438 1897 603 1971 superfundi.
610 1898 1087 1970 Subest,uilnllor,ellipsis;abeoluta
1093 1903 1221 1955 sententia

147 1987 206 2041 lraee
215 2000 272 2042 eet:
283 1988 387 2041 nullum
395 1987 467 2041 aliud
473 2005 547 2041 mere
556 1999 612 2039 tam
619 1987 701 2039 latum
710 1998 748 2039 eet
757 2024 765 2049 ,
773 2005 823 2040 nec
828 1986 1014 2059 Tyrrhenum,
1025 2006 1075 2042 neo
1083 1992 1200 2061 AEgteutn
1211 2027 1220 2054 ,

148 2091 199 2126 neo
213 2072 325 2144 gemine
338 2073 446 2144 Syrtes,
459 2070 595 2142 quamvis,
607 2080 655 2122 etc.
666 2069 761 2122 Itidem
773 2059 889 2122 inlextu
898 2082 959 2142 post
967 2091 1026 2132 nee,
1040 2089 1064 2124 v.
1074 2072 1142 2142 715,
1159 2073 1221 2126 sul>-
1267 2124 1272 2133 ,

149 2155 214 2210 audi
235 2160 354 2219 tentem
370 2159 462 2215 maris,
487 2173 532 2205 nee
550 2156 626 2221 AEget'
633 2189 642 2212 ‚
666 2173 712 2205 nee
735 2157 837 2220 Syrtium
861 2156 933 2205 litora
955 2159 1053 2223 longius
1075 2171 1218 2217 cesserunt,

149 2238 291 2310 quamvis,
314 2253 362 2293 etc.
380 2257 437 2311 quo
450 2237 533 2290 meria
548 2246 640 2288 auctor
658 2234 780 2307 singula,
795 2254 848 2289 uon
864 2239 1023 2309 conjuncta,
1039 2257 1100 2292 cum
1114 2238 1219 2294 Euxiuo

149 2317 237 2371 Ponto
252 2319 372 2372 confert:
385 2322 413 2372 τὸ
425 2322 511 2370 volvat
526 2329 610 2366 tantas
632 2335 713 2384 aquas
732 2313 767 2368 ed
784 2315 955 2388 Tyrrhenum
971 2327 997 2367 et
1012 2317 1128 2387 AEgteutn
1144 2335 1218 2372 mare

149 2408 269 2468 spectat:
281 2402 308 2453 τὸ
320 2398 514 2462 desintSyrtibus
528 2398 617 2454 under,
639 2392 674 2446 ad
685 2393 801 2465 Syrtium
816 2394 905 2460 mare,
920 2413 1032 2465 quarum
1052 2395 1215 2450 locutionum

150 2499 183 2534 ee
193 2483 235 2534 ris
244 2492 300 2544 eet,
311 2492 339 2532 ut
350 2482 478 2552 cujusque
487 2478 584 2540 maris,
598 2476 632 2530 ad
648 2475 721 2548 quod
735 2495 845 2548 queque
858 2489 975 2549 spectat,
988 2478 1153 2532 latitudinem
1168 2478 1215 2532 de·

149 2563 262 2616 clarent.
284 2591 319 2604 -
340 2567 433 2613 Tantas
450 2579 531 2628 aquas
550 2559 671 2611 nonnulli
689 2571 792 2612 mutare
808 2570 982 2615 tentaverunt.
1003 2563 1125 2615 Occurrit
1143 2562 1215 2636 apud

150 2646 282 2701 Ovidium
298 2644 389 2700 similis
403 2643 516 2709 locutio,
532 2644 624 2695 Amor.
635 2643 693 2704 111,
708 2645 742 2708 6,
761 2643 814 2708 39:

296 2778 340 2824 llle
353 2777 427 2824 fluens
443 2775 507 2821 dites
521 2784 618 2836 septena
629 2789 672 2835 per
688 2774 746 2819 ostie
757 2772 835 2826 Nilne,

324 2851 371 2910 Qui
385 2850 486 2913 petriam
496 2859 566 2895 tante
579 2858 626 2894 tem
640 2848 701 2894 bene
712 2847 772 2894 celet
781 2863 854 2910 aquo.

187 2999 220 3046 V.
231 2995 292 3065 718.
308 2999 365 3045 Non
380 2995 561 3062 septemgemini
567 3011 694 3044 memorem
707 3011 769 3060 qttas
783 2995 862 3044 exitus
872 2995 957 3052 Histri,

309 3083 377 3146 Quas
389 3080 493 3138 Tanais,
493 3080 627 3148 fluviisque
640 3083 728 3142 Lyces,
739 3078 911 3144 Hypanisque,
922 3079 1051 3142 Melasque

305 3165 392 3213 Addat
403 3181 467 3228 opes.

150 3289 201 3342 Hic
213 3308 287 3342 error
298 3289 431 3360 Wagneri
440 3287 610 3352 manifestus,
626 3286 673 3358 qui
683 3285 769 3357 jungit
779 3285 874 3353 gemini
882 3300 942 3336 cnm
951 3285 1037 3345 Histri,
1050 3299 1137 3352 septem
1150 3305 1212 3340 cum

150 3378 247 3434 exitus,
261 3389 315 3424 non
333 3369 468 3424 advertens
485 3369 703 3441 amphibrachum
722 3387 770 3440 pro
788 3367 892 3438 dactylo
905 3365 1027 3436 quintum
1041 3366 1135 3437 pedem
1151 3369 1225 3444 futu-

150 3475 212 3509 rum
222 3474 278 3509 esse
290 3493 298 3519 ,
308 3455 328 3507 si
340 3454 429 3526 plures
446 3455 546 3507 luerint
554 3457 643 3506 exitm.
654 3453 840 3521 septemgemini
852 3468 935 3502 unum
948 3451 1104 3503 vocabulum
1118 3463 1172 3520 est,
1191 3465 1221 3505 ut

151 3539 180 3592 iu
194 3541 246 3592 hoc
256 3538 359 3610 Virgilii
375 3556 470 3600 versu,
482 3539 540 3588 AEn.
549 3537 605 3602 VI,
621 3537 689 3588 800:
704 3541 738 3586 Et
747 3535 928 3604 septemgemini
940 3537 1038 3584 turbant
1049 3537 1142 3602 trepida
1158 3539 1222 3587 ostia

154 3627 214 3677 Nili.
232 3653 267 3663 -
278 3629 368 3687 Lycos,
379 3621 419 3674 vel
435 3621 522 3692 potius
531 3626 623 3686 dress,
636 3619 749 3672 Pontion
764 3619 905 3690 provincie
923 3617 1017 3671 fluvius
1033 3633 1087 3682 est,
1098 3619 1145 3691 qui
1157 3619 1224 3674 Neo-

156 3727 294 3762 etesareant
305 3705 470 3778 preterfluit,
483 3723 514 3758 ac
527 3705 556 3756 in
573 3703 670 3756 ln'dem
685 3703 734 3756 sub
745 3705 883 3755 amaseam
896 3714 1061 3758 exoneratur.
1078 3731 1113 3742 -
1127 3709 1220 3756 Helas-

157 3813 214 3860 que.
238 3791 348 3846 Codices
370 3808 401 3843 ac
420 3801 520 3842 veteres
543 3789 670 3842 editiones
692 3787 791 3840 habent
811 3792 954 3853 Novasque,
978 3803 1060 3856 qutun
1082 3787 1223 3840 lectionem

158 3875 308 3929 deturbavit
323 3874 457 3928 Carrionie
478 3872 579 3938 codex,
605 3872 752 3934 immerito,
771 3869 900 3942 siquidem
921 3870 984 3922 aliae
1004 3870 1075 3942 apud
1089 3872 1225 3925 Valerium

158 3960 273 4012 occurrit
288 3965 371 4012 Novas
389 3977 434 4011 seu
450 3957 678 4020 ntoas,v1,101:
693 3957 786 4007 hiberni
799 3957 842 4022 qui
856 3968 926 4022 terga
940 3958 1012 4004 Nooe.

192 4089 224 4134 V·
235 4089 296 4154 761.
308 4089 497 4152 Couunttuesque
506 4097 600 4135 vocarit
608 4101 707 4150 superos
713 4120 721 4142 ,
732 4100 833 4148 quorum
847 4093 916 4130 eruta
926 4091 985 4129 nutu

306 4171 430 4232 Bebrycia.

267 4279 292 4341 Ι.
