3192 5128
406 551 821 580 mmmmm

745 809 1141 914 PRAEFATIO

667 1056 890 1124 PHlLl'PPI
920 1053 1219 1128 ENGENTINI.

704 1485 1005 1565 cartmntsslmo
1037 1488 1185 1537 Juvuttr

516 1649 691 1718 PAULO
726 1648 965 1718 RICHART
996 1647 1367 1735 HAGENOENSI‚

688 1842 914 1885 rulutrrus
944 1843 1202 1886 znossnrtttua

891 1992 927 2059 S.
953 1991 997 2058 D.
1094 2038 1098 2046 ,

750 2217 1114 2254 --os—--

413 2379 619 2481 lssrranrmt
642 2424 756 2491 tuum,
771 2410 818 2472 mi
837 2409 954 2491 Paule,
970 2408 1071 2473 civilis
1092 2409 1147 2474 illa
1166 2409 1305 2498 procella
1330 2412 1483 2477 nonnihil

411 2533 603 2598 remoratur,
617 2514 708 2603 quod
721 2531 830 2579 tamen
847 2537 923 2578 oum
940 2514 1051 2578 multis
1067 2537 1243 2579 commune
1263 2515 1374 2581 habes.
1394 2519 1484 2582 Con·

411 2625 547 2713 spirasse
563 2620 692 2687 videtur
708 2620 796 2685 orbis
813 2619 854 2685 ad
871 2619 1122 2709 exstinguendas
1140 2620 1264 2705 literas,
1279 2621 1390 2687 divino
1404 2646 1484 2689 sane

410 2729 571 2797 beneficio
587 2751 693 2817 nuper
709 2728 891 2792 restitutas:
906 2724 964 2791 sed
979 2727 1024 2790 ita
1039 2725 1076 2792 fit
1091 2727 1126 2790 in
1142 2727 1241 2792 rebus
1258 2729 1428 2813 humanis,
1444 2748 1485 2798 ut

412 2838 501 2902 nulla
523 2836 674 2926 praeclara
691 2833 749 2898 diu
766 2834 955 2900 consistant.
974 2833 1089 2916 Quum
1106 2832 1206 2922 igitur
1227 2835 1262 2897 in
1281 2835 1346 2900 hoe
1364 2837 1483 2902 mrbu-

411 2940 592 3006 lentissimo
620 2939 687 3003 salo
716 2936 934 3027 navigandum
961 2937 1062 3001 sitin
1089 2936 1289 3022 barbariem,
1305 2941 1395 3005 volui
1422 2942 1484 3007 tibi

411 3068 595 3136 proponere
613 3042 841 3109 invictissimos
854 3045 1077 3131 Argonautas,
1094 3043 1151 3131 qui
1168 3043 1298 3110 abunde
1317 3045 1484 3112 docebunt

413 3169 461 3236 te,
478 3175 576 3240 quam
601 3150 665 3214 sint
687 3148 815 3212 fortiter
835 3146 962 3211 ferendi
987 3169 1097 3210 rerum
1123 3169 1225 3214 casus.
1241 3150 1360 3239 Accipe
1379 3152 1483 3240 igitur

376 3291 380 3299 ·
412 3259 579 3340 Flaccum,
594 3270 753 3344 quantum
771 3253 880 3334 licuit,
894 3275 912 3316 a
931 3275 984 3316 me
1000 3251 1224 3337 emendatum,
1238 3272 1271 3319 et
1286 3257 1320 3319 in
1337 3257 1481 3348 singulos

411 3363 512 3436 libros
521 3359 720 3452 argumentis
728 3359 939 3440 illustratum,
952 3380 1093 3445 eumque
1103 3359 1162 3424 tibi
1170 3361 1359 3427 familiarem
1367 3363 1482 3448 facito,
1496 3413 1499 3418 -

411 3487 449 3534 ut
457 3468 635 3557 periculosa
645 3467 714 3529 haec
723 3480 870 3553 tempora
881 3463 1056 3552 aliquando
1064 3464 1116 3529 vel
1125 3465 1265 3555 legendo
1275 3468 1372 3535 fallas.
1382 3471 1482 3536 Nolui

412 3597 481 3639 esse
497 3574 627 3663 longior
639 3570 729 3660 quod
746 3571 868 3658 alioqui
882 3585 972 3635 tenet
988 3570 1164 3636 insanabile
1182 3575 1302 3640 multos
1319 3575 1481 3641 scribendi

412 3680 580 3744 cacoethes
594 3695 628 3744 et
640 3699 726 3768 aegro
742 3677 777 3741 in
793 3675 891 3742 corde
907 3677 1057 3742 senescit.
1070 3679 1160 3744 Vale.
1173 3679 1342 3772 Friburgi,
1362 3683 1397 3746 in
1413 3705 1481 3747 me-

413 3784 474 3850 diis
488 3785 628 3850 militum
646 3782 759 3874 gladiis
770 3807 779 3867 3
791 3804 902 3848 mense
916 3781 1019 3865 maio,
1034 3805 1121 3848 anno
1134 3783 1306 3851 MDXXV.

711 4067 1156 4100 w
