3196 5120
296 504 360 610 c.
401 504 717 608 xxauuu
774 469 1046 617 nauem

454 769 667 850 SETINI
706 771 888 852 BALBI

258 991 1081 1129 ARGONAUTICON

411 1289 602 1411 mana
642 1291 929 1374 nunnius

475 1543 868 1578 400...-

355 1747 603 1819 ANALYSIS
633 1747 774 1818 LIBRI
803 1749 989 1819 TERTII.

138 1907 239 1968 Tertio
251 1904 312 1978 die,
326 1903 460 1963 secundis
471 1903 565 1994 vpntis
574 1901 759 1976 vocantibus,
774 1901 886 1962 abitum
900 1918 1003 1984 parant
1016 1910 1204 1984 Argonautae,

178 2017 222 2073 et,
241 1999 433 2080 hospitalibus
448 1998 532 2058 donis
547 1998 623 2058 datis
636 2012 665 2057 et
681 1999 821 2079 acceptis,
839 1998 1009 2073 discedunt,
1023 2021 1093 2060 mox
1108 2003 1205 2064 hostes

178 2097 316 2170 redituri,
333 2106 418 2166 1·¹l·
432 2095 554 2174 Cyzicus
565 2115 669 2175 nempe
682 2096 713 2153 in
728 2096 881 2154 venatione
895 2097 1016 2156 alterum
1029 2119 1046 2156 e
1057 2099 1204 2172 leonibus,

178 2195 229 2274 qui
251 2193 374 2272 Cybeles
392 2211 510 2252 currum
527 2190 696 2276 trahebant,
716 2193 894 2263 confecerat,
916 2194 1091 2273 exuviasque
1106 2197 1205 2274 palatii

178 2292 223 2350 sui
245 2291 379 2350 affixerat
397 2287 540 2368 postibus.
560 2292 640 2361 Dea,
662 2303 828 2367 opportune
847 2286 904 2348 sibi
922 2288 1036 2350 oblatos
1052 2291 1104 2350 irae
1117 2292 1204 2352 mini-

177 2403 254 2448 stros
267 2401 330 2446 rata
340 2373 534 2465 Argonautas,
543 2386 652 2464 Tiphyi
663 2384 849 2464 gubernatori
859 2406 991 2446 somnum
1001 2388 1128 2448 immittit
1139 2411 1205 2468 gra-

177 2505 258 2557 vem,
274 2503 334 2563 quo
346 2483 392 2555 fit,
409 2496 442 2541 nt
454 2481 534 2542 navis
548 2481 603 2540 sibi
618 2481 674 2561 ipsi
688 2481 839 2541 commissa
852 2483 882 2541 in
898 2483 1045 2558 cumdem,
1058 2485 1135 2545 unde
1148 2487 1205 2546 dis-

178 2582 322 2654 cessisset,
334 2593 451 2659 portum
467 2579 671 2657 repelleretur,
691 2577 791 2647 15-42.
807 2579 941 2658 Cyziceni
956 2579 1091 2640 tubarum
1106 2585 1202 2642 sonitu

177 2677 383 2756 vocibusquee
396 2676 466 2734 caelo
480 2674 602 2747 auditis,
617 2673 779 2753 punicoque
790 2674 821 2731 in
836 2688 912 2734 terra
926 2690 1037 2736 terrore
1049 2681 1202 2754 commoti,

178 2777 311 2854 Pelasgos
327 2772 425 2832 adesse
439 2773 608 2851 opinantur,
622 2770 728 2843 43-57.
742 2771 858 2829 Clamor
872 2771 909 2830 ad
925 2775 999 2852 regis
1015 2775 1100 2834 etiam
1118 2797 1202 2836 aures

177 2871 323 2950 pervenit,
338 2870 402 2950 qui,
415 2889 504 2948 quum
520 2869 626 2946 etipse
641 2867 753 2927 somnio
770 2867 885 2928 territus
900 2883 987 2942 esset,
1000 2871 1108 2945 exsilit,
1120 2888 1150 2932 et
1164 2875 1201 2931 nd

179 2969 246 3028 litus
264 2980 422 3048 properat,
443 2966 546 3040 58-73.
568 2971 743 3044 Argonautae
766 2965 862 3036 inscii,
886 2964 939 3025 ubi
962 2981 1105 3026 terrarum
1127 2970 1202 3045 sint,

179 3063 307 3143 quidque
318 3065 406 3143 galeae
417 3061 569 3141 clypeique
580 3061 611 3120 in
623 3059 749 3120 tenebris
762 3062 900 3121 micantes
913 3063 1019 3138 velint,
1035 3065 1112 3122 anxii
1126 3081 1203 3127 stant

179 3175 207 3219 et
222 3161 329 3239 quieti,
345 3160 439 3218 donec
455 3159 537 3218 hasta
558 3159 689 3218 transtris
706 3158 833 3231 involat3
849 3179 908 3238 qno
929 3159 1005 3218 sacto
1020 3165 1108 3220 Jason
1124 3183 1204 3222 arma

179 3259 242 3337 rapi
250 3258 349 3337 jubet,
364 3257 489 3318 Colchos
503 3257 625 3316 sortasse
638 3275 699 3315 sese
713 3271 906 3336 occupaturos
919 3255 1069 3316 advenisse
1079 3261 1204 3339 suspica-

179 3369 242 3429 tus,
264 3363 363 3432 74-94.
386 3360 424 3414 Et
443 3355 568 3432 primum
592 3353 710 3432 quidem
730 3354 870 3432 impetum
892 3353 1068 3414 condensato
1091 3357 1204 3435 agmine

178 3452 319 3511 sustinent
329 3455 521 3528 Argonautae,
541 3463 603 3507 tum
617 3468 688 3506 vero
704 3448 808 3528 singuli
824 3449 975 3530 (Mopsus,
988 3445 1128 3529 Eurytus,
1144 3457 1203 3532 Ty·

178 3545 264 3627 deus)
278 3548 406 3626 singulos
420 3547 517 3606 hostes
531 3546 634 3624 jaculis
648 3547 820 3617 conficiunt,
833 3546 956 3623 95-112.
973 3554 1069 3607 Aucto
1082 3550 1203 3627 Cyzice-

178 3665 282 3705 norum
292 3664 423 3717 numero,
433 3650 607 3724 Argonautae
618 3644 703 3703 latius
715 3645 853 3723 explicito
865 3645 967 3704 ordine
979 3661 1129 3726 vagantur,
1143 3650 1205 3707 sor-

179 3758 278 3823 tesque
293 3765 354 3824 prae
372 3743 483 3803 caetcris
499 3763 530 3802 se
545 3740 676 3822 praebent
689 3744 844 3814 Hercules,
861 3744 976 3815 Peleus,
993 3751 1129 3818 Ancaeus,
1142 3751 1204 3806 Ne-

179 3855 249 3916 stor,
264 3841 394 3913 Phleias,
409 3841 529 3912 Pollux,
541 3844 646 3911 tason,
665 3839 784 3911 Idmon,
798 3859 927 3918 puerque
942 3843 1047 3918 Hylas,
1065 3843 1204 3903 113-185.

178 3942 284 3996 Parum
299 3936 396 4008 abest,
413 3937 484 4016 quin
498 3941 601 3996 Castor
614 3949 643 3994 et
653 3937 757 3995 Pollux
772 3937 802 3993 in
817 3933 942 3994 tenebris
954 3950 1054 3995 mutuo
1068 3958 1098 3997 se
1112 3941 1204 3998 conii-

181 4036 267 4110 ciant,
275 4036 338 4115 qui‚
351 4037 449 4116 agnito
463 4054 571 4106 errore,
575 4034 670 4112 juncti
679 4046 768 4093 ruunt
778 4033 807 4091 in
819 4033 926 4106 hostes,
938 4035 1092 4115 pluresque
1103 4057 1204 4096 eorum

182 4132 470 4212 caedunt,186-219.
493 4133 613 4212 Cyzicus
633 4153 684 4192 rex
706 4153 759 4212 per
781 4132 872 4191 aciem
893 4131 1057 4192 discurrens
1074 4135 1206 4213 increpat

182 4229 282 4289 tardos
304 4252 340 4290 cx
361 4230 432 4291 urbe
451 4231 545 4303 cives,
562 4245 591 4290 et
611 4229 695 4290 simul
712 4229 829 4309 oblique
850 4229 941 4310 tangit
958 4229 1099 4308 Cybelen,
1114 4231 1206 4291 donec

254 4334 281 4398 l.
868 4429 870 4434 Ι
997 4359 1034 4399 aa
