3246 5112
334 504 400 607 C.
440 501 757 607 VALERII
815 505 1087 611 FLACCI

494 769 708 874 sarum
746 769 927 850 sanni

297 993 1123 1144 ancouaurrcou

429 1291 614 1402 aaran
655 1293 994 1373 SECUNDUS.

515 1548 909 1581 ..ψ-...ῥομ-

371 1753 624 1822 ANALYSIS
655 1753 796 1820 LIBRI
828 1753 1062 1822 SECUNDI.

182 1919 266 1972 lason
281 1909 391 1970 caedem
405 1921 558 1988 parentum
576 1929 613 1966 ne
630 1909 778 1981 resciscat,
794 1907 897 1966 sedulo
910 1921 994 1966 cavet
1006 1911 1099 1980 Juno,
1115 1910 1250 1969 1-5.a1·-

219 2023 352 2086 gonautae
363 2007 420 2064 iter
431 2019 660 2084 prosequuntur,
675 2006 840 2084 relictisque
855 2025 872 2063 a
887 2018 968 2083 tergo
981 2005 1061 2063 Pelio
1073 2021 1187 2082 monte,
1198 2012 1250 2067 Ti-

219 2126 277 2164 saeo
296 2105 513 2184 promontorio,
534 2103 651 2163 Sciatho
673 2103 780 2176 insula,
805 2103 929 2181 Sepiade
951 2104 1168 2180 promontorio,
1185 2113 1250 2165 Ma-

220 2203 317 2282 gnesia
333 2201 407 2261 urhe
427 2215 456 2260 et
473 2201 516 2259 ihi
535 2201 658 2279 Dolopis
674 2199 775 2274 husto,
790 2207 901 2278 Amyro
912 2201 1031 2260 flumine
1045 2201 1250 2282 (Eurymenis)

197 2355 201 2364 ,
220 2314 248 2358 et
259 2305 333 2360 Ossa
346 2313 456 2372 moute,
468 2298 592 2361 ueniunt
602 2297 638 2355 ad
650 2297 830 2356 Macedoniae
842 2297 990 2377 regionem
1001 2299 1155 2373 Pallenen,
1168 2301 1250 2358 6-16.

221 2399 357 2478 Gigantes
371 2397 441 2456 olim
456 2411 524 2476 post
537 2395 615 2456 bella
627 2395 766 2455 adversus
778 2397 849 2454 deos
864 2409 941 2455 mota
959 2397 990 2455 in
1003 2411 1117 2455 montes
1133 2401 1251 2470 mutati,

221 2509 343 2575 excepto
353 2495 511 2574 Typhoeo,
521 2514 608 2573 quem
620 2497 774 2572 Neptunus
790 2508 938 2571 arreptum
954 2493 984 2552 in
1003 2495 1131 2554 Siciliam
1147 2515 1251 2574 aspor-

223 2593 308 2666 tarit,
328 2597 472 2670 AEtnaque
496 2591 633 2671 imposito
661 2591 805 2663 coercuit,
827 2592 926 2663 17-33.
947 2591 1044 2650 Prima
1060 2591 1253 2671 navigationis

222 2705 306 2749 nocte
320 2691 472 2768 paululum
491 2687 593 2746 timent
610 2700 721 2760 nautae,
745 2689 856 2746 animos
870 2701 966 2746 tamen
981 2690 1132 2748 confirmat
1142 2690 1252 2769 Tiphys

223 2785 415 2867 gubernator:
435 2785 520 2858 cibo,
540 2799 614 2864 potu
627 2803 789 2864 somnoque
802 2804 833 2842 se
846 2798 994 2856 recreant,
1015 2785 1129 2863 diisque
1149 2800 1252 2845 caetera

221 2884 410 2964 permittunt,
429 2885 534 2954 3l·7¹·
559 2885 639 2942 Luce
658 2885 786 2954 oriente,
802 2882 985 2961 conspiciunt
997 2881 1095 2941 Athon
1110 2895 1252 2958 montem,

223 3001 290 3039 mox
301 2981 424 3039 insulam
438 2983 585 3052 Lemnon,
596 2980 730 3038 Vulcano
742 2998 866 3051 sacram,
883 2979 984 3050 72-81.
1000 2977 1129 3037 Historia
1140 2983 1252 3040 Lemni.

223 3083 367 3138 lunonem
378 3078 448 3136 olim
461 3078 684 3156 conspirationis
694 3077 725 3136 in
737 3097 767 3136 se
778 3075 950 3155 participem
956 3077 1072 3156 Jupiter
1082 3097 1118 3135 ex
1126 3078 1254 3157 Olympo

223 3173 428 3254 suspenderat,
450 3193 537 3251 quam
558 3173 734 3233 liberaturus
754 3173 830 3232 filius
849 3173 998 3230 Vulcanus
1018 3173 1089 3230 caelo
1111 3172 1252 3251 dejectus,

223 3285 350 3352 quatuor
365 3285 395 3329 et
409 3271 513 3348 viginti
527 3271 668 3330 horarum
680 3291 734 3351 per
746 3291 843 3330 aerem
859 3271 964 3329 itinere
981 3269 1115 3348 delapsus
1132 3271 1162 3328 in
1174 3269 1254 3328 insu-

223 3369 280 3428 lam
298 3373 455 3441 Lemnum,
469 3367 506 3426 ah
527 3369 630 3428 incolis
648 3368 793 3428 henevole
813 3379 952 3446 exceptus
969 3381 998 3426 et
1017 3382 1163 3425 recreatus
1182 3381 1252 3426 erat.

224 3466 313 3544 Cujus
324 3464 459 3523 beneficii
474 3485 598 3539 memor,
612 3465 642 3523 in
659 3467 818 3545 Olympum
838 3464 932 3524 redux
947 3447 1071 3524 insulam
1090 3483 1186 3523 caram
1201 3465 1255 3523 ha-

222 3561 296 3620 buit.
312 3563 457 3636 Quoniam
472 3583 543 3622 vero
556 3565 670 3623 Lemnii
685 3563 740 3622 soli
753 3564 900 3637 Vulcano,
914 3563 1044 3641 neglecta
1054 3568 1168 3621 Venere
1183 3583 1255 3622 con-

221 3659 307 3739 juge,
328 3659 410 3737 cujus
427 3661 563 3719 furtivam
579 3681 646 3719 curn
661 3665 757 3720 Marte
771 3659 1010 3719 consuetudinem
1029 3661 1255 3738 comperissent,

225 3779 306 3817 sacra
325 3759 420 3817 facere
439 3772 602 3837 coeperant,
626 3758 682 3817 dea
703 3758 781 3817 hunc
805 3759 850 3816 sui
871 3770 1070 3836 contemptum
1090 3758 1257 3836 gravissime

224 3855 373 3915 constituit
396 3855 506 3914 ulcisci.
529 3860 617 3915 Forte
638 3870 699 3914 tum
721 3856 751 3913 in
772 3874 808 3914 eo
831 3867 914 3912 erant
932 3855 1061 3926 Lemnii,
1083 3869 1115 3913 ut
1139 3875 1155 3913 e
1177 3854 1257 3913 bello

225 3968 326 4012 contra
341 3953 469 4014 Thracas
490 3954 610 4012 domum
628 3954 757 4012 redirent
774 3955 908 4012 victores.
918 3955 1015 4011 Venus
1034 3953 1122 4033 igitur
1140 3957 1256 4012 Famam

226 4051 323 4131 (cujus
339 4053 433 4132 unago
444 4073 474 4111 v.
491 4051 637 4132 117-125)
653 4049 728 4124 adit,
736 4050 893 4130 jubetque,
906 4063 939 4109 ut
952 4051 1168 4110 interLemnias
1183 4071 1257 4108 uxo

226 4167 272 4204 res
284 4148 462 4228 divulgaret,
479 4150 596 4208 maritos
608 4169 666 4208 non
682 4167 737 4227 pro
750 4148 888 4227 captivis,
903 4145 954 4206 sed
971 4147 1088 4207 thalami
1107 4147 1191 4206 sociis
1207 4146 1257 4203 ha-

225 4241 338 4306 bituros
352 4247 505 4323 Thressas,
523 4249 646 4316 82-134.
664 4246 803 4309 Mandata
818 4247 931 4326 peragit
945 4251 1050 4320 Fama,
1067 4243 1258 4326 pluribusque
