3192 5128
307 483 310 489 ’
379 523 476 571 run
510 501 689 570 expuo.
718 501 906 574 socon.
934 503 1060 573 mss.
1087 503 1115 570 s
1141 504 1182 573 L.
1209 501 1384 572 seusu.

660 737 709 801 De
722 736 839 800 Iasone
855 751 887 800 et
902 735 1026 801 Medeae
1040 737 1173 826 nuptie.-

421 921 565 986 Valetius
582 921 707 986 Iasonis
729 937 762 986 et
783 920 907 986 Medeae
926 921 1056 1008 nuptias
1072 922 1106 985 in
1125 921 1233 985 Peuce
1255 919 1362 984 insula
1377 917 1446 984 fieri

375 1029 529 1116 incoeptas
550 1049 619 1092 esse
636 1027 768 1110 scribit,
784 1027 920 1116 inopino
937 1043 1046 1093 autem
1057 1097 1058 1102 γ
1068 1026 1198 1115 Absyrti
1215 1024 1357 1092 adventu
1374 1042 1446 1092 tur·

375 1133 463 1198 betas
486 1148 518 1197 et
539 1134 754 1222 interruptas3
767 1133 924 1214 Timaeus,
949 1148 983 1198 et
998 1133 1188 1222 Apollonius
1205 1131 1291 1196 libro
1308 1147 1444 1221 quarto,

373 1255 471 1327 atque
489 1239 656 1327 Orpheus,
675 1240 823 1328 Corcyrae
848 1239 1005 1305 scribunt.
1024 1239 1201 1328 Dionysius
1219 1238 1386 1321 Milesius,
1409 1240 1444 1303 in

375 1341 519 1410 secundo
529 1344 783 1432 Argonauticon,
792 1345 948 1434 Byzantii,
959 1345 1171 1410 Antimachus
1183 1345 1218 1409 in
1229 1343 1329 1433 Lyde,
1340 1366 1444 1434 prope

372 1450 508 1515 lluvium
523 1449 604 1514 dicit
616 1451 765 1515 Jasonem
778 1473 854 1516 cum
868 1450 983 1517 Medea
996 1451 1119 1515 coiisse.
1132 1451 1289 1535 Philetas,
1301 1451 1336 1515 in
1346 1452 1443 1515 Tele·

371 1555 458 1644 pho,
472 1555 506 1618 in
521 1554 649 1619 Alcinoi
663 1553 765 1619 domo
781 1556 955 1620 celebratas
969 1557 1022 1622 ait.
1038 1556 1213 1638 Timonax‚
1225 1579 1301 1622 vero
1317 1555 1443 1621 Siculo-

371 1683 446 1724 mm
459 1659 586 1748 primu,
604 1658 640 1721 in
660 1657 815 1723 Colchide
826 1659 939 1725 scribit
951 1658 1101 1725 Medeam
1119 1661 1160 1726 ab
1177 1662 1293 1726 lasone
1309 1658 1442 1724 ductam

371 1787 526 1847 uxorem,
538 1787 605 1827 non
619 1765 689 1828 sine
699 1766 798 1853 patris
809 1765 912 1830 AEetae
923 1767 1101 1832 voluntate.
1114 1767 1226 1832 Refert
1238 1751 1442 1831 autemidem

370 1871 545 1936 monstrari
557 1869 649 1950 juxta
663 1870 807 1934 Pontum
825 1871 938 1936 hortos
952 1870 1111 1960 quosdam
1129 1873 1277 1938 Iasonios
1293 1858 1443 1954 vocatos,

370 2002 410 2044 ex
431 1975 550 2065 quibus
568 1977 637 2063 ipse
657 1974 834 2040 discessum
853 1976 949 2059 fecit,
972 1977 1055 2042 etin
1074 1977 1154 2042 AEea
1171 1977 1338 2066 gymnasia
1354 1999 1443 2064 quae·

371 2085 462 2167 dam,
481 2099 515 2148 et
531 2082 731 2162 thalamum,
751 2082 784 2144 in
804 2104 870 2169 quo
883 2081 999 2147 Medea
1012 2084 1122 2147 Iasoni
1139 2082 1270 2171 nupsit,
1290 2098 1323 2146 et
1340 2105 1443 2172 prope

371 2191 486 2254 urbem
504 2187 658 2251 sacellum
674 2187 820 2267 Iasonis,
846 2202 879 2251 et
904 2186 1005 2250 multa
1030 2187 1099 2252 alia.
1119 2188 1197 2274 Haec
1215 2209 1255 2250 ex
1277 2187 1441 2276 Apollonii

369 2297 554 2382 interprete.
577 2292 698 2355 Caetera
714 2312 813 2371 vero,
830 2313 903 2378 quse
919 2289 960 2354 de
972 2293 1235 2380 Argonautarum
1254 2291 1288 2353 in
1305 2291 1442 2355 Thessa·

370 2403 444 2465 liam
467 2397 574 2462 reditu
587 2421 606 2461 a
622 2396 740 2462 Graecis
758 2395 971 2484 scriptoribus
986 2396 1179 2477 traduntur,
1196 2397 1347 2461 consulto
1360 2420 1441 2485 prae·

369 2506 584 2586 termisimus,
599 2520 670 2568 tum
684 2503 760 2590 quia
776 2501 817 2566 ad
828 2501 947 2566 Valerii
965 2504 1068 2568 nostri
1084 2526 1166 2592 opus
1181 2502 1440 2593 intelligendum,

259 2639 261 2646 ’
371 2635 438 2676 non
452 2612 561 2675 multae
575 2609 676 2698 frugis
688 2625 785 2690 sunt,
799 2626 870 2673 tum
885 2630 927 2672 ne
944 2613 1086 2690 ἰγχιιρίδιον
1101 2609 1183 2691 hoc,
1197 2609 1231 2673 in
1244 2633 1312 2698 quo
1325 2610 1439 2673 breves

371 2741 439 2783 esse
453 2717 686 2796 laboravimus,
704 2716 857 2779 volumen
869 2715 993 2796 justum
1004 2713 1182 2779 excederet.
