3196 5120
380 507 441 572 ηε
479 483 532 551 tn
561 484 652 552 nte.
675 437 944 556 SECUNDUM
973 488 1371 560 inconnumcon

376 601 448 668 riae,
464 602 510 673 qui
522 601 677 656 Hammonis
686 602 825 658 oraculum
837 603 891 658 hue
911 602 1021 660 inducat
1035 605 1172 677 imperite,
1186 606 1391 663 velBurmanno
1400 610 1445 682 ju·

377 683 437 737 dice
443 722 451 749 ,
471 685 518 756 qui
539 696 615 738 notan
632 684 667 738 ad
686 685 759 740 hune
777 689 866 740 locum
886 688 922 744 εἰο
939 689 1047 761 carpit:
1067 713 1078 738 ι
1096 689 1296 745 Ostendendum
1307 705 1364 747 erat
1376 692 1444 747 illud

376 768 471 820 Airicae
493 769 630 822 oraculum
647 772 704 842 jam
726 782 823 824 tunna
845 771 994 845 Phrygibus
1015 773 1118 826 consuli
1138 775 1223 829 fuisse
1244 779 1326 832 morie
1346 778 1443 852 :quod

375 850 477 902 utinam
493 849 620 922 liqueret,
631 863 661 904 ut
672 865 755 925 poetae
771 851 908 926 diligentia
927 867 953 907 et
966 855 1097 927 judicium
1109 859 1256 912 constaret!
1270 876 1294 907 ι·

410 984 445 1036 V.
461 986 524 1051 504.
553 988 709 1057 Trepidisque
718 1005 826 1046 mentem
838 995 956 1044 Litoribus
963 1013 1010 1044 sua
1023 994 1089 1061 cogit
1100 996 1186 1047 hiems.
1197 1026 1229 1036 -
1238 996 1281 1052 sic
1291 968 1391 1054 S'enem
1404 996 1439 1051 de

375 1083 514 1135 monstro,
530 1071 602 1143 quod
613 1072 750 1148 Hippolyti
763 1095 846 1148 equos
863 1077 973 1142 terruit,
985 1076 1122 1152 Hippolyt.
1133 1098 1160 1134 v.
1175 1098 1223 1133 110
1236 1097 1244 1133 ε

517 1185 686 1250 Placidumqne
694 1191 792 1254 pelagus
800 1191 897 1256 propria
908 1201 1033 1254 tempestus
1041 1193 1102 1255 egita
1196 1231 1205 1244 .

374 1295 401 1340 et
417 1285 504 1352 inire,
517 1307 545 1342 r.
562 1293 647 1344 1016:

513 1397 685 1462 Tumidumque
694 1409 801 1448 monetro
808 1401 906 1464 pango·
914 1401 940 1448 in
950 1410 1037 1450 terram
1048 1401 1103 1449 ruit.

378 1508 619 1565 menusanum
639 1512 704 1566 nae
720 1514 842 1568 nomm
862 1501 1028 1588 imponam.

409 1647 446 1700 V.
456 1649 518 1702 518.
527 1651 576 1700 Ille
592 1609 665 1701 rirnul
679 1654 767 1704 molem
784 1653 924 1722 ltom'ficnrn
946 1653 1125 1720 scopulosaque
1141 1663 1213 1718 terga

520 1737 651 1786 Promovet.

373 1839 425 1892 Pro
441 1843 569 1910 scopulosa
578 1840 719 1904 Heinsius,
732 1839 785 1895 hoe
797 1841 889 1897 durius
898 1841 1055 1896 translatum
1066 1839 1222 1906 arbitratur,
1235 1839 1360 1911 proponit
1372 1861 1440 1894 scm·

369 1943 450 1993 pora,
464 1943 546 1996 quam
560 1923 703 1978 dictionem
720 1924 803 1981 sntio
819 1945 927 1999 quoque
944 1925 1054 1998 imponit
1070 1924 1122 1978 hoc
1140 1923 1216 1987 loco,
1227 1923 1323 1977 Achill.
1338 1925 1371 1992 1,
1384 1925 1416 1978 55
1431 1941 1440 1976 ε

373 2012 551 2076 scopulosaque
558 2023 616 2062 cete.
626 2007 694 2060 Mihi
703 2027 767 2063 vero
781 2013 909 2078 scopulosa
921 2008 1025 2064 videtur
1034 2006 1162 2080 grandem
1173 2005 1318 2077 quamdam
1329 2019 1355 2060 et
1366 2007 1440 2079 quasi

374 2091 550 2163 prodigiosam
562 2091 703 2164 imaginem
713 2093 836 2146 exhibere
845 2131 853 2156 ,
862 2093 1000 2146 Valerium
1009 2109 1040 2144 ac
1050 2091 1163 2144 Statium
1171 2090 1251 2160 piane
1261 2089 1438 2142 redolentem:

373 2175 473 2252 quippe
486 2195 570 2248 quum
587 2175 631 2228 ille
650 2173 684 2228 de
703 2176 792 2230 bellua
806 2174 902 2230 dixerit
915 2195 1011 2248 supra,
1025 2195 1054 2231 v.
1068 2182 1139 2246 479,
1153 2172 1282 2227 Hesiones
1304 2191 1350 2227 ore
1364 2190 1372 2226 τ

520 2310 682 2326 ...........
702 2278 763 2325 liano
772 2287 797 2324 tu
805 2293 848 2324 uec
860 2277 978 2325 montibus
990 2277 1059 2334 ullis,

517 2353 568 2400 lieo
577 2363 658 2399 nostro
667 2353 750 2400 metire
759 2351 831 2408 mari3

374 2451 470 2504 Statius
489 2469 554 2505 vero
571 2451 736 2505 demonstro
753 2463 924 2524 emergente,
941 2452 1078 2526 Hippolyt.
1089 2471 1116 2506 r.
1133 2470 1198 2506 toat
1215 2469 1223 2505 ε
1239 2455 1326 2518 &etas
1337 2453 1444 2504 reoriur

373 2555 451 2588 nova.
464 2537 644 2602 Recentiores,
658 2539 752 2590 mobilis
762 2539 858 2598 insula,
873 2535 1006 2592 dixerunt.

406 2651 445 2704 V.
460 2651 512 2725 519
528 2683 925 2706 ......................
939 2655 1067 2704 intremere
1076 2654 1141 2714 Ida,

525 2739 640 2804 ltlidique
656 2738 732 2798 ratis,
748 2756 885 2806 pronaque
901 2755 1030 2806 resurgere
1051 2750 1137 2788 turres.

375 2843 437 2897 Vox
452 2847 512 2897 ratis
526 2844 629 2898 videtur
646 2845 733 2917 spuria
746 2863 754 2898 ε
767 2864 822 2899 non
836 2855 876 2898 est
888 2845 959 2898 enim
972 2843 1113 2898 verisimile
1126 2854 1156 2895 ut
1171 2840 1223 2894 hoo
1236 2840 1297 2893 loeo
1310 2837 1344 2891 de
1359 2837 1443 2908 Argo·

376 2939 520 2982 nautarum
531 2945 600 2983 nere
617 2940 720 3000 agatur.
734 2928 901 2991 Gronovius,
914 2928 1053 2981 Obsemat.
1070 2927 1117 2980 lib.
1133 2926 1164 2989 t,
1177 2942 1237 2996 cap.
1255 2929 1285 2976 ιθ
1297 2961 1305 2986 ,
1316 2918 1442 2994 proponit

370 3016 470 3073 trabes,
486 3013 504 3066 i.
519 3031 543 3066 e.
561 3014 683 3080 arborea,
695 3029 754 3084 quae
767 3013 845 3066 lectio
859 3011 921 3065 satie
937 3012 1059 3083 congruit
1072 3029 1133 3063 oum
1146 3003 1304 3081 precedenti
1315 3009 1444 3056 inuenere

373 3099 440 3157 Ida,
452 3109 478 3149 et
491 3098 611 3168 sequenti
625 3116 762 3166 prunaque
775 3115 902 3164 reserpere
919 3111 1006 3148 narres.
1022 3093 1073 3147 Hio
1090 3093 1165 3145 loeut
1177 3091 1216 3144 eie
1230 3086 1384 3142 emendatus
1400 3101 1444 3138 re·

375 3179 469 3250 petitio
480 3191 518 3232 eet
537 3167 607 3233 illiue
622 3199 714 3252 supra,
730 3187 802 3249 477:

514 3286 593 3342 Quum
601 3283 691 3328 nubitur
699 3282 788 3344 fragor,
797 3291 821 3330 et
832 3282 915 3328 fluetus
927 3279 990 3328 idea
998 3289 1119 3327 moventes

476 3357 493 3395 θ
516 3359 680 3408 Cometabolia
694 3373 799 3406 nemora.

373 3466 464 3521 Beekii
476 3485 541 3520 vero
551 3483 581 3519 ex
592 3464 773 3519 emendatione
783 3464 860 3531 ride,
870 3483 899 3539 p.
916 3469 981 3529 152,
992 3463 1071 3538 hujue
1084 3460 1223 3527 edidonie,
1240 3475 1321 3533 quem
1335 3469 1441 3510 tensum

375 3552 530 3622 Wagnerue
553 3560 717 3620 extorqueat.
761 3573 762 3577 ¹

410 3663 445 3715 V.
460 3663 520 3728 5²4.
539 3667 596 3714 Iam
607 3665 697 3724 brevis,
709 3677 733 3714 et
744 3666 791 3715 telo
807 3665 905 3715 voluen'
917 3681 966 3712 non
979 3663 1043 3712 utilis
1052 3679 1105 3712 aer.
1116 3689 1152 3700 -
1162 3655 1314 3710 Gronovius
1323 3656 1446 3710 oonlerre

374 3747 450 3820 jubet
462 3747 535 3800 hune
547 3746 637 3800 locum
647 3747 732 3800 Taciti
740 3783 749 3811 ,
757 3746 899 3800 Annalium
911 3744 958 3798 lib.
969 3745 1027 3808 vl,
1040 3763 1099 3816 cap.
1114 3745 1147 3797 35
1160 3758 1167 3793 t
1185 3761 1259 3811 quum
1274 3743 1376 3794 Partitur
1389 3760 1445 3811 spe·

375 3836 433 3884 tiurn
447 3831 530 3882 ictibus
544 3845 672 3900 quareret.

409 3953 446 4006 V.
464 3951 645 4022 taurumque
661 3955 762 4022 agmine
776 3965 834 4006 toto.
843 3981 878 3993 -
888 3949 988 4004 Confer
1002 3948 1080 4021 Virg.
1097 3947 1160 4001 AEn.
1170 3947 1208 4012 V,
1223 3948 1272 4014 96:
1286 3949 1329 4000 ille
1344 3948 1446 4016 agmine

377 4043 465 4106 longo.

363 4221 368 4234 ·
411 4162 447 4214 V.
462 4161 513 4227 546
529 4195 869 4212 ....................
885 4157 965 4224 qualis
983 4173 1031 4226 per
1041 4173 1139 4225 pasena
1157 4155 1238 4208 uictor

529 4247 677 4316 Ingredt'w,
694 4258 744 4296 tune
764 4247 829 4296 colla
850 4255 960 4302 uenena,
975 4255 1023 4292 uem
1035 4242 1123 4292 celsior
1140 4241 1229 4298 arrrtr's,
