3198 5106
389 524 650 606 ramrarro
677 521 927 592 SECUNDA.
1102 549 1195 596 clxv
1237 507 1239 512 ’

119 669 266 722 accttrate
285 651 391 736 dicta,
405 644 624 742 quoe'postea,
637 649 699 716 ubi·
711 651 814 730 major
829 651 1015 716 exercitatio
1032 669 1065 716 et
1082 654 1195 720 lectio-

121 764 169 828 nis
180 761 276 849 copia
286 759 472 841 accesserit,
483 757 715 839 emendentur3
730 755 788 821 sed
802 772 909 821 totum
924 762 1195 826 commentarium

24 888 25 896 ¹
121 869 187 936 aliis
198 867 412 956 subreptum,
423 865 645 947 inauctorem,
660 885 760 953 quem
773 885 842 928 uon
857 863 1078 954 intelligimus,
1090 868 1197 956 impu·

121 974 237 1040 denter
255 993 451 1061 congerere,
467 993 535 1059 quo
553 971 663 1036 colore
679 970 750 1034 talis
768 969 960 1057 improbitas
977 987 1011 1034 et
1025 971 1195 1038 confiden-

121 1083 164 1148 tia
177 1078 315 1146 defendi
331 1079 452 1168 possit,
469 1099 537 1141 nou
551 1076 658 1142 rideo.
674 1078 765 1140 Inter
778 1097 938 1164 praecoces
954 1099 1037 1164 saepe
1053 1078 1198 1145 eruditos

122 1188 243 1252 multos
261 1185 377 1251 referri
394 1183 510 1266 video,
525 1185 567 1250 ab
587 1185 666 1266 illis,
682 1185 739 1272 qui
759 1183 972 1249 bibliothecas
988 1199 1022 1248 et
1035 1187 1198 1278 catalogos

122 1292 332 1358 eruditorum
355 1292 552 1381 praecocium
575 1313 692 1381 magna
713 1291 800 1355 mole
818 1288 1017 1373 conficiunt,
1038 1293 1094 1380 qui
1112 1309 1199 1358 certe

124 1397 331 1464 eruditorum
347 1397 483 1462 nomine
498 1395 626 1485 indigni
638 1412 730 1461 sunt.
746 1397 828 1478 Quis
845 1396 933 1460 enim
949 1395 1064 1479 hodie,
1078 1399 1104 1461 si
1119 1421 1201 1464 enu-

124 1503 422 1586 uemeveliteos,
434 1503 577 1591 quiante
590 1523 716 1567 annum
728 1502 921 1592 vigesimum
935 1501 1076 1590 doctoris
1096 1505 1200 1569 titulis

125 1627 156 1676 et
169 1609 357 1700 insignibus
373 1625 543 1692 ornantur,
562 1630 630 1672 non
647 1609 761 1698 ingens
783 1608 936 1674 volumen
954 1611 1130 1697 quotannis
1146 1633 1201 1675 ex·

126 1715 291 1798 truderet,
301 1729 335 1779 et
346 1715 569 1802 ephemeridas
581 1713 775 1803 praecocium
788 1710 1049 1780 conficeretfsed
1061 1717 1201 1804 quifere

127 1843 241 1888 omues
257 1821 346 1886 iuter
356 1821 455 1886 rudes
469 1837 502 1885 et
515 1821 680 1901 indoctos,
693 1821 749 1908 qui
764 1818 871 1887 studia
884 1820 984 1884 cruda
996 1824 1202 1909 propellunt,

129 1943 236 1994 essent
247 1926 443 1992 numerandi
452 1950 461 1992 :
471 1949 508 1992 ea
519 1928 606 1992 enim
617 1927 716 2016 pestis
726 1925 910 1990 studiorum
920 1925 1019 1990 hodie
1028 1947 1200 2016 grassatur,

128 2049 165 2098 ut
179 2054 302 2121 pueros
318 2034 467 2096 omnium
489 2055 601 2096 rerum
617 2032 802 2121 imperitos,
820 2031 988 2126 immone
1008 2033 1114 2097 latinae
1137 2036 1202 2100 lin·

130 2162 199 2229 guae
223 2137 360 2226 quidem
387 2161 523 2227 gnaros,
544 2137 717 2204 doctorum
737 2138 878 2227 praemiis
901 2137 1066 2202 honestari
1082 2139 1201 2208 videas.
1271 2129 1277 2137 ¹

132 2246 192 2312 Sed
207 2245 250 2308 de
264 2246 317 2309 bis
331 2245 490 2334 querendi
508 2246 600 2310 locus
616 2246 671 2310 hic
687 2269 754 2310 non
774 2261 842 2311 est:
856 2245 1026 2310 redeamus
1037 2247 1146 2334 potius
1161 2246 1202 2312 ad

79 2417 80 2422 ,
132 2350 307 2432 dlardum,
324 2350 417 2430 cujus
434 2371 564 2414 eausam
588 2373 683 2440 agere
705 2367 781 2416 ante
798 2351 970 2416 biennium
988 2373 1121 2439 quoque
1139 2354 1200 2419 Ni·

133 2458 239 2522 colaus
251 2455 389 2544 quidam
399 2455 554 2538 Alardus,
565 2472 598 2520 ct
609 2457 763 2544 gentilem
778 2479 875 2522 suum
889 2473 1003 2522 contra
1017 2457 1205 2523 Brouckhu·

133 2563 170 2628 sii
182 2561 380 2644 calumnias,
391 2578 430 2628 ut
441 2578 554 2642 vooet,
567 2561 742 2627 defendere
760 2564 915 2644 tentarit,
931 2563 964 2626 in
977 2563 1097 2628 decade
1110 2565 1202 2629 Alar-

133 2667 269 2748 dorum,
282 2689 317 2755 p.
332 2687 385 2753 27,
399 2666 457 2732 sed
474 2682 508 2730 et
525 2667 712 2748 infeliciter,
730 2683 762 2731 et
778 2667 875 2732 simul
891 2667 1126 2734 fraudulenter.
1144 2673 1206 2736 Ac·

134 2772 293 2853 curatori,
306 2787 345 2836 ut
357 2788 466 2855 vocat,
481 2771 569 2836 enim
582 2772 686 2859 belgae
699 2772 838 2860 opponit
847 2770 979 2859 Belgam
986 2771 1205 2858 defensorem,

133 2880 308 2967 hugonem
327 2877 500 2957 Grotium,
522 2878 581 2963 qui
597 2874 709 2940 eadem
734 2874 978 2940 commentandi
993 2876 1151 2942 methodo
1168 2879 1204 2943 in

135 2983 295 3048 adnotatis
316 2983 352 3046 in
376 2982 508 3048 Novum
533 2982 780 3047 ‘resumentum
802 2999 900 3044 usum
921 3003 956 3045 se
980 3003 1050 3046 esse
1072 2983 1204 3050 fatetur.

136 3091 323 3156 toneneas
333 3089 342 3152 l
354 3088 774 3177 quambenecoruparatum
785 3085 1056 3152 Alardo'trimiuis
1068 3089 1204 3156 socium!

137 3196 192 3262 sed
204 3196 376 3260 amisimus
389 3193 488 3259 hodie
506 3216 581 3278 tera
594 3215 705 3258 rerum
720 3192 896 3274 vocabula3
911 3215 987 3257 nam
1002 3215 1066 3282 qua
1078 3194 1206 3278 fronto,

138 3303 245 3370 nescio
255 3348 266 3383 ,
278 3321 460 3366 asseverare
472 3320 570 3365 ausus
585 3300 684 3364 fuerit
694 3297 914 3380 hicAlardus,
929 3298 1081 3364 Grotium
1095 3303 1205 3366 omnia

138 3430 194 3472 tua
211 3429 253 3472 ex
270 3407 342 3472 aliis
360 3406 567 3494 compilasse,
589 3405 691 3494 idque
708 3403 912 3472 confidenter
926 3405 1035 3495 ipsum
1050 3405 1206 3472 Grotiunt

138 3513 301 3603 profiteri,
317 3513 351 3578 in
371 3513 481 3578 verbis
500 3511 766 3577 adnotationibus
780 3510 928 3600 praefixis,
943 3510 1103 3578 affirmare
1115 3513 1208 3578 susti·

140 3635 222 3686 neat.
234 3619 319 3702 Quae
331 3618 401 3681 haec
413 3615 638 3705 impudentia?
652 3616 728 3679 solis
737 3614 880 3697 turdis,
892 3613 1008 3697 credo,
1018 3616 1134 3682 frontis
1140 3633 1208 3684 tam

140 3723 360 3813 expudoratoe,
377 3737 410 3787 et
423 3721 614 3787 erubescere
625 3721 740 3785 nesciae
753 3743 822 3786 esse
833 3722 919 3787 licet.
933 3723 1065 3786 Fatenrr
1075 3722 1209 3810 quidem

141 3828 273 3896 Grotius
291 3852 326 3894 se
338 3829 515 3918 profecisse
526 3849 566 3892 ex
578 3826 733 3891 omnibus
742 3874 751 3909 ,
761 3826 818 3914 qui
834 3842 910 3890 ante
926 3848 960 3891 se
971 3826 1006 3890 in
1016 3827 1110 3900 Ν.,Τ.
1123 3851 1211 3894 oom-

141 3937 272 4002 mentati
291 3941 387 4016 sunt,
406 3933 464 3998 sed
483 3933 645 3998 abstinere
666 3953 782 3996 eorum
800 3931 989 3997 nominibus
1006 3947 1141 4022 propter
1156 3935 1209 4000 in·

140 4041 256 4108 sidiam
270 4059 305 4108 et
317 4043 499 4108 factionum
515 4039 644 4122 studia,
662 4061 735 4128 quae
751 4061 793 4104 eo
811 4055 957 4129 tempore
972 4041 1159 4125 fervebant,
1177 4061 1210 4109 et

143 4151 216 4236 quia
229 4141 360 4216 volebat
378 4149 533 4214 inservire
547 4145 702 4212 omnibus
718 4146 975 4212 Christianorum
994 4147 1088 4212 sectis
1099 4169 1108 4212 s
1121 4147 1211 4214 addit

142 4277 216 4322 vero
238 4257 288 4320 vir
304 4277 459 4345 mugitus,
476 4269 511 4320 et
527 4253 645 4318 merito
663 4251 865 4342 principibus
885 4249 1085 4319 literatorum
1103 4251 1209 4320 adnu-
