3246 5112
344 519 389 596 44
645 517 682 581 C.
706 515 902 584 VALERIl
930 516 1106 581 FLACCI

388 641 542 706 Perderet
557 658 589 706 et
603 644 719 734 pingui
736 647 871 712 miseros
887 645 1037 713 Boebeide
1054 647 1178 710 crines!

390 755 535 842 Insurgit
549 757 711 839 transtris,
728 774 761 823 et
775 783 867 825 remo
883 763 987 827 Nerea
1001 774 1107 824 versat
1379 786 1418 833 tto

389 868 553 951 Canthus,
569 871 603 933 in
617 870 709 937 AEaeo
722 874 830 939 volvet
845 897 944 964 quem
954 875 1097 939 ⁴barbara
1112 874 1220 963 cuspis

389 983 543 1066 Pulvere3
559 1001 592 1050 at
607 987 729 1052 interea
744 989 821 1052 clari
837 988 936 1053 decus
951 989 1074 1069 adjacet
1090 989 1196 1070 orbis,

391 1098 498 1180 Quem
515 1101 643 1189 genitor
658 1117 796 1190 gestarat
809 1103 914 1186 Abas3
931 1119 1018 1168 secat
1033 1126 1130 1167 aurea
1145 1101 1246 1169 fluctu

389 1215 545 1303 Tegmina
559 1216 748 1281 chalcidices
764 1218 892 1307 fugiens
909 1219 1051 1306 Euripus
1067 1239 1196 1298 arenas3

393 1329 551 1417 Celsaque
567 1330 754 1395 semiferum
771 1348 992 1420 contorquens
1008 1331 1100 1395 frena
1115 1330 1269 1418 luporum
1378 1354 1416 1398 sss

388 1442 499 1533 Surgis
516 1445 557 1508 ab
573 1446 722 1511 ostrifero
739 1446 882 1527 medius,
899 1448 1069 1535 Neptune,
1085 1446 1237 1510 Geraesto.

389 1552 432 1617 Et
447 1553 505 1618 tibi
522 1556 658 1643 palladia
674 1558 772 1646 pinu,
787 1559 1005 1647 Polypheme,
1022 1573 1150 1622 resecto

388 1668 474 1730 Ante
489 1668 605 1733 urbem
621 1669 763 1735 ardentis
780 1688 878 1737 restat
893 1672 1095 1761 deprendere
1111 1671 1211 1760 patris

388 1780 581 1867 Relliquias,
598 1783 737 1848 multum
753 1784 882 1850 famulis
899 1787 952 1874 pia
965 1786 1051 1866 justa
1067 1785 1217 1865 moratis,

390 1892 423 1956 Si
439 1894 558 1958 venias.
575 1897 726 1961 breviore
741 1900 822 1984 petit
834 1900 900 1977 jam
917 1901 1031 1962 caerula
1047 1921 1156 1978 remo,
1379 1915 1418 1962 st·

388 2007 535 2096 Occupat
550 2025 582 2074 et
597 2010 694 2099 longe
710 2034 768 2076 sua
782 2027 921 2076 transtra
937 2013 1132 2076 novissimus
1149 2010 1232 2074 Idas.

375 2243 430 2298 453.
444 2246 556 2292 Gestabat.
568 2246 644 2293 Godd.
654 2255 678 2293 et
691 2247 745 2294 edd.
755 2263 835 2294 omnes
844 2256 897 2295 ente
906 2246 1035 2306 Epinsinm.
1048 2247 1091 2292 En.

380 2455 442 2515 450.
461 2461 579 2518 muru,
598 2460 729 2526 insurgens
746 2462 858 2511 tmnsais
901 2461 1037 2530 praeferret
1045 2458 1147 2530 lupina.
1158 2459 1220 2524 Quo
1228 2468 1359 2509 terrarum
1370 2457 1418 2508 ab·

344 2549 370 2586 et
383 2554 449 2588 remo
466 2541 548 2587 Nerea
567 2537 670 2606 (mare)
683 2557 803 2600 versans,
817 2557 859 2592 ca·
903 2539 963 2606 ierit
974 2540 1023 2592 ista
1037 2555 1157 2610 gemma,
1172 2533 1295 2608 equidem
1308 2536 1416 2598 nescio;

343 2631 423 2668 surus
445 2615 472 2667 in
493 2615 585 2687 prelio
606 2615 640 2669 ad
661 2619 755 2670 urbem
770 2621 857 2671 AEam.
904 2623 1027 2687 Lipperass
1046 2618 1138 2671 saltem
1158 2615 1328 2679 nonhabet,
1352 2614 1416 2667 alio·

342 2693 418 2760 (vl,
433 2695 484 2764 317
497 2698 551 2766 sq.)
563 2701 678 2758 Interea,
698 2695 763 2749 dum
781 2698 859 2750 remi·
903 2717 1033 2770 rumque,
1054 2699 1081 2751 in
1104 2697 1202 2768 quibus
1223 2695 1331 2767 antiqua
1352 2695 1416 2746 artis

343 2785 406 2844 gat,
429 2792 498 2845 pone
523 2794 584 2827 eum
605 2776 676 2847 jacet
698 2779 762 2828 clun·
785 2781 858 2828 decus
903 2777 1065 2830 monimenta
1080 2786 1315 2848 representantur,
1334 2773 1416 2826 libro·

344 2857 422 2915 orbis,
447 2854 549 2907 allabre
569 2856 657 2908 sactus
677 2855 804 2928 clypeus,
824 2856 859 2908 ab
902 2875 962 2909 rum
976 2867 1051 2908 curta
1064 2855 1129 2908 mihi
1144 2853 1258 2926 supellex
1270 2864 1320 2906 est.

343 2936 441 2984 Abante
451 2945 526 3004 patre
536 2933 599 2986 olim
608 2949 730 3003 gessurus,
743 2935 771 2987 in
783 2935 859 3007 cujus
939 2939 1002 3007 457.
1015 2937 1180 3004 Polyphemus,
1193 2933 1260 2986 alius
1271 2932 1417 2986 abfsmoso

344 3015 450 3079 agmine
459 3033 548 3075 aureo,
562 3013 661 3067 lamina
672 3025 764 3066 aurata
771 3051 779 3077 ,
793 3012 860 3066 exhi-
904 3016 951 3069 illo
964 3011 1082 3086 ejusdem
1095 3014 1211 3067 nominis
1223 3011 1349 3084 Cyclope.
1363 3011 1417 3064 No·

343 3091 414 3146 bitus
422 3103 479 3144 erat
487 3097 589 3162 Euripus
599 3096 746 3145 chalcidicus
751 3130 760 3154 ,
769 3092 859 3146 nobile
904 3107 958 3148 stro
968 3093 1127 3147 destinatum
1139 3090 1189 3145 tuit
1199 3091 1268 3154 law,
1278 3089 1335 3142 htec
1344 3088 1417 3142 enim

344 3169 412 3224 illud
426 3165 661 3224 fretum'Euhoeam
672 3171 741 3223 inter
752 3182 777 3222 et
787 3171 860 3223 Btro·
904 3185 994 3226 narrat
1004 3183 1096 3244 poeta,
1110 3184 1140 3224 ut
1152 3171 1180 3222 in
1190 3170 1302 3241 patriam
1313 3187 1346 3220 eo
1357 3166 1416 3239 ipso

344 3248 425 3313 tiam,
436 3263 463 3303 et
472 3256 597 3319 Neptunus
608 3251 642 3303 ab
654 3254 774 3310 Geroesto,
787 3250 859 3320 quod
906 3250 1005 3306 rediret
1021 3264 1156 3322 tempore,
1174 3267 1229 3319 quo
1243 3247 1354 3312 famuli,
1368 3246 1416 3299 diu

345 3328 449 3380 Euboea
459 3329 672 3400 promontorium
682 3329 806 3400 Neptuno
820 3320 860 3382 sa·
903 3333 961 3405 ejus
972 3330 1116 3384 adventum
1128 3326 1283 3400 prestolari,
1296 3326 1324 3379 in
1334 3345 1365 3378 eo
1374 3342 1416 3377 es-

344 3427 421 3462 crum
444 3421 520 3472 erat,
543 3410 669 3476 osm'sero,
693 3409 740 3460 ubi
762 3427 859 3480 magne
903 3423 972 3474 sent,
983 3421 1012 3462 ut
1021 3421 1135 3480 patrem,
1145 3407 1259 3471 Elatem,
1268 3423 1333 3476 rogo
1342 3422 1415 3457 oom-

344 3486 547 3560 eonchyliorum
555 3487 645 3558 copia,
655 3491 721 3539 celsa
723 3488 817 3556 frena,
829 3489 858 3541 in
903 3489 1019 3561 positum
1030 3497 1240 3541 concremarent.

344 3585 427 3620 curru
437 3567 541 3620 sublimi
552 3569 860 3634 stans,sem1feronsm1u-
939 3573 999 3634 460.
1015 3571 1086 3620 Idas.
1099 3566 1231 3619 Ultimum
1242 3563 1335 3619 ordine
1343 3574 1414 3616 uan-

340 3663 442 3715 pamm,
454 3645 603 3698 belluarum
613 3645 777 3698 marinarum
789 3645 859 3718 lupi·
903 3659 988 3701 strum
1005 3657 1136 3718 occupat,
1156 3645 1270 3716 ideoque
1285 3661 1339 3696 nou
1359 3652 1413 3694 tam

345 3725 388 3778 nis
409 3724 537 3796 capitibus
558 3739 739 3792 contorquens,
761 3743 858 3796 magna
903 3727 981 3799 longe
1004 3723 1162 3798 protendere
1184 3735 1268 3795 potest
1288 3739 1414 3778 remum»

346 3805 390 3869 vi,
405 3805 513 3858 robusta
531 3823 612 3858 manu
630 3801 780 3858 moderans.
804 3802 860 3856 Ple-
903 3825 984 3878 quam
1000 3806 1028 3859 in
1047 3803 1134 3858 medio
1154 3801 1292 3864 collocatis
1308 3803 1415 3852 breuiore

347 3902 461 3955 rumque
472 3895 498 3936 et
511 3903 527 3937 a
538 3885 622 3956 poetis
632 3895 657 3937 et
668 3884 703 3937 ab
714 3883 860 3937 artificibus
904 3905 970 3938 remo
979 3905 1047 3938 mare
1056 3898 1144 3943 movet,
1155 3879 1248 3934 eodem
1257 3898 1350 3942 sensu,
1360 3897 1415 3949 quo

347 3963 439 4034 priscis
462 3963 578 4035 Neptuni
600 3965 691 4018 currui
711 3965 860 4036 junguntur
904 3964 1069 4028 tib.v,415;
1088 3959 1417 4014 breviormtatrihuiturlu·

347 4042 413 4107 duo,
421 4042 465 4096 vel
473 4055 587 4114 quatuor
595 4043 668 4117 equi,
679 4043 751 4115 iique
758 4043 861 4114 equinis
905 4059 961 4107 nte,
980 4061 1039 4114 quae
1056 4042 1209 4094 interiorem
1230 4058 1311 4112 quam
1330 4038 1369 4090 sol
1388 4037 1415 4089 in

347 4122 493 4195 capitibus;
503 4121 618 4195 lapidem
628 4137 717 4177 tamen
727 4136 861 4177 nemetum
905 4122 968 4176 culo
981 4123 1073 4174 orbem
1086 4120 1286 4174 circumscribit.

347 4205 435 4256 llomte
449 4221 475 4256 se
490 4203 554 4256 olim
563 4202 658 4258 vidisse
668 4214 778 4257 testatur
788 4207 858 4265 tt'us,
942 4205 1003 4265 461.
1021 4201 1064 4254 sie
1082 4199 1242 4253 enumeratis
1263 4197 1298 4252 ad
1313 4212 1417 4250 remum

347 4282 448 4338 Valerii
473 4283 557 4338 nostri
578 4281 681 4350 editor,
704 4282 750 4355 qui
774 4282 861 4355 capita
905 4279 1056 4336 sedentibus
1068 4279 1243 4353 Argonautis,
1255 4277 1330 4334 addit
1339 4274 1417 4328 Vale·
