3198 5106
212 583 699 707 C.VALER11
743 591 789 708 F
799 589 1068 714 LACCI

410 879 641 970 SETINI
680 883 875 972 BALBI

157 1143 1135 1306 ARGONAUTICON

416 1471 594 1549 LIBER
628 1471 864 1552 PRIMUS.

470 1683 814 1712 ι--ᾡ-...ι

340 1833 583 1902 ANALYSIS
612 1835 751 1902 LIBRI
781 1837 942 1903 PRIMI.

111 2022 254 2078 Summam
268 2017 356 2074 totius
373 2017 508 2074 carminis
521 2017 642 2096 exponit
656 2030 759 2095 poeta,
777 2027 839 2087 r-t.
856 2017 958 2078 Phoebi
974 2019 1112 2079 auxilium
1127 2023 1179 2080 im·

149 2117 257 2195 plorat,
272 2113 336 2187 5-7.
357 2113 481 2172 Dedicat
500 2133 574 2193 opus
587 2115 767 2194 Vespasiano
787 2117 841 2188 ita,
859 2128 892 2174 ut
910 2135 970 2174 non
990 2118 1045 2196 ipsi
1068 2121 1180 2192 solum,

148 2212 197 2270 sed
211 2211 275 2270 filiis
286 2213 387 2283 etlam,
397 2211 465 2269 Tito
476 2225 506 2268 et
517 2212 698 2285 Domitiano,
711 2212 859 2285 aduletur,
873 2233 956 2282 7·²1·
967 2216 1080 2286 Pelian,
1090 2216 1182 2274 Thes-

148 2310 222 2368 saliae
238 2329 350 2388 regern,
370 2310 487 2366 oracula
500 2308 646 2386 jusserant
663 2330 766 2368 cavere
785 2309 821 2367 ab
843 2312 956 2384 fratris,
972 2313 1102 2384 AEsonis,
1119 2313 1180 2370 filio

148 2412 265 2478 Iasone,
274 2407 326 2484 qui
338 2405 516 2464 fortitudinis
524 2408 643 2485 jamjam
653 2408 779 2484 aliquam
789 2409 946 2487 collegerat
958 2410 1072 2468 lamam.
1085 2409 1180 2487 Hujus

148 2505 234 2583 igitur
248 2524 264 2562 e
279 2502 376 2562 medio
393 2503 514 2562 tollendi
533 2517 648 2583 captum
666 2505 726 2582 jam
746 2505 795 2564 diu
816 2507 968 2564 eonsilium
985 2508 1104 2584 exsequi
1121 2527 1179 2586 op-

148 2602 215 2659 time
230 2601 285 2660 sibi
300 2602 378 2659 visus
393 2614 452 2673 est,
468 2603 492 2659 si
504 2601 606 2678 juveni
621 2604 719 2679 glorias
735 2602 842 2681 cupido
859 2603 1073 2682 expeditionem
1090 2605 1179 2662 mari-

149 2701 246 2756 timam
258 2697 455 2757 demandaret.
466 2697 576 2756 Blanda
587 2699 698 2776 itaque,
709 2699 759 2756 sed
770 2697 871 2758 dolosa
882 2701 1030 2773 oratione,
1041 2713 1086 2772 ut,
1099 2701 1180 2778 quod

149 2817 201 2875 per
219 2797 368 2874 Phryxum
389 2797 458 2854 olim
479 2809 508 2853 et
529 2796 632 2854 Hellen
651 2796 687 2854 ad
708 2797 832 2855 Colchos
849 2800 1042 2875 pervenisset,
1059 2819 1180 2859 aureum

149 2895 240 2952 vellus
258 2896 358 2973 patrias
374 2894 552 2964 restitueret,
567 2893 683 2966 suadet,
694 2894 837 2972 postulat,
851 2894 950 2971 jubet,
967 2895 1070 2953 22-63.
1087 2897 1181 2955 Sentit

149 2992 248 3050 dolum
263 2992 394 3070 juvenis,
412 2991 492 3049 videt
512 3011 586 3069 opus
609 2991 671 3050 alea
693 2991 828 3069 plenum3
849 2991 940 3050 vincit
962 3005 1058 3050 tamen
1081 2993 1180 3069 gloriae

150 3089 307 3169 cupiditas,
325 3089 361 3148 ad
381 3110 467 3168 quam
489 3088 662 3168 explendam
683 3089 768 3161 deas,
788 3094 932 3148 lunonem
954 3103 983 3147 et
1003 3089 1180 3164 Minervam,

151 3187 284 3246 fautrices
305 3205 366 3245 sese
387 3199 484 3264 sperat
503 3185 691 3244 habiturum:
709 3185 745 3244 ad
762 3186 815 3244 has
838 3186 924 3265 igitur
945 3185 1043 3264 dirigit
1062 3207 1179 3265 preces,

151 3286 256 3360 til-90.
273 3282 441 3343 Exaudiuut
457 3283 536 3355 deae,
553 3296 582 3340 et
597 3285 731 3342 Minerva
747 3282 865 3362 quidem
882 3283 917 3341 ad
933 3290 1043 3362 Argum
1063 3304 1178 3361 naupe-

151 3403 217 3460 gum
231 3401 262 3440 se
275 3383 401 3454 confert,
414 3383 512 3440 navim
520 3381 605 3459 jubet
618 3381 767 3453 fabricari;
781 3382 844 3460 ipsa
858 3383 1012 3439 comitatur
1022 3383 1051 3438 in
1064 3381 1178 3439 silvam:

151 3485 227 3539 luno
244 3495 339 3538 autern
359 3499 413 3557 per
429 3481 663 3557 circumjacentes
682 3480 814 3558 regiones
836 3478 980 3557 divulgat,
998 3485 1131 3537 Jasonem
1150 3479 1181 3536 in

152 3597 186 3636 eo
199 3599 276 3650 esse,
294 3592 327 3638 ut
340 3579 512 3637 intentatum
527 3577 621 3636 adhuc
634 3577 689 3635 iter
703 3577 817 3654 egregia
831 3595 905 3634 navo
919 3596 972 3654 per
985 3595 1064 3633 mare
1079 3577 1178 3649 faciat,

153 3696 253 3752 91-99.
273 3677 326 3734 His
345 3675 449 3734 auditis
467 3675 556 3733 fortes
574 3687 603 3733 et
616 3673 673 3752 viri
689 3681 718 3732 'et
731 3675 854 3751 juvenes
867 3673 966 3732 Iasoni
980 3686 1067 3732 avent
1083 3693 1113 3732 se
1128 3693 1179 3731 co-

152 3775 232 3833 mites
247 3773 370 3846 addere,
384 3793 457 3852 quos
472 3774 525 3853 ipsi
543 3773 583 3831 dii
599 3773 718 3849 deaeque
735 3785 875 3850 agrestes,
894 3772 1054 3844 silvestres,
1073 3771 1179 3830 fluvia-

152 3870 214 3929 tiles
229 3872 422 3942 instimulant,
438 3871 579 3928 100-106.
594 3870 707 3928 Primus
723 3870 851 3926 omnium
866 3859 1000 3941 advolat,
1015 3889 1180 3946 quanquam
1239 3867 1244 3892 ¹

151 3968 240 4026 invita
258 3974 387 4040 lunone,
401 3969 557 4040 Hercules,
575 3967 679 4024 comite
700 3966 896 4036 adolescente,
913 3967 1070 4044 armigero,
1088 3966 1179 4041 Hyla,

155 4083 235 4137 ¹⁰74
243 4085 287 4143 19.
298 4071 413 4125 Interea
425 4066 518 4123 fervet
529 4085 617 4143 opus;
627 4065 657 4122 in
668 4063 786 4142 siugulis
797 4063 878 4122 navis
889 4061 1020 4142 partibus
1029 4061 1181 4120 elaborant

152 4163 286 4235 artifices3
300 4165 392 4222 Pallas
406 4164 467 4242 ipsa
482 4177 621 4221 antennas
635 4162 753 4239 quaerit,
769 4175 798 4219 et
812 4162 972 4220 absolutam
991 4159 1106 4220 tandem
1123 4179 1178 4216 na-

152 4263 215 4318 'vem
237 4274 360 4319 exornat
383 4261 524 4340 picturis:
547 4259 641 4338 prima
661 4258 792 4318 Thetidis
813 4260 849 4317 ad
872 4261 986 4337 nuptias
1008 4277 1073 4316 curn
1094 4257 1180 4314 Peleo

151 4357 338 4418 celebrandas
358 4377 412 4436 per
431 4377 510 4418 mare
531 4357 730 4436 properantis,
750 4357 876 4417 secunda
895 4358 1046 4436 epulantur
1064 4355 1181 4430 nuptia-

997 4471 1009 4508 ι
1022 4496 1028 4510 .
