3198 5106
410 557 669 634 PRAEFATIO
696 561 948 634 SECUNDA.
1122 587 1215 636 curn

144 703 257 779 patere
272 686 349 754 viris
364 685 500 756 eruditis
513 689 669 780 singulari
687 693 839 759 comitate
852 714 981 782 semper
991 695 1106 760 voluit.
1123 695 1217 760 Notae

145 794 236 860 Balbi
250 794 395 860 verbosa
407 793 606 880 admodum,
623 813 656 864 et
669 819 753 887 saepe
766 798 866 882 nihil,
883 799 975 894 quod
991 801 1095 866 notari
1112 823 1217 866 mere·

6 909 7 942 ³
144 915 216 985 tur,
238 901 429 985 continent,
445 917 479 967 et
503 905 589 970 fastu
614 903 759 993 quodam
784 906 888 994 genti,
901 925 948 970 ‘ex
971 929 1035 995 qua
1055 907 1215 974 oriundus

6 1015 7 1052 ἒ
145 1021 234 1089 erat,
256 1007 420 1091 familiari,
440 1029 569 1097 semper
590 1009 660 1075 iere
676 1011 815 1078 aliorum
836 1013 1068 1100 interpretum,
1088 1014 1217 1081 Maserii

143 1109 342 1198 presertim,
368 1108 454 1176 dicta
482 1109 628 1177 refutat:
653 1127 770 1200 proeter
795 1111 924 1178 Maserii
947 1135 1026 1178 vero
1055 1128 1089 1178 et
1111 1115 1218 1180 luntas

144 1213 326 1281 editionem
352 1215 475 1282 nullam
491 1215 678 1284 adhibuisse
699 1217 839 1284 ridetur.
862 1217 920 1287 llae
938 1235 1025 1284 notae
1048 1235 1160 1307 postea
1181 1221 1216 1287 in

144 1319 325 1384 editionem
343 1319 567 1388 Geuevenaem
587 1322 682 1410 1617,
705 1321 747 1388 de
764 1343 830 1411 qua
845 1345 924 1390 mox
939 1307 1122 1413 agendum,
1140 1340 1217 1392 sunt

144 1426 318 1509 conjectae,
333 1426 408 1492 licet
423 1426 538 1492 fraude
550 1426 706 1515 quadam,
719 1429 927 1518 typographis
941 1431 1042 1494 avaris
1058 1453 1126 1498 non
1143 1431 1218 1496 inu·

144 1531 254 1612 sitata,
270 1531 305 1594 in
322 1531 419 1597 titulo
435 1531 595 1615 deantur,
612 1549 693 1598 tuno
708 1534 851 1622 primum
870 1533 974 1601 editae.
1188 1531 1197 1536 ’

188 1637 226 1702 Α.
256 1635 357 1720 1595,
383 1639 590 1729 Argentorati
614 1638 737 1728 prodiit
767 1638 868 1706 editio
897 1641 1018 1708 minori
1043 1643 1149 1708 forma
1181 1645 1216 1708 in

144 1758 279 1822 ware,
300 1760 339 1808 ut
354 1761 490 1826 nocant,
507 1744 678 1812 emendata
691 1762 725 1811 et
740 1745 782 1810 ad
794 1748 1008 1814 vetustissima
1020 1750 1217 1837 'exemplaria

145 1851 314 1940 recognita
333 1874 392 1940 per
409 1851 598 1942 Philippum
613 1852 851 1944 Engontinum,
864 1855 921 1943 qui
935 1855 1084 1946 Friburgi
1100 1857 1216 1934 vixisse
1321 1865 1326 1873 “

146 1957 293 2024 ridetur:
310 1957 389 2023 inde
404 1961 493 2024 enim
512 1981 626 2024 mense
641 1961 729 2028 Maio
748 1960 987 2044 brevissimam,
1004 1962 1137 2028 nomine
1155 1963 1214 2028 de·

146 2063 332 2146 dicationis,
341 2063 510 2151 epistolam
525 2063 615 2131 dedit
627 2065 668 2130 ad
682 2066 836 2147 juvenem
854 2066 993 2132 Paulum
1008 2067 1140 2134 [liukart
1149 2069 1215 2134 Ha·

145 2191 361 2260 genoenaem,
378 2172 434 2258 qui
447 2193 540 2259 eque
553 2172 635 2238 mihi
647 2172 797 2261 ignotus,
806 2189 904 2268 atque
916 2175 986 2263 ipse
998 2175 1214 2262 Eugentinus..
1307 2239 1310 2244 .

145 2274 271 2356 Adiecit
290 2298 368 2341 vem
387 2275 469 2342 nihil
490 2292 664 2356 notarum,
683 2276 741 2342 sed
759 2277 894 2368 singulis
915 2277 1006 2343 libris
1024 2296 1214 2368 argumenta

145 2380 288 2447 carmine
310 2381 499 2444 hexametro
517 2381 700 2469 proposuit.
718 2379 808 2446 Licet
828 2393 906 2452 rero
919 2383 1032 2464 jactet,
1049 2405 1083 2448 se
1101 2407 1213 2449 emen-

147 2485 238 2550 (lasse
260 2483 303 2550 ad
317 2486 458 2572 varttiqua
487 2485 699 2573 exemplaria,
726 2497 846 2550 vanum
873 2501 907 2551 et
928 2488 1107 2576 gloriosum
1130 2489 1213 2554 fumi

146 2591 369 2673 venditorem,
384 2590 426 2656 de
441 2613 508 2678 quc
524 2591 607 2656 nihil
622 2592 703 2658 mibi
724 2607 876 2679 proterea
892 2593 1052 2676 innotuit,
1068 2617 1138 2660 esse
1156 2595 1213 2660 de-

146 2697 315 2786 prehendi.
329 2697 451 2786 Soepius
467 2697 535 2777 ejus
549 2697 719 2774 lectiones,
736 2714 775 2761 ut
788 2697 944 2782 diversas,
962 2701 1098 2765 Carrion
1112 2718 1145 2766 et
1159 2703 1214 2768 alii

146 2803 330 2870 adducunt:
344 2803 402 2868 sed
417 2804 445 2868 si
460 2802 509 2868 Pii
522 2801 699 2868 editionem
711 2802 955 2885 adhibuissent,
969 2804 1212 2895 deprehendere

145 2912 344 2998 pontiacent,
367 2911 459 2976 illum
479 2909 527 2974 Pii
550 2909 692 3000 vestigiis
713 2910 888 2994 institisse3
914 2931 981 2978 non
1005 2912 1104 2978 modo
1125 2915 1213 2978 enim

146 3015 325 3082 editionem
341 3015 391 3080 Pii
413 3017 447 3080 in
468 3030 572 3104 poetae
597 3013 704 3083 verbis
726 3013 850 3103 ubique
865 3017 1034 3105 exprimit,
1058 3017 1114 3083 sed
1131 3039 1215 3107 saepe

147 3121 214 3200 ejus
234 3121 450 3188 correctiones
473 3121 507 3184 in
529 3143 622 3188 snam
641 3121 794 3188 admittit.
815 3121 1025 3188 Manifestum
1045 3124 1143 3204 hujus
1165 3127 1214 3189 rei

147 3227 201 3293 dat
223 3228 382 3294 indicium
402 3229 493 3293 locus
514 3228 570 3294 lib.
585 3229 636 3310 Π,
659 3227 739 3320 275,
757 3227 815 3293 ubi
831 3252 934 3317 quum
951 3231 985 3294 in
1002 3230 1051 3294 Pii
1069 3229 1214 3296 editione

147 3334 206 3415 sit,
218 3335 365 3424 praecipit
379 3333 460 3399 titio
479 3355 651 3422 operarum
672 3357 734 3422 pro
748 3338 909 3424 praecipiti
915 3385 925 3417 ,
946 3335 1033 3400 idem
1055 3335 1213 3401 mendum

147 3455 248 3506 exstat
267 3441 303 3504 in
324 3439 499 3530 Eugentini
522 3439 685 3524 editione;
708 3441 799 3529 quod
820 3440 949 3506 videtur
971 3458 1083 3531 postea
1100 3441 1214 3532 depre-

147 3544 312 3629 hendisse,
333 3569 409 3610 nam
430 3546 516 3610 inter
532 3562 636 3610 errata
651 3545 693 3610 ad
715 3547 834 3612 calcem
854 3547 1011 3612 correxit:
1028 3547 1101 3613 vide
1120 3564 1214 3614 notas

146 3651 187 3717 ad
202 3652 235 3718 d.
249 3653 272 3718 l.
291 3651 417 3717 Eodem
434 3651 538 3732 libro,
558 3673 655 3716 versu
675 3657 761 3738 294,
778 3653 855 3717 Pius
872 3651 1033 3735 ediderat,
1040 3652 1128 3741 satis
1136 3655 1212 3744 jam

145 3756 249 3844 definit
262 3781 380 3840 mum,
397 3758 455 3823 aed
472 3759 504 3822 in
525 3759 612 3824 notis
626 3759 774 3849 corrigit,
777 3758 867 3845 fatis
885 3761 921 3823 id
939 3759 1055 3848 defuit,
1074 3761 1164 3850 quod
1179 3765 1211 3826 in

147 3879 270 3929 textum
284 3866 405 3954 recepit
419 3865 639 3954 Eugentinus,
655 3887 754 3954 quem
765 3867 961 3954 posteriores
975 3869 1106 3955 sequuti
1118 3887 1212 3951 sunt3

146 3985 184 4033 ut
202 3985 237 4034 et
252 3993 349 4036 versu
368 3969 442 4058 539,
457 3971 507 4035 Pii
527 3973 767 4054 conjecturam,
786 3969 985 4056 an'fhrcula
996 3977 1100 4062 regni,
1122 3975 1213 4039 exhi·

146 4073 222 4156 bet3
239 4075 313 4140 vide
329 4093 364 4140 et
376 4076 418 4140 ad
433 4075 489 4140 lib.
505 4077 561 4157 tv,
580 4076 640 4163 195
655 4101 663 4142 :
684 4094 718 4141 et
733 4077 849 4142 similia
866 4099 950 4166 saepe
971 4081 1154 4144 notavimus
1173 4080 1212 4144 ad

146 4180 253 4268 ipsum
271 4198 418 4271 poetam,
431 4183 485 4248 hic
502 4207 568 4248 uon
584 4183 770 4272 repetenda·
790 4185 924 4249 Carrion
942 4183 983 4248 ad
997 4185 1028 4250 d.
1044 4187 1065 4250 k·
1084 4187 1138 4250 lib.
1158 4187 1215 4266 lV,

156 4285 228 4370 195,
252 4311 291 4352 ex
310 4287 485 4376 Engentini
507 4289 648 4355 editione
664 4291 754 4373 citat,
764 4288 968 4377 fuscantem,
988 4313 1090 4380 quum
1108 4309 1216 4357 tamen
