3246 5112
290 475 293 480 ’
359 515 497 581 «novt
529 519 776 587 annonis
807 523 964 590 norm
1148 551 1206 617 107

177 669 208 716 V.
227 663 279 736 782
286 699 735 718 ..........................
751 669 858 736 Iarnjam
872 671 997 720 exorabile
1015 683 1076 720 retro

283 750 387 798 Carmen
402 765 482 814 agens
495 767 505 798 .·
519 767 598 816 neque
613 751 678 799 enim
697 764 755 801 ante
766 754 828 802 leves
842 753 914 819 niger
926 755 1111 804 avelsr'eumbras

281 834 389 893 Portitor,
404 843 428 882 et
439 843 534 882 cunctoe
545 835 631 900 primis
649 847 717 886 stane
723 836 841 903 furacibus
859 839 925 888 Orci.
941 854 945 866 ¹

147 943 215 988 deco
237 956 317 1005 agens
338 957 448 989 carmen.
467 935 509 989 Sic
525 937 596 1014 apud
614 937 809 1004 Quintilianum
827 940 943 992 occurrit
960 956 1022 992 retro
1039 961 1115 1010 agere
1140 947 1208 996 ordi·

92 997 113 1022 ⁰
144 1036 209 1076 nem,
224 1020 409 1084 exposffionem.
428 1015 479 1068 En.
495 1051 530 1063 -
546 1021 650 1080 Jacobs,
668 1018 779 1072 Miscell.
796 1019 925 1092 philolog.
948 1020 1003 1072 vol.
1019 1021 1050 1084 l,
1067 1041 1095 1093 p.
1114 1043 1146 1094 7²
1157 1061 1165 1087 ‚
1177 1028 1206 1078 τὸ

144 1103 266 1151 erombr'le
277 1113 340 1152 retro
349 1119 447 1154 eumer
457 1123 536 1172 agenr
549 1103 662 1156 illustrat
672 1101 775 1156 Horatii
787 1102 920 1174 exemplo,
933 1101 1125 1175 Epod.XV11,
1136 1125 1161 1158 v.
1173 1123 1188 1176 7
1199 1123 1206 1156 :

359 1197 484 1261 Citumqua
494 1209 558 1247 retro
567 1201 642 1254 solva,
652 1199 729 1254 solve,
744 1199 868 1246 turbinem.

145 1296 179 1347 Ut
192 1295 272 1368 igitur
286 1297 411 1351 veneficos
426 1299 586 1372 quibusdam
606 1299 727 1354 formulis
747 1299 877 1353 humanas
896 1311 997 1352 mentes
1016 1299 1166 1363 devincire,
1183 1313 1209 1353 et

146 1381 199 1434 aliis
215 1378 322 1433 easdem
337 1383 437 1436 solvere
454 1402 482 1437 se
495 1403 571 1456 posse
583 1382 808 1449 existimaverint,
821 1383 858 1436 ita
873 1383 952 1436 etiam
961 1381 1119 1436 ‘llresralida
1131 1383 1210 1437 Vals-

146 1465 190 1528 rii,
201 1476 231 1517 ut
243 1465 351 1520 umbras
364 1479 486 1522 evocatas
499 1467 616 1542 pristinis
630 1467 684 1520 suis
700 1465 805 1520 sedibus
821 1464 960 1528 redderet,
972 1463 1067 1519 iisdem
1080 1465 1207 1518 carmini·

145 1549 191 1600 bus
204 1559 281 1620 putat
295 1567 387 1613 usam,
401 1569 437 1604 ne
446 1551 545 1606 scilicet
556 1572 572 1604 a
586 1550 714 1624 portitore
725 1552 827 1621 rejecta
843 1551 871 1603 in
887 1550 950 1621 ipsis
962 1551 1027 1603 Orci
1037 1551 1159 1604 faucibus
1170 1569 1210 1602 re·

147 1629 390 1694 tinerentur.Quum
400 1649 462 1684 vero
474 1635 500 1687 τὸ
512 1647 603 1683 enneae
617 1629 722 1684 elumbe
735 1630 779 1694 sit,
791 1640 816 1682 et
827 1629 861 1684 ab
875 1629 927 1682 hoc
940 1631 1000 1684 loco
1010 1631 1138 1693 alienum,
1147 1629 1208 1683 ideo

146 1709 212 1782 quod
225 1731 274 1783 per
291 1730 318 1764 se
330 1724 434 1784 pateat,
448 1730 501 1767 non
517 1733 598 1768 unam
612 1723 658 1768 aut
672 1713 779 1766 alteram
794 1712 901 1765 illarum
913 1715 1086 1778 umbrarum,
1098 1715 1145 1767 sed
1157 1735 1208 1766 om-

147 1815 186 1846 res
204 1793 291 1848 eidem
308 1795 360 1866 legi
379 1796 460 1850 lusisse
481 1798 625 1864 obnoxias,
645 1798 673 1850 in
693 1799 749 1870 ejus
767 1797 856 1850 locum
874 1799 967 1872 reponi
987 1797 1080 1852 suadet
1101 1803 1206 1860 vincor,
1232 1798 1237 1808 '

146 1875 261 1929 nondum
274 1878 383 1941 solute,
398 1878 485 1934 adhuc
503 1882 649 1935 incantatse.
660 1883 824 1952 Wagnerus.

177 2017 207 2065 V.
223 2017 274 2066 812
282 2050 446 2068 ..........
465 2021 527 2084 Quin
538 2019 600 2089 fida
617 2037 721 2079 manns,
735 2021 793 2086 quir
812 2037 982 2070 caturcorum

283 2103 401 2169 Diuitias,
418 2106 557 2172 laceretque
567 2123 659 2155 renem.

146 2212 198 2265 lloc
209 2212 303 2267 alludit
311 2213 390 2268 Pelia
400 2217 469 2279 neci,
482 2235 562 2289 quem
572 2235 625 2270 suas
636 2215 697 2269 filias
711 2217 843 2270 frustatim
853 2215 1016 2278 dissecuere,
1028 2214 1128 2268 Medeae
1139 2214 1201 2268 dolo

146 2315 210 2368 que,
221 2299 470 2369 spectantibusillis‚
481 2319 571 2354 senem
576 2303 700 2354 AEsonem
706 2299 805 2371 pariter
813 2299 842 2351 in
853 2299 936 2353 frusta
946 2311 1057 2362 sectum,
1065 2299 1206 2370 ahenoque

146 2391 310 2450 pmcoctnm,
327 2383 461 2453 juventuti
483 2385 641 2438 restituerat.
666 2382 745 2456 Apud
764 2383 900 2438 valerium
920 2385 1027 2456 quidem
1048 2386 1129 2436 AEson
1147 2395 1207 2436 unte

146 2463 242 2516 saronis
259 2463 373 2518 reditum
392 2469 515 2531 moritur,
526 2468 626 2521 nedum
641 2467 814 2538 repubescat3
832 2465 878 2518 aed
891 2467 958 2518 nihil
973 2468 1059 2520 obstat
1075 2466 1138 2519 levis
1150 2467 1206 2518 hac

146 2547 270 2612 mutatio,
281 2548 346 2620 quin
363 2549 452 2602 fabule
468 2549 502 2603 de
516 2549 592 2602 Pelia
611 2549 718 2602 interitu
736 2551 773 2602 sic
791 2550 871 2602 etiam
884 2561 994 2603 constet.

177 2683 207 2731 V.
217 2679 278 2732 816.
288 2683 401 2741 Adstitit,
413 2695 437 2732 et
448 2683 519 2750 nigro
528 2682 658 2749 firmantia
668 2684 759 2748 pocula
769 2683 823 2729 rabo

284 2767 390 2831 Contigit
404 2767 458 2832 ipsa
470 2767 544 2830 gravi
556 2765 683 2832 firmarum
696 2766 807 2814 maxima
822 2766 921 2814 denna.

146 2859 224 2914 llirnr
236 2861 305 2914 nulli
314 2861 406 2915 critico
419 2863 447 2914 in
456 2873 569 2916 mentem
578 2863 681 2916 venisse
689 2861 862 2934 posteriorem
875 2879 981 2914 versum
993 2863 1030 2914 sic
1044 2861 1185 2916 emendare
1198 2882 1205 2916 ε

280 2958 381 3020 Porrigit
390 2959 440 3021 ipsa
454 2958 519 3020 gravi
528 2957 641 3006 furiarum
650 2957 748 3004 murima
762 2958 851 3004 dextra.

178 3089 210 3136 V.
223 3083 283 3136 826.
304 3089 485 3152 Memoremque
499 3086 553 3135 uelit
568 3086 611 3133 snb
624 3085 723 3134 nubibus
736 3085 853 3134 umbram.
865 3113 900 3121 -
910 3081 972 3134 Pius
983 3079 1017 3134 ad
1030 3082 1103 3134 hunc
1118 3083 1206 3135 locum

146 3185 173 3218 er
183 3178 277 3220 notat:
304 3193 315 3214 ι
326 3171 369 3218 sub
388 3169 502 3228 nubibus,
518 3185 565 3238 per
582 3167 671 3220 nubila
686 3179 712 3218 et
724 3183 827 3220 aerem:
841 3183 919 3228 nam,
939 3163 1065 3236 Euripide
1084 3175 1207 3228 auctore,

146 3249 218 3302 etiam
237 3251 378 3316 Lucretio,
397 3252 485 3304 anima
498 3250 596 3303 labitur
609 3261 634 3303 et
644 3249 741 3304 diffluit
753 3251 780 3301 in
794 3267 881 3303 auras.
889 3273 900 3294 ι
917 3249 1068 3320 Epithetum
1080 3268 1207 3300 memorem

146 3346 297 3405 argumento
311 3345 350 3388 est
358 3333 494 3387 Valerium
503 3353 557 3390 non
571 3335 703 3406 putavisse
714 3334 829 3386 animam
841 3331 952 3387 evadere
961 3352 1070 3406 prorsus
1085 3332 1184 3384 nullam
1199 3349 1204 3383 :

148 3415 211 3469 idem
224 3417 278 3470 elio
292 3418 352 3471 loco
364 3418 477 3481 cecinit,
489 3417 536 3470 lib.
551 3420 609 3482 111,
624 3437 649 3471 v.
666 3421 733 3474 383:

279 3517 374 3579 Quippe
384 3519 460 3564 necin
470 3527 563 3574 ventos,
575 3534 618 3564 noc
629 3519 654 3565 in
665 3520 746 3566 ultime
759 3519 871 3566 solvimur
882 3535 941 3566 ossa.

177 3639 209 3686 V.
220 3633 272 3688 828
279 3669 657 3686 ......................
675 3654 724 3686 non
739 3639 783 3687 illa
796 3640 874 3687 menti

281 3723 418 3770 Accessum
431 3722 505 3787 polo,
519 3720 610 3768 victam
626 3720 649 3768 si
664 3722 756 3769 solvere
768 3723 854 3770 molem

282 3805 380 3868 Jupiter,
397 3815 420 3852 et
433 3804 521 3869 prima
533 3803 595 3853 velit
609 3805 692 3851 omnin
707 3805 808 3854 reddere
822 3821 921 3853 massa.

144 3915 173 3964 ln
193 3912 272 3966 codd.
286 3925 313 3966 et
331 3913 392 3967 edd.
410 3927 469 3968 ante
482 3917 680 3979 Burmannum,
697 3917 771 3987 prior
790 3934 880 3968 versus
893 3916 973 3968 habet
986 3920 1083 3967 volvere
1097 3920 1182 3968 molam
1196 3955 1203 3976 ‚

144 3995 265 4068 deestque
275 3997 384 4050 omnino
397 3998 527 4070 posterior
538 4017 636 4052 versus.
649 4002 783 4053 hennam
799 3999 842 4065 lric
857 4018 912 4053 esse
925 3999 975 4052 rati
986 4037 993 4061 ,
1003 3999 1046 4051 alii
1058 3999 1133 4052 aliter
1142 4019 1205 4070 sup·

145 4080 289 4151 pleverunt.
302 4081 390 4136 Credo
399 4083 499 4136 nullam
514 4082 559 4135 hic
570 4102 625 4137 ease
635 4085 760 4137 lacunam
770 4120 777 4147 ,
788 4082 897 4156 aliquod
909 4101 973 4136 vero
985 4082 1109 4136 mendum
1125 4083 1206 4134 latere

145 4164 256 4219 inversu
271 4166 323 4237 829
331 4205 339 4230 ,
349 4186 444 4238 quem,
455 4169 563 4239 propius
580 4168 706 4222 accedens
723 4168 802 4220 veteri
819 4167 924 4220 lectioni
939 4171 1051 4227 volvere,
1067 4166 1103 4217 sic
1118 4185 1206 4218 emen-

145 4245 279 4300 daverim:
