3116 5102
379 557 766 629 ARGONAUTICON
794 569 879 634 LlB.
903 573 941 636 V.
1038 636 1042 643 ,
1123 577 1184 644 355

164 688 352 769 Henioche,
367 691 473 754 cultus
486 693 584 780 primi
598 697 651 757 cui
667 698 806 764 creditus
823 705 898 785 aevi5

163 805 249 868 Tum
268 803 425 893 trepidam
444 805 537 872 dictis
557 806 687 874 firmans
705 811 855 880 hortatur
874 819 1065 888 alumnam:

163 920 261 985 «Non
275 920 335 984 tibi
348 921 388 984 ab
402 921 497 987 hoste
512 925 624 999 minat,
635 931 750 992 necvis
759 979 768 1011 ,
777 933 836 1014 ait,
849 935 912 1000 ulla
923 941 1139 1030 propinquat,
1151 963 1188 1003 ³⁶0

163 1036 233 1100 Nec
246 1049 368 1117 metus,
381 1052 513 1102 externo
529 1040 594 1119 jam
613 1039 761 1109 flammea
779 1050 903 1114 murice
919 1074 1017 1118 cerno

161 1151 336 1239 Tegmina,
347 1150 415 1230 jam
425 1151 519 1216 vittas
534 1153 752 1244 frondemque
768 1159 906 1227 imbellis
922 1167 1022 1233 olivae.

162 1264 280 1330 Graius
296 1264 404 1348 adest,
418 1267 516 1331 Graio
532 1269 578 1332 sic
594 1287 711 1335 cuncta
729 1273 890 1342 simillima
909 1280 1071 1371 Phryxo.»

206 1379 260 1445 Sic
276 1381 338 1460 ait3
353 1397 386 1446 at
401 1382 506 1465 Juno,
522 1384 696 1471 pulchrum
715 1389 902 1479 longissima
918 1398 1049 1482 quando
1094 1451 1097 1456 .

140 1493 277 1558 ·-Robur
292 1517 370 1560 cura
387 1494 497 1578 ducis,
511 1500 685 1587 magnique
705 1500 800 1566 edere
816 1507 956 1591 labores,
1152 1539 1188 1578 sss

161 1609 251 1674 Mole
267 1631 352 1673 nova
367 1625 399 1682 et
414 1631 514 1674 roseoe
531 1611 675 1699 perfudit
690 1613 763 1679 luce
774 1617 925 1697 juventae.

162 1726 234 1788 lam
247 1723 382 1788 Talaum
393 1725 544 1812 ,jamque
561 1728 782 1816 Ampyciden,
800 1750 953 1825 astroque
968 1763 1134 1812 comantes

161 1837 364 1928 Tyndaridas
380 1839 449 1928 ipse
465 1841 595 1931 egregio
609 1847 830 1931 supereminet
845 1873 912 1918 ore.

162 1955 240 2018 Non
257 1976 365 2036 secus,
380 1969 540 2019 autumno
558 1980 655 2044 quam
674 1981 778 2046 quum
797 1966 897 2053 magis
914 1989 1040 2056 asperat
1057 1976 1148 2064 ignes

162 2068 283 2150 Sirius,
299 2083 331 2132 et
349 2092 433 2132 saevo
452 2092 555 2157 quum
572 2094 638 2136 nox
653 2075 842 2142 accenditur
857 2102 951 2164 auno,
1152 2113 1191 2164 370

150 2267 204 2313 361.
219 2269 299 2316 Necte
309 2277 388 2312 metus.
398 2265 475 2312 Vstic.
487 2266 540 2311 cod.
552 2293 583 2301 -
594 2267 648 2314 363.
664 2271 723 2316 Sunt
735 2282 824 2318 cuncta.
839 2273 893 2320 tte.
903 2301 933 2310 -
945 2277 999 2326 365.
1012 2282 1100 2330 Sedere.
1112 2286 1186 2334 vatic,

118 2355 143 2393 et
158 2349 248 2394 Bonou.
266 2345 336 2392 codd.
352 2353 376 2390 et
392 2345 447 2392 edd.
469 2355 524 2392 aute
543 2347 607 2392 Cnrr.
623 2346 664 2408 qui
681 2349 770 2398 dedere.
786 2343 860 2397 Edere
874 2357 983 2404 emendet
996 2357 1100 2416 Gronov.
1119 2367 1188 2413 Obes.

120 2428 146 2480 l,
163 2440 201 2471 αι.
216 2425 260 2471 En.

119 2593 202 2648 mam
213 2573 303 2628 videre
312 2571 431 2624 memini.
441 2573 544 2626 Locum
553 2573 634 2644 igitur
672 2580 794 2642 miden,
810 2579 931 2651 Mopsum
942 2624 949 2650 ,
962 2601 1077 2657 annoque
1087 2615 1189 2650 caman.

119 2654 438 2720 tutnmeircurnspict'amur.
678 2668 726 2716 tes,
750 2671 804 2726 quo
823 2660 865 2710 vel
883 2660 918 2712 ad
940 2667 1060 2720 sidereum
1076 2691 1119 2734 os,
1136 2677 1187 2744 IV,

158 2736 221 2790 358.
229 2731 362 2792 Henioche,
373 2735 452 2782 enlcns
456 2731 532 2798 primi
539 2732 580 2780 cui
587 2749 636 2782 cre·
681 2749 731 2800 ¹90
747 2734 818 2801 (vid.
829 2738 972 2810 spanhem.
983 2744 1017 2797 ed
1033 2747 1192 2809 Callimaeh.

119 2820 185 2870 dines
203 2824 260 2868 erat
278 2815 338 2873 ervi,
351 2809 496 2884 juventutis
514 2810 633 2875 culture,
678 2829 705 2882 p.
715 2813 766 2866 630
775 2831 834 2886 sqq.
844 2817 854 2885 )
864 2855 872 2881 ,
881 2819 922 2871 vel
932 2819 967 2873 ad
976 2822 1137 2885 flammulam
1147 2853 1189 2887 ca-

119 2893 243 2949 edecatio
253 2932 260 2956 ,
270 2908 336 2945 cura
343 2888 449 2943 tradita.
459 2887 521 2942 Noli
528 2888 632 2952 timere,
677 2891 725 2961 piti
747 2911 761 2944 a
780 2894 844 2948 Jove
866 2895 1000 2964 additam,
1012 2904 1042 2971 1,
1058 2908 1189 2983 569.57,‚

119 2991 222 3028 externo
236 2975 292 3042 jam
302 2974 425 3042 flammea
446 2971 537 3020 matrice
558 2989 632 3020 cerno
675 2971 829 3041 respicitur,
843 2980 1155 3043 Tyndaridas,Castorem
1165 3007 1191 3048 et

120 3057 242 3125 engratiae,
251 3069 398 3124 purpureas
408 3060 492 3104 vestes
503 3045 632 3101 lucidissi-
674 3047 829 3120 Pollucem,
843 3057 894 3122 ipse
906 3057 985 3112 Jason
998 3069 1096 3134 egregio
1105 3089 1189 3140 super.

120 3136 170 3198 nri,
181 3131 292 3206 vigentis
302 3129 397 3183 coloris
405 3169 413 3196 ,
419 3131 476 3196 jam
484 3129 633 3196 viuasfron·
677 3133 766 3183 eminet
772 3152 824 3184 ore.

119 3217 224 3282 denaque
236 3209 351 3269 imbellis,
367 3226 460 3281 pacem
469 3206 632 3279 preferentis
713 3211 774 3264 368.
784 3218 890 3283 Egregie
906 3224 1065 3286 supereminet
1077 3244 1128 3278 ore.
1143 3229 1188 3284 Sic

119 3293 298 3367 petentisque,
311 3291 395 3349 oliam
409 3287 480 3341 conl.
494 3287 553 3351 111,
569 3292 630 3350 4²4·
676 3288 819 3361 Virgilius,
837 3295 897 3347 AEu.
908 3296 957 3362 lV,
970 3297 1037 3353 505:
1054 3310 1187 3371 gradiem-

156 3373 218 3428 363,
240 3371 328 3422 Graius
346 3372 434 3428 adest,
453 3366 538 3420 Graeci
551 3378 631 3430 aaut,
676 3389 724 3436 que
736 3371 796 3422 deas
806 3377 966 3440 supereminet
977 3398 1069 3434 ornnes.
1078 3383 1132 3438 En.

120 3472 186 3525 quos
196 3448 286 3514 vides,
299 3449 374 3499 Graio
388 3449 421 3498 rie
434 3461 522 3497 cuncta
536 3448 630 3498 similti-
711 3448 773 3516 369.
792 3456 849 3503 Non
864 3474 949 3517 secus,
964 3473 1080 3512 autumno
1094 3464 1186 3539 (cujus

118 3554 161 3586 m„
170 3536 285 3597 ppyyw,
297 3544 375 3599 quern
386 3526 449 3577 olim
461 3537 628 3596 cognoverat.
674 3527 776 3581 initium
798 3529 833 3582 ad
853 3530 913 3584 sirii
934 3548 1021 3590 ortum
1038 3543 1188 3601 referebant

157 3615 216 3674 364.
225 3610 295 3661 Juno
304 3617 395 3658 contra
404 3605 526 3658 Jasonem
537 3621 629 3672 suum,
675 3607 783 3661 Veteres
791 3629 798 3674 ;
807 3608 867 3663 vide
873 3611 1020 3668 Varronem
1028 3617 1061 3672 de
1071 3623 1109 3676 tte
1116 3625 1187 3682 Rust.

119 3692 159 3745 uti
171 3691 264 3744 Venus
277 3689 388 3738 AEneam
406 3682 517 3755 (virgil.
528 3687 589 3736 AEn.
601 3685 629 3749 1,
676 3686 707 3748 1,
729 3693 777 3751 ²83
801 3694 913 3742 aummni
929 3696 1014 3755 canis,
1029 3698 1185 3769 iufra,V1,

122 3773 173 3842 589
182 3775 210 3843 )‚
230 3771 298 3837 cujus
316 3768 389 3818 robur
406 3767 550 3833 longissima
572 3783 631 3815 eura
676 3767 742 3834 607)
758 3787 831 3834 quarn
843 3789 915 3836 qteam
928 3775 1008 3840 tnagis
1017 3795 1129 3844 asperat,
1140 3803 1187 3837 au.

119 3853 253 3920 magniqne
262 3851 341 3906 edere,
349 3844 397 3897 i.e.
405 3855 632 3914 consumpserant,
676 3855 735 3914 get,
749 3849 819 3914 ignes
829 3847 895 3902 Solis
905 3851 992 3911 Sirius,
1004 3868 1028 3904 et
1042 3877 1116 3922 quum
1134 3883 1187 3915 nox

122 3929 294 3983 debilitarant
311 3924 422 3985 saltem,
441 3927 550 3984 labores,
570 3927 634 3975 mole
676 3929 829 3987 accenditur,
847 3927 1009 3995 illustratur,
1027 3953 1090 3987 sevo
1114 3939 1186 4004 apro,

120 4029 200 4070 nora,
210 4003 384 4079 amplitudine
396 4001 594 4075 dignitateque,
609 4017 634 4054 et
676 4003 747 4056 mala
766 4005 939 4076 pertendente
957 4011 1112 4085 splendore,
1125 4005 1187 4073 tiit·
1203 4065 1210 4078 .

120 4107 212 4148 rosea,
238 4084 372 4147 florentis,
390 4084 500 4151 perfudit
517 4087 570 4135 tuce
587 4085 631 4152 jn·
669 4083 743 4152 seras
754 4087 841 4137 crinita
843 4087 934 4155 faces,
949 4107 1033 4159 graeco
1045 4102 1187 4162 morc,lu·

121 4182 208 4220 „m
676 4161 861 4228 cidosradios,
876 4166 987 4220 crinium
1004 4171 1100 4242 instar,
1115 4181 1187 4233 emit.
1215 4223 1219 4232 ,

159 4247 219 4316 367.
238 4250 294 4296 Iam
305 4242 421 4314 reliquos
434 4240 632 4314 pulchritudine
676 4253 733 4294 tens
744 4257 857 4297 cometes
868 4264 875 4308 ;
887 4245 941 4299 vid.
952 4247 1029 4302 Horu.
1041 4253 1074 4306 ll.
1088 4256 1187 4324 xxtt,

121 4327 237 4398 insignes
250 4309 429 4395 Argonautds,
443 4327 562 4384 Taleton,
574 4327 632 4374 Am·
678 4321 765 4376 stt-30.
782 4321 880 4378 Sir'mm
900 4340 1016 4380 comete,
1022 4332 1078 4399 jam
1094 4337 1187 4407 junxe.

993 4413 1048 4496 33.
