3198 5106
444 517 839 587 Aneonlurtcon
866 518 952 583 mn.
977 519 1003 582 1.
1215 519 1254 607 37

233 653 412 722 Deucalion
430 670 537 718 certus
551 654 681 736 jaculis3
699 671 731 717 et
744 653 927 718 comminus
944 674 1021 716 ense

233 767 360 834 Nobilis
376 768 561 855 Amphion,
577 768 696 855 pariter
712 789 794 855 quos
811 765 911 830 edidit
927 767 1056 853 Hypso,

234 883 303 948 Nec
318 883 426 971 potuit
441 883 577 962 similes,
592 882 735 946 voluitve
750 880 892 944 ediscere
907 879 1024 944 vultus.

233 999 318 1062 Tum
333 996 437 1062 valida
452 998 627 1086 Clymenus
641 1017 798 1085 percusso
813 1009 944 1082 pectore
959 1009 1069 1074 tonsa,

234 1117 344 1180 Frater
359 1129 392 1178 et
407 1113 549 1202 Iphiclus
565 1113 702 1201 puppim
718 1111 835 1192 trahit3
851 1126 885 1174 et
898 1108 968 1172 face
984 1130 1065 1171 saeva
1219 1131 1256 1180 370

235 1229 277 1291 In
292 1243 348 1290 tua
364 1250 441 1291 mox
457 1229 586 1291 Danaos
602 1243 733 1290 acturus
749 1248 840 1305 saxa,
857 1223 1041 1312 Caphereo,
1120 1251 1122 1256 ·

235 1343 410 1431 Nauplius3
427 1358 459 1406 et
474 1358 597 1406 tortum
615 1364 682 1404 non
698 1340 740 1404 ab
755 1342 833 1404 Jove
849 1338 974 1401 fulmen
992 1336 1101 1399 Oileus

239 1455 306 1537 Qui
321 1470 445 1544 gemet,
463 1455 615 1519 euboicas
624 1469 708 1519 -nato
725 1453 880 1518 stridente
895 1474 954 1540 per
969 1448 1090 1529 undas;

236 1571 369 1658 Quique
385 1571 585 1659 erymanthei
600 1569 770 1634 sudantem
783 1559 931 1657 'pondere
947 1566 1083 1629 monstri

236 1683 561 1774 Amphitryoniadem
578 1700 697 1774 tegeaeo
713 1683 824 1749 limine
841 1681 989 1776 Cepheus
1220 1706 1258 1758 ³7⁵

190 1899 252 1953 Alia
266 1899 410 1955 difficultas
426 1903 507 1956 estin
525 1903 703 1968 Deucalione,
727 1904 906 1976 Caphereo,
933 1904 1037 1957 Euhoese
1060 1901 1261 1976 promontorio,

191 1980 436 2050 quemsolushshet
444 1984 550 2047 Noster,
560 1985 636 2054 cujus
644 1983 704 2035 loco
748 1982 931 2047 accendisset,
954 1985 1059 2036 Grecos
1083 1981 1198 2054 sTrojs
1220 1997 1261 2031 re·

192 2059 336 2130 Antphioni
347 2060 453 2114 fratrem
464 2061 530 2115 daut
543 2075 569 2115 et
581 2062 704 2134 Orpheus
748 2061 858 2116 deuntes
873 2063 901 2116 in
915 2081 1031 2116 errorem
1048 2059 1167 2123 induxit,
1180 2071 1210 2111 ut
1222 2058 1260 2111 ibi

192 2149 219 2190 st
231 2138 385 2210 Apollonius
400 2141 549 2205 Asterium,
567 2160 623 2194 non
637 2151 705 2194 con·
748 2142 920 2214 appellerent,
928 2139 1126 2212 etnaulrsgium
1132 2139 1260 2192 lucerent.

193 2215 361 2270 fundendum
379 2236 441 2271 cum
457 2220 608 2283 merione,
623 2237 705 2292 supra
750 2225 850 2282 oileus,
868 2231 944 2293 puter
959 2220 1064 2294 Ajacis,
1082 2215 1262 2290 distinguendi

192 2309 349 2350 memorato.
372 2297 511 2370 Quidquid
529 2301 579 2362 sit,
600 2299 706 2370 utrique
750 2300 784 2352 ab
802 2301 886 2353 altero
904 2299 1022 2375 ejusdem
1037 2297 1169 2361 nominis,
1184 2295 1262 2349 Tela·

194 2387 301 2427 erantet
309 2376 707 2447 tortes,Deucalionjacu10eer-
749 2379 836 2432 monis
850 2378 923 2442 lilio,
946 2381 990 2448 qui
1002 2393 1086 2430 tortam
1102 2379 1262 2429 nonablove

193 2458 247 2517 tior,
266 2456 399 2526 Amphion
413 2460 547 2508 comminus
561 2477 619 2509 ense
633 2457 706 2510 nobi·
741 2457 841 2524 feltren
854 2473 950 2526 gemet,
967 2455 1040 2529 quod
1053 2456 1145 2509 itidem
1163 2466 1263 2530 spectat
1350 2488 1357 2497 ·

192 2533 259 2597 lior,
279 2547 305 2588 et
318 2535 539 2606 gemelli,pariter
554 2557 615 2604 qum
631 2540 707 2588 edidit
750 2534 784 2588 sd
817 2537 879 2589 belli
905 2547 1025 2607 tempora
1051 2536 1156 2608 trojani.
1184 2535 1261 2588 Oileo

192 2618 288 2681 Hypso,
299 2615 335 2667 ita
342 2613 439 2668 similes
447 2615 536 2678 vultu,
546 2626 576 2666 ut
585 2613 705 2686 dignosci
750 2614 821 2667 enim
830 2614 994 2686 deploranda
1003 2615 1055 2670 i'uit
1063 2633 1135 2668 mors
1144 2613 1193 2666 lilii
1201 2615 1263 2685 Aj'a-

192 2692 307 2745 invicem
333 2713 388 2746 non
413 2703 537 2765 possent,
565 2712 611 2743 nec
629 2697 707 2761 pontit
750 2693 803 2756 cis,
819 2693 883 2765 qni,
902 2711 985 2764 quum
1002 2695 1086 2766 Troju
1106 2704 1182 2764 cepta
1201 2693 1262 2745 Ces

192 2771 307 2843 (mater)
317 2775 415 2834 similes,
426 2775 530 2824 volume
536 2775 643 2823 ediscere
649 2776 705 2824 vul-
749 2768 865 2833 sundra,
874 2772 970 2842 virgini
979 2773 1057 2843 regisc
1070 2771 1208 2843 eidemque
1218 2791 1263 2823 va·

192 2865 231 2900 tus
246 2870 256 2901 .·
273 2851 416 2915 noluisset,
437 2851 540 2904 etiamsi
561 2851 704 2922 potuisset,
749 2849 785 2914 ti,
814 2851 842 2902 iu
866 2851 925 2922 ipso
948 2849 1062 2903 Palladis
1087 2850 1186 2922 templo
1206 2851 1261 2902 vim

191 2928 423 2983 nefortealterum
432 2930 514 2982 ultero
523 2928 607 2999 magis
617 2947 706 2982 amare
748 2929 900 2993 intulisset,
918 2929 952 2982 sd
967 2929 1020 2982 hoc
1032 2928 1161 3002 flugitium
1178 2927 1261 2982 vindi·

191 3006 337 3062 videretur.
359 3007 483 3063 Similiter
502 3007 536 3060 de
551 3009 662 3061 Castore
680 3020 706 3060 et
750 3007 871 3061 candum'
879 3008 906 3060 in
917 3009 1036 3062 Euboico
1045 3007 1118 3061 mari
1127 3006 1185 3060 diru
1198 3020 1262 3061 tem·

192 3086 302 3141 Polluce
311 3086 474 3142 Claudianus
484 3085 517 3139 de
527 3087 607 3139 Cons.
615 3087 706 3140 liono-
749 3100 849 3160 pestate
857 3100 896 3140 est
906 3105 1062 3166 oppressus,
1073 3104 1097 3140 et
1103 3103 1220 3140 canonos
1229 3093 1262 3139 ab

192 3166 244 3229 rii,
258 3185 305 3235 ²⁰9
314 3205 321 3230 ‚
330 3171 462 3236 juvatt'poe
474 3172 607 3218 Tonantem
620 3173 702 3229 Emr,
749 3169 940 3236 Jovefislmine:
954 3185 971 3219 s
981 3186 1035 3238 quo
1044 3165 1141 3238 igitur?
1154 3184 1216 3219 num
1230 3167 1259 3219 in

194 3259 221 3296 et
235 3249 354 3315 asnliguoe
365 3249 450 3316 placet
462 3249 604 3314 ignorantia
622 3251 704 3299 matri.
750 3264 782 3298 eo
805 3266 858 3300 uon
880 3246 1050 3300 consentiunt
1071 3257 1165 3318 poetae.
1191 3245 1263 3299 Nihil

193 3323 292 3397 virgil.
304 3329 365 3378 AEn.
379 3326 419 3390 Χ,
435 3327 503 3393 392,
522 3323 556 3377 de
570 3325 704 3396 gemellis:
750 3325 859 3397 quidem
868 3325 1106 3389 definitVulerius,
1117 3324 1172 3378 sine
1181 3322 1263 3378 dubio

190 3419 279 3470 graues
284 3409 424 3475 parentibus
434 3423 510 3456 error.
518 3403 588 3456 Vide
598 3405 706 3478 huperti
749 3416 838 3459 temen
848 3404 944 3476 virgil.
962 3407 1023 3458 AEn.
1039 3406 1085 3468 Π,
1108 3412 1158 3468 ds,
1176 3405 1208 3459 55
1225 3424 1263 3458 se-

194 3481 229 3535 ad
240 3483 287 3537 Sil.
299 3485 344 3547 11,
358 3485 410 3537 636
424 3502 464 3554 sq.
749 3496 859 3556 qnutus,
868 3485 1019 3538 Minervam
1025 3483 1052 3536 in
1062 3483 1150 3536 animo
1158 3484 1262 3538 hahuit.

231 3563 293 3632 369.
311 3560 391 3615 Aliud
406 3563 517 3615 statium
532 3580 598 3633 pur:
615 3566 706 3628 Clyme-
785 3565 847 3635 373.
857 3569 924 3615 Nato
931 3567 1044 3615 stridente
1047 3583 1096 3634 per
1103 3569 1194 3616 undas.
1205 3563 1264 3617 Hau

194 3661 241 3692 nus
253 3641 392 3713 (Apollon.
402 3642 432 3705 I,
445 3643 493 3705 ⁸6,
505 3640 637 3712 Clytius),
646 3663 704 3710 pet*
749 3655 809 3695 rent
824 3643 904 3695 etiam
918 3645 1072 3714 interpretes
1091 3642 1119 3696 in
1137 3647 1260 3695 stridente.

193 3723 287 3772 eradens
298 3735 467 3789 remopectus,
478 3731 503 3773 et
513 3723 632 3788 Iphiclus,
645 3743 706 3791 pup-
735 3722 801 3774 ,Alii
812 3721 846 3774 de
859 3736 978 3793 gemente
989 3725 1069 3793 Ajace
1082 3722 1155 3794 ipso,
1169 3722 1213 3776 alii
1227 3721 1261 3776 de

186 3803 243 3867 pim
256 3803 362 3854 ualens.
749 3801 859 3853 lulmine
871 3839 878 3864 ,
891 3821 946 3873 quo
961 3802 1095 3865 feriretur,
1105 3801 1150 3854 elii
1161 3798 1195 3854 de
1204 3801 1261 3854 vnl-

231 3877 705 3947 37².Nauplius,lamosiorheilotro·
748 3879 1260 3951 nerestridorememittenteiutelligunt.

185 3957 257 4028 jano
267 3957 369 4022 lactus,
383 3977 438 4030 quo
448 3956 531 4010 tendit
541 3969 617 4028 poeta
629 3960 705 4027 :face
749 3957 807 4011 Hoc
816 3958 939 4010 ultimum
947 3958 1033 4030 placet
1043 3959 1208 4021 Burmanno,
1218 3961 1262 4011 cui

191 4055 262 4088 sava
283 4040 310 4088 in
333 4052 376 4088 tua
400 4057 460 4090 mox
481 4041 585 4088 Danaos
609 4053 705 4088 acums
751 4049 776 4091 et
787 4057 835 4109 ego
847 4036 1028 4091 accedovtde
1039 4038 1089 4090 inst
1102 4041 1227 4108 111‚27s.

192 4135 278 4177 saxa,
303 4119 439 4184 Caphareis.
461 4117 531 4170 Num
550 4136 633 4188 quum
658 4117 706 4170 filil
786 4119 847 4186 375.
861 4121 1197 4186 &plessetAmpltidamas,
1210 4117 1261 4168 frn—

192 4193 360 4259 Palamedis,
376 4196 410 4249 ab
420 4197 515 4269 Ulysse
524 4195 706 4250 fraudulenter
749 4207 820 4260 tres,
841 4215 956 4267 quornm
975 4196 1020 4248 ille
1043 4196 1184 4250 Herculem
1209 4213 1262 4259 ery-

192 4271 356 4348 interempti,
366 4294 459 4332 necem
468 4276 705 4350 ulturusignemin
732 4331 735 4338 ,
750 4278 857 4330 mantici
874 4279 1001 4331 sumnum
1016 4279 1128 4346 pondere
1145 4275 1262 4334 mom-tri,
