3226 5114
384 539 509 604 NOVl
541 539 789 604 EDITORIS
820 541 976 608 N-OTAE.
1145 542 1212 629 309Ι

151 651 255 715 codice;
269 650 403 706 CarrioMe
419 651 501 705 codex
517 650 596 704 habet
617 670 690 702 suos:
709 670 758 705 noe
771 651 879 723 quidem
892 670 983 707 veram
999 670 1107 706 menum
1120 653 1207 707 adhuc

151 735 339 790 desideramus.

185 842 221 896 V.
231 840 263 896 33
271 878 522 893 ...............
532 847 618 893 Venun
629 856 765 910 cumgente
778 846 897 911 domoque

284 929 409 985 leminea,
424 944 544 994 cavaque
552 928 707 978 adomnane
716 928 816 977 numina
826 930 908 978 mani.

142 1053 165 1096 .·
176 1024 295 1079 Pmdicit
305 1029 360 1100 jam
375 1026 457 1098 Hylae
467 1026 522 1080 lata
531 1025 680 1099 Meleagro,
696 1027 723 1080 iu
740 1027 814 1098 cujus
827 1021 976 1091 nativitate,
989 1028 1028 1081 nti
1040 1028 1131 1084 sabula
1147 1049 1210 1084 nar·

150 1122 190 1163 rat
198 1147 208 1174 ,
220 1109 308 1164 Parca
326 1109 405 1163 matri
414 1109 518 1164 Altheae
531 1111 670 1174 titionem,
685 1128 718 1162 ex
733 1128 787 1182 quo
805 1109 857 1162 vita
872 1109 963 1164 recena
984 1112 1039 1164 nati
1055 1113 1131 1185 pueri
1145 1132 1210 1184 pen·

151 1193 234 1259 deret,
247 1204 336 1247 sancte
345 1192 547 1246 custodiendum
556 1192 815 1247 commendaverant.
823 1193 839 1246 J
841 1194 931 1247 uranie
941 1193 1038 1248 deinde
1048 1195 1141 1262 lactus,
1152 1199 1209 1268 apri

150 1275 289 1349 calydonii
306 1276 413 1330 exuviae
428 1276 556 1330 Atalantae
571 1276 667 1348 virgini
685 1274 902 1348 adjudicaverat3
921 1275 994 1348 quod
1014 1296 1083 1348 agre
1097 1276 1210 1332 serentes

149 1359 277 1432 Meleagri
288 1359 411 1413 avunculi
423 1359 528 1413 exuviae
538 1359 600 1414 ittae
608 1359 704 1432 virgini
714 1361 740 1413 vi
751 1359 909 1432 eripuerant.
920 1361 965 1413 lta
979 1371 1126 1413 commotus
1135 1364 1210 1432 juve-

148 1442 188 1496 nis
197 1441 304 1496 eoadem
315 1441 452 1497 interficit:
463 1455 546 1496 mater
556 1453 660 1505 autem,
671 1460 762 1496 necem
771 1442 860 1496 altura
871 1443 999 1507 fratrum,
1009 1441 1127 1496 titionem
1135 1444 1210 1497 illum

148 1525 174 1576 in
183 1525 275 1595 ignem
285 1524 406 1598 conjicit;
417 1543 472 1596 quc
482 1525 595 1590 lactum,
608 1537 638 1578 ut
652 1525 784 1596 Meleager
799 1527 855 1597 ipae
867 1528 997 1579 viscerum
1008 1525 1102 1579 ardore
1115 1546 1209 1581 coneu-

147 1619 264 1662 merctur
280 1619 358 1679 atque
371 1608 523 1661 tabesceret.
536 1609 630 1662 Fusius
644 1609 701 1661 hac
711 1609 801 1660 omnia
813 1621 993 1671 enarrantem,
1012 1609 1033 1662 ei
1050 1608 1137 1672 lubet,
1151 1607 1211 1664 vide

146 1690 276 1746 Ovidium
287 1732 296 1758 ,
307 1692 414 1745 Metam.
424 1693 489 1744 v111
500 1729 509 1756 ,
521 1693 646 1756 ado-524.
659 1716 669 1739 ι
680 1691 723 1745 Sic
733 1693 895 1764 Wagnerue.

181 1819 215 1872 V.
232 1819 274 1873 35.
290 1823 353 1872 cato
365 1825 428 1872 Mox
441 1823 538 1881 adeas,-
554 1834 624 1888 teque
639 1835 707 1872 astra
714 1821 808 1890 ferent.
823 1851 857 1860 —
868 1821 930 1874 Hac
942 1822 1040 1884 verba,
1058 1836 1128 1888 teque
1143 1835 1212 1874 astru

138 1905 242 1970 serena,
254 1903 288 1957 ad
302 1907 443 1956 Herculeam
455 1918 546 1956 asmun
558 1903 716 1967 referenda,
730 1903 780 1956 nisi
790 1905 833 1957 cui
843 1903 945 1976 placeat
953 1904 1105 1976 tautologia.

178 2029 214 2081 V.
232 2030 276 2094 44.
286 2033 381 2082 Flucats
396 2033 428 2080 ab
438 2032 568 2092 undisoni,
580 2041 628 2083 etc.
642 2060 677 2072 -
686 2029 784 2083 Confer
794 2030 903 2084 Statium
911 2066 918 2093 ,
926 2029 1010 2082 Theb.
1019 2029 1073 2095 lx,
1088 2030 1151 2082 360:

288 2137 447 2200 Fluctivagem
455 2139 489 2185 eie
496 2153 558 2200 caepe
566 2139 673 2193 domm,
684 2138 837 2200 madidosque
845 2147 940 2200 penaten

288 2214 392 2272 Alcyone
400 2213 489 2260 decerta
500 2213 583 2274 gemit,
601 2228 674 2274 quum
686 2212 785 2276 pignore
797 2227 869 2258 earm

288 2287 372 2334 Auster
382 2295 406 2333 et
416 2285 519 2348 elaeatae
529 2287 607 2348 reputt
618 2287 697 2333 Thetis
708 2287 786 2333 invida
801 2287 878 2334 nidos.

183 2411 220 2461 V.
229 2412 273 2474 46.
282 2415 307 2461 It
320 2431 391 2479 super
400 2431 471 2479 agra
485 2431 579 2479 parens
585 2450 594 2472 ,
613 2416 765 2480 quen'aerque
781 2415 922 2463 armantibus
936 2413 1018 2462 unciis.
1031 2438 1066 2450 -
1079 2409 1121 2462 Sic
1136 2411 1212 2463 struit

147 2493 320 2565 Wagncrut:
335 2499 372 2555 It,
384 2493 491 2554 volitat,
507 2513 580 2562 super
591 2498 663 2544 andis
679 2497 834 2554 menalus,
850 2497 1013 2561 queriturque,
1034 2503 1083 2545 etc.
1093 2492 1160 2544 Mihi
1172 2494 1211 2546 vi·

147 2575 230 2626 detur
245 2585 305 2645 poet
325 2595 396 2644 super
408 2575 622 2628 subaudiendum
639 2593 694 2628 esee
708 2579 799 2637 larem,
817 2592 876 2645 qua
894 2593 944 2628 vox
964 2575 1057 2646 legitur
1072 2575 1099 2627 in
1116 2595 1212 2647 praece-

131 2651 133 2658 ’
147 2656 224 2710 dati
234 2656 550 2728 vereu,jungendumque
561 2661 667 2724 queritur
675 2675 736 2710 cum
746 2661 887 2708 attinentibus
899 2661 980 2717 undis,
995 2657 1021 2708 in
1036 2655 1123 2709 dativo
1137 2677 1216 2720 casu,

148 2743 216 2795 utin
226 2741 278 2795 hoc
288 2739 378 2796 Ovidii
387 2759 478 2804 versu,
488 2741 558 2794 test.
568 2740 606 2804 V,
618 2740 667 2794 233
677 2757 683 2790 :

289 2851 353 2905 lbet,
369 2859 396 2897 nt
406 2851 500 2897 Oceano
509 2859 645 2911 quereretur
654 2850 713 2896 sacta
723 2851 806 2896 meriti.

184 2978 222 3032 V.
234 2979 278 3030 60.
290 2982 367 3046 Quum
377 2990 461 3028 tnoesto
475 2981 570 3026 lamna
584 2978 657 3026 simul
668 2978 800 3041 Dianaque
812 2979 880 3026 violat

284 3065 349 3111 Ante
358 3065 440 3110 Iovem
450 3060 520 3110 stetit.

147 3179 317 3252 tragediam
335 3179 454 3251 AEechyli
472 3176 505 3232 de
524 3179 635 3232 liberato
654 3154 824 3243 Prometheo,
848 3179 975 3233 hactenus
997 3179 1165 3250 imperem,
1187 3191 1213 3230 et

147 3264 214 3318 aliae
225 3263 342 3338 ejnedem
354 3264 382 3316 in
390 3263 501 3316 latinum
508 3262 592 3316 Attius
602 3273 724 3316 verterat.
737 3263 785 3315 llla
795 3263 906 3316 deorum
917 3268 949 3315 ad
961 3265 1052 3316 lovem
1061 3261 1212 3333 deprecatio

147 3367 200 3421 pro
209 3347 381 3411 Prometheo,
391 3365 521 3418 moxque,
535 3347 583 3400 lib.
594 3346 631 3410 V,
642 3348 698 3419 ejue
709 3347 846 3410 liberatio,
859 3345 987 3399 nonnulla
1000 3346 1118 3418 profecto
1133 3345 1213 3397 habet

147 3451 180 3484 ex
192 3429 239 3483 illa
250 3427 373 3500 nngoedia
382 3429 491 3484 adscita.
502 3427 567 3484 vid.
581 3435 688 3495 Stanley,
701 3430 848 3484 Commeat.
860 3429 889 3481 in‘
898 3430 1061 3501 AEechylum.

184 3549 223 3601 V.
237 3567 282 3618 91.
294 3550 391 3599 titania
401 3548 484 3616 frenis
498 3555 578 3600 Antra
592 3563 691 3602 sonant.
702 3548 788 3603 -Sic
808 3547 933 3612 Ovidius,
953 3547 1060 3605 Melam.
1079 3548 1105 3606 Il
1115 3583 1123 3610 ,
1145 3562 1211 3598 tat:

148 3638 296 3700 adduntque
313 3635 428 3682 sonantia
438 3633 530 3701 frena.

185 3751 222 3804 V.
235 3769 268 3820 9²
272 3787 416 3802 .........
432 3752 475 3800 tot
486 3752 637 3811 aumcomus,
650 3751 800 3820 cingentibus
814 3754 879 3800 leon's
890 3789 903 3811 „

239 3890 249 3904 ,
286 3836 431 3906 Multfidum
432 3837 518 3902 jubar,
527 3848 551 3885 et
560 3836 655 3886 bisseno
665 3837 744 3885 cidere
755 3847 853 3884 textam

284 3921 395 3969 Loricam
406 3921 521 3970 indaiatr.

147 4017 277 4072 Heinsius
293 4019 330 4073 ait
346 4021 461 4090 priscum
470 4017 595 4074 Vaticani
611 4018 729 4072 codicem
754 4019 852 4073 habere
870 4019 1007 4086 urgentibus
1021 4037 1030 4067 :
1046 4017 1129 4080 salso,
1150 4037 1214 4072 nana

146 4104 287 4170 ingentibus
296 4101 340 4155 hic
352 4113 441 4175 aperte
450 4103 554 4175 legitur.
566 4103 656 4157 Lectio
667 4105 832 4172 cingentibus,-
843 4120 923 4175 quarn
933 4103 1027 4174 probat
1036 4100 1212 4163 Burmannus,

149 4183 252 4238 Bartltii
265 4189 415 4258 conjectura
427 4199 474 4241 eet.
492 4190 634 4256 vigentibus
650 4187 718 4244 mihi
732 4187 814 4258 magis
832 4187 942 4260 placeat.
960 4185 1020 4240 llaec
1034 4187 1134 4258 pictura
1148 4185 1219 4249 Solia

147 4279 228 4320 ortae
237 4267 372 4339 splendida
384 4281 422 4324 eet
435 4281 460 4324 et
470 4271 618 4342 magnilica.
