3196 5120
395 451 992 522 u0v1ro1ron1snorn.
1165 459 1227 547 167

198 599 234 652 V.
250 614 312 670 199.
329 601 511 667 Tuniurrpater
525 611 602 666 &rget
618 601 719 652 Ιιονιονο.
728 629 763 640 ·-
773 600 834 652 Vox
841 604 934 654 honora
946 599 1048 655 videtur
1063 602 1092 656 iu
1102 602 1226 657 imitatio-

164 701 223 742 nem
239 682 360 736 fulminei
374 681 432 735 soni
446 682 574 737 adhibita.

197 824 234 877 V.
243 841 302 876 roo.
312 826 376 874 Iade
394 841 481 874 novam
495 823 601 891 pavidas
617 840 704 874 uocem
715 821 854 890 firribuuda
872 843 921 891 per
937 844 1009 876 aures

305 909 475 974 Congemr'nat,
491 925 541 973 qua
553 909 648 975 prrirrus
665 909 758 966 Artos,
770 921 795 958 et
805 921 911 975 pontru,
926 911 1049 977 reingere

305 994 402 1044 Thraca
416 994 504 1060 polus,
519 993 662 1061 pariterque
676 992 735 1041 toris
753 993 878 1043 exhor-ruit
890 995 968 1044 omnis

304 1079 395 1137 Mater,
406 1088 431 1126 et
442 1077 559 1126 adstricto
572 1076 698 1142 riguerunt
709 1076 780 1126 ubere
794 1077 858 1127 nati.
944 1067 945 1072 ¹

165 1191 202 1247 Ci
201 1234 208 1248 .
213 1191 356 1266 Virgilium
364 1209 486 1265 ,semper
498 1203 525 1246 et
537 1191 638 1265 ubique
648 1165 788 1265 poetarum
800 1192 967 1266 Principem,
977 1194 1113 1260 mutu,
1125 1195 1194 1260 514:
1223 1169 1230 1181 ἱ

301 1325 434 1371 Tartaream
445 1321 547 1370 intendit
557 1337 649 1376 vaurme
659 1337 706 1384 qun
716 1322 825 1385 protinus
834 1337 905 1370 omne

301 1397 447 1445 Contremuit
456 1413 550 1452 nemus,
563 1407 587 1444 et
594 1397 658 1446 eilrn
668 1398 792 1444 intonuere
802 1393 933 1458 proiuudn.

303 1471 383 1517 Audiit
392 1479 415 1517 et
420 1471 503 1518 Triviae
511 1471 582 1533 longe
590 1472 666 1526 hauet
677 1471 751 1519 audiit
758 1471 832 1519 amnis

304 1545 411 1591 Suliureu
420 1547 468 1591 Nar
478 1545 545 1591 albus
553 1561 627 1606 aqua,
639 1545 763 1607 fontesque
771 1546 863 1600 Veliuir

302 1621 333 1666 Et
342 1618 439 1681 trepidas
449 1629 534 1666 matres
545 1635 651 1682 pressere
663 1621 694 1667 ad
705 1629 801 1682 pectora
811 1630 887 1667 ustos.

164 1741 221 1794 Hoc
233 1741 294 1794 ioco
303 1741 430 1812 Virgilius
440 1778 449 1805 ,
459 1739 663 1814 quemimitatus
673 1753 713 1795 est
722 1741 859 1807 Valeriae,
869 1742 1056 1812 Apollonium,
1064 1745 1117 1810 lv,
1128 1747 1192 1811 136,
1201 1758 1228 1799 et

165 1825 219 1898 ipse
231 1826 348 1880 imitatus
362 1837 421 1880 est:

341 1953 444 2026 Διὶμοτι
457 1947 484 2005 δ’
494 1951 616 2024 ἐξέγροντο
626 1945 753 2020 λνχοΐδνς·
766 1951 828 2020 ἀμφὶ
841 1947 871 2006 ii
884 1953 957 2005 nurci

287 2115 292 2121 ι
341 2047 493 2114 Νηπιοίχοις,
509 2047 533 2098 oi
547 2047 575 2098 τί
588 2065 641 2116 opu
653 2045 697 2098 ὑπ’
705 2041 880 2115 ἀγκαλίδεσσιν
895 2043 977 2110 ἴαυον,

342 2124 417 2208 ῥοίζῳ
429 2139 591 2208 παλλομένοις
604 2140 687 2208 χεῖρας
703 2137 777 2204 βάλον
792 2137 962 2204 ἀσχαλόωσαι.

199 2280 236 2335 V.
256 2299 306 2352 ²⁰7
312 2317 708 2335 .......................
723 2285 839 2350 usprr‘ma
853 2296 946 2334 vocatu

304 2369 429 2426 insonuit,
444 2369 591 2434 signumque
603 2369 671 2420 dedu
680 2368 801 2420 Mavora'a
818 2370 922 2435 conjux.

165 2472 256 2531 Venus
268 2475 314 2531 hic
329 2477 424 2531 dicitur
433 2483 554 2530 Mavortia
568 2481 678 2549 conjux,
694 2491 724 2532 ut
736 2499 816 2534 causa
830 2481 880 2546 sit,
898 2499 946 2534 cur
958 2489 1043 2533 totum
1056 2474 1130 2536 istud
1136 2479 1228 2536 Martie

165 2561 314 2614 sateiiitium
336 2563 393 2632 ejus
409 2560 520 2632 imperio
539 2573 639 2632 pareat.

199 2643 256 2696 Hoc
274 2643 420 2716 cpisodium
431 2645 526 2716 legenti
543 2645 614 2698 ultro
625 2645 737 2699 recurrit
752 2643 904 2700 Danaidum
919 2646 1004 2700 simile
1017 2646 1132 2713 facinus,
1146 2649 1228 2718 poetis

164 2743 231 2796 saepe
239 2737 423 2778 memoratum.
434 2730 467 2780 Τὸ
475 2723 645 2776 Valerianum
652 2724 712 2796 plur
723 2722 842 2777 ducentis
848 2726 966 2778 versibus
975 2727 1135 2789 continetur,
1143 2727 1228 2798 quod,

164 2807 286 2881 quamvis
296 2809 391 2861 iabulae
403 2825 571 2880 progressum
581 2819 710 2872 moretur,
724 2808 942 2878 praestantissimis
957 2821 1045 2862 tamen
1062 2809 1162 2880 ingenii
1176 2810 1229 2863 vir-

164 2893 263 2945 tutibus
273 2891 389 2944 eminere
398 2891 532 2944 fatendum
545 2903 584 2945 est
598 2909 606 2944 :
619 2911 698 2944 nemo
710 2911 765 2943 non
777 2891 910 2946 horrescat
919 2891 1040 2962 legendo.
1052 2892 1149 2946 Statius
1161 2912 1229 2965 quo-

164 2994 216 3048 que
229 2973 331 3046 (Theb.
340 2975 378 3045 V)
390 2976 560 3028 Lemniacam
572 2986 685 3046 stragem
701 2973 854 3046 descripsit,
866 2974 912 3028 sed
926 2975 1023 3028 effectu
1040 2977 1177 3048 sequiore;
1189 2977 1230 3029 ni·

164 3059 280 3124 mirum,
300 3059 405 3130 opinor,
421 3077 454 3112 eo
471 3057 543 3130 quod
563 3059 687 3112 Valerius
703 3057 856 3130 impensiori
873 3077 937 3112 oum
954 3057 1039 3131 pingit
1058 3059 1230 3113 inveteratam

165 3140 277 3194 Veneris
288 3141 355 3194 iram
360 3180 368 3205 ,
382 3154 408 3195 et
418 3141 626 3194 machinationes
634 3161 701 3211 quas
714 3141 764 3194 dea
775 3143 861 3206 struit,
873 3152 902 3194 ut
915 3139 1039 3195 Lemnias
1049 3142 1180 3215 zeiotypia
1191 3144 1231 3196 iu-

165 3244 256 3280 eeusas
269 3224 304 3279 ad
325 3225 439 3278 furorem
455 3224 560 3296 adigat;
581 3226 646 3279 dum
663 3225 761 3278 Statius
782 3237 874 3278 contre
886 3224 1015 3297 quasdam
1029 3224 1099 3278 circa
1113 3226 1231 3298 picturas

165 3311 321 3364 immoratur
333 3309 489 3364 aversatioui
508 3310 644 3384 propiores
662 3329 743 3384 quam
761 3310 875 3374 terrori,
893 3327 980 3382 aeque
999 3329 1062 3363 vero
1075 3309 1232 3385 Hypsipyles

165 3395 193 3448 iu
209 3414 257 3448 ore
274 3393 337 3448 satis
350 3393 523 3448 verecundas.

198 3531 235 3584 V.
248 3531 348 3601 287.Et
357 3533 427 3583 cauis
437 3533 522 3582 tuebar
532 3536 592 3582 lurra
596 3533 703 3598 pruinis.
714 3527 824 3582 —Vide
835 3527 1055 3583 commentarium
1069 3529 1127 3583 DD.
1141 3532 1233 3583 carme

166 3611 265 3668 dehoc
286 3613 344 3668 loco
366 3613 463 3686 psalmi
481 3613 555 3666 CXX
575 3630 583 3666 τ
603 3619 650 3666 Per
662 3617 727 3665 diem
745 3618 786 3665 sol
802 3633 852 3665 non
876 3627 929 3666 uret
946 3627 984 3675 te,
1007 3633 1087 3682 aeque
1111 3618 1172 3666 Iura
1187 3634 1234 3684 per

166 3713 269 3751 limem·

199 3833 236 3886 V.
256 3831 307 3890 313
313 3867 728 3885 ........................
744 3851 794 3882 nou
814 3832 863 3883 illr's
881 3831 950 3883 obvia
970 3833 1020 3882 teia

267 3911 271 3919 ¹
308 3921 394 3980 Ferre,
410 3937 457 3968 uec
475 3918 577 3986 infestos
597 3920 682 3968 deerat
694 3917 772 3983 fluor
788 3917 908 3983 improbus
927 3918 1009 3983 ignes.

167 4035 282 4100 Statius,
299 4035 385 4088 Theb.
397 4036 435 4101 V,
455 4037 522 4100 316,
543 4034 621 4106 fingit
637 4034 760 4088 Lemnias
777 4049 869 4087 revera
888 4051 1087 4106 propugnasse,
1101 4045 1132 4086 ut
1147 4037 1233 4106 rugo-

165 4132 258 4174 sunus
269 4119 386 4194 procella
397 4120 519 4174 seviente
528 4121 641 4192 jactatos
648 4137 667 4172 a
676 4119 753 4173 litore
762 4128 899 4181 arcerent,
912 4116 1082 4190 depingitque
1093 4118 1235 4174 Thessalos

167 4205 261 4260 heroas
281 4223 332 4258 una
350 4224 411 4258 cum
431 4205 516 4258 ventis
531 4216 556 4258 et
576 4204 716 4271 fluctibus,
731 4223 785 4258 uua
799 4221 860 4257 cum
872 4203 1044 4258 Lemniorum
1055 4201 1082 4254 vi
1094 4199 1234 4262 luctantes.
