3192 5128
369 519 627 590 PRAEFATIO
658 522 912 592 SECUNDA.
1029 545 1173 594 cxxxvu

11 707 13 740 ,
104 651 168 714 rias
183 651 316 718 trahere
332 665 517 732 tentarunt3
532 651 642 738 quales
657 673 717 715 nec
728 649 1044 739 Metamorphosibus
1051 653 1173 737 Ovidii,

106 777 167 820 nec
177 755 308 845 Virgilii
318 751 469 836 AEneidi,
486 756 586 820 immo
603 777 664 820 neo
675 757 808 820 Homeri
822 758 1024 845 poematibus
1037 758 1176 824 defuisse

106 862 273 925 norimus.
291 861 334 925 Et
353 861 478 925 utinam
502 861 567 925 boe
592 883 694 951 genus
713 862 887 926 stultorum
907 885 975 926 non
993 863 1176 930 uberrimus

106 965 219 1032 adhuc
226 965 328 1030 bodie
341 975 518 1055 proventus
534 969 711 1049 exsisteret,
726 968 784 1055 qui
794 969 885 1055 pium
898 983 930 1032 et
947 987 1093 1034 sanctum
1108 994 1177 1036 esse

106 1087 245 1160 putant,
265 1072 361 1136 etiam
390 1072 506 1137 divinis
530 1074 752 1138 voluminibus
777 1073 980 1163 consignatas
1005 1075 1177 1160 historias,

109 1177 434 1265 interpretationibus
452 1179 582 1262 alienis,
600 1180 641 1245 ad
656 1201 770 1244 sensus
787 1179 848 1243 hos
864 1201 997 1244 arcanos
1013 1197 1046 1245 ct
1062 1205 1179 1246 recon-

108 1283 196 1348 ditos
220 1283 439 1373 detorquere!
466 1285 587 1373 quibus
605 1285 797 1349 commentis
814 1285 896 1349 nihil
911 1285 999 1350 aliud
1014 1285 1180 1369 efficiunt,

111 1411 209 1478 quum
221 1389 333 1453 omnia
344 1389 488 1477 profanis
499 1389 615 1454 ludum
627 1405 660 1455 et
667 1389 777 1470 jocum
790 1389 912 1473 faeere,
931 1407 980 1473 et,
999 1389 1081 1456 dum
1094 1392 1182 1457 lasci·

110 1499 194 1560 riam
222 1495 413 1561 insanientis
437 1497 557 1585 ingenii
570 1499 711 1579 jactant,
728 1518 747 1561 a
762 1494 865 1586 solida
881 1497 1064 1562 eruditione
1083 1499 1181 1588 longe

111 1601 298 1682 devertere,
309 1615 342 1666 et
359 1599 578 1668 adolescentes
597 1604 704 1684 etiam,
714 1617 747 1666 et
761 1601 909 1690 inprimis
926 1604 1100 1667 mulierum
1111 1627 1181 1668 cre·

112 1704 202 1770 dulas
218 1722 253 1769 et
273 1704 418 1770 infirmas
442 1721 565 1770 mentes
583 1707 635 1770 bis
649 1707 740 1771 ranis
753 1704 948 1794 imaginibus
963 1707 1115 1796 repletas,
1141 1705 1182 1771 ad

113 1833 214 1900 nugas
232 1825 266 1876 et
283 1812 394 1875 inanes
407 1811 534 1877 labores
548 1813 709 1877 deducere
726 1836 734 1877 :
753 1811 811 1876 sed
835 1811 904 1876 haee
925 1813 1111 1894 mittamus,
1125 1837 1183 1877 no·

112 1917 221 1980 lomus
246 1917 337 1981 enim
364 1917 538 1982 crabrones
563 1919 699 1982 irritare.
717 1917 826 1982 Fausti
844 1965 852 2000 ,
870 1917 1078 2005 praeceptoris
1103 1921 1181 2000 sui,

114 2023 231 2110 passim
249 2017 464 2088 honorificam
481 2025 681 2088 mentionem
698 2023 820 2104 injicit,
842 2021 949 2110 deque
968 2021 1054 2087 illius
1080 2025 1183 2087 salute

116 2143 177 2192 tam
193 2141 319 2192 certam
331 2149 422 2214 spem
437 2129 595 2217 concipit,
612 2146 651 2193 ut
663 2129 732 2209 ejus
747 2129 887 2192 animam
901 2127 935 2190 in
953 2128 1027 2192 sinu
1044 2127 1182 2193 Abrahae

117 2235 304 2300 collocatam
316 2249 423 2321 optet3
435 2234 500 2299 vid.
514 2235 555 2299 ad
573 2236 628 2301 lib.
645 2237 676 2316 l,
699 2235 740 2300 33
751 2250 784 2298 et
799 2233 871 2313 134.
886 2234 990 2300 Credo
999 2257 1076 2300 vero
1090 2235 1182 2299 illum

117 2363 181 2404 esse
192 2388 202 2421 ,
212 2341 370 2404 Faustum
383 2339 596 2404 Andrelinum
607 2333 878 2422 Foroliviensem,
898 2363 995 2428 quem
1009 2340 1044 2404 in
1057 2339 1181 2405 Acade·

119 2445 178 2508 mia
194 2445 366 2509 Parisiensi
385 2443 451 2530 jam
473 2446 602 2535 triginta
622 2443 725 2511 annos
737 2448 896 2535 poeticam
911 2447 1060 2538 docuisse
1075 2461 1182 2510 narrat

118 2550 268 2615 Erasmus
282 2550 317 2615 in
335 2551 525 2638 proverbiO,
547 2553 747 2638 Syracusana
763 2575 892 2632 mensa,
919 2575 1084 2641 quemque
1101 2575 1182 2616 con-

118 2679 288 2744 gerronem
303 2671 445 2721 ueterem
462 2681 558 2723 suum
571 2673 673 2723 vocat.
685 2661 735 2723 De
749 2682 789 2723 eo
806 2657 901 2722 etiam
914 2659 1039 2722 Erasmi
1054 2658 1118 2723 hoc
1128 2659 1182 2739 ju·

120 2759 237 2824 dicium
256 2759 507 2838 circumferunt,
526 2763 593 2842 ejus
612 2763 737 2849 scriptis
756 2761 853 2842 nihil,
873 2759 934 2823 nisi
948 2761 1077 2824 unicam
1094 2762 1182 2848 sylla·

119 2863 209 2947 hm,
225 2889 347 2955 nempe
356 2879 425 2950 sets,
444 2867 600 2949 defuisse3
615 2867 688 2932 vide
705 2866 910 2956 Salvagnium
924 2866 965 2930 ad
983 2866 1079 2930 ovid.
1091 2865 1180 2946 Ibin,

119 2994 210 3037 versu
219 2971 295 3054 533,
304 2989 338 3038 et
346 2974 468 3038 bailleti
477 2973 596 3054 judicia
605 2974 647 3039 de
658 2974 762 3064 poetis
774 2972 1018 3054 recentioribus,
1026 2989 1116 3059 parte
1124 2973 1182 3054 III,

120 3099 151 3164 p.
170 3099 243 3164 119,
258 3078 317 3142 ubi
331 3101 406 3144 eum
422 3093 588 3142 mortuum
605 3080 649 3143 ait
663 3082 698 3144 A.
717 3077 817 3162 1518,
835 3077 926 3166 quod
941 3078 1016 3142 satis
1032 3093 1108 3141 voto
1118 3077 1184 3141 Ma-

121 3182 204 3263 serii,
224 3182 316 3270 quod
339 3184 438 3249 modo
459 3185 643 3268 retulimus,
665 3185 842 3275 congruit;
868 3185 943 3248 licet
958 3183 1023 3262 jam
1041 3183 1078 3247 A.
1097 3181 1179 3270 1517
1281 3248 1284 3257 ,

122 3309 194 3352 euru
217 3305 388 3355 mortuum
404 3292 515 3356 credat
531 3293 648 3356 Bailius
664 3293 698 3356 in
715 3293 831 3357 Lexico
851 3291 982 3371 critico,
1005 3289 1063 3353 ubi
1088 3289 1180 3376 plura

122 3390 160 3456 de
174 3393 239 3458 boc
247 3411 419 3482 poetarum
434 3398 558 3461 lumine
572 3397 702 3486 collegit
718 3422 727 3480 3
743 3398 770 3460 si
786 3413 894 3460 tamen
912 3419 952 3460 ex
965 3393 1087 3458 bailleti
1105 3416 1180 3457 seu·

122 3496 216 3562 tentia
236 3501 276 3562 A.
294 3498 379 3565 1518
395 3501 529 3579 obierit,
549 3523 616 3564 non
630 3499 740 3582 video,
757 3523 821 3588 qua
836 3499 942 3588 specie
962 3497 1099 3562 edidisse
1114 3498 1180 3578 jam

123 3605 158 3668 Δ.
172 3603 256 3692 1527
276 3609 420 3693 potuerit
435 3608 591 3672 Maserius
608 3607 900 3671 commentarium:
920 3605 981 3669 nisi
992 3605 1026 3667 in
1043 3605 1096 3669 illa
1111 3604 1179 3669 edi-

123 3708 206 3774 tione
225 3714 350 3776 mentio
373 3715 485 3778 mortis
508 3731 574 3778 tam
595 3715 683 3777 chari
707 3714 850 3803 magistri
874 3711 1011 3792 omissa,
1031 3711 1180 3775 secundae

123 3813 251 3881 demum
267 3821 453 3902 sitinserta3
470 3820 560 3908 quod
578 3821 604 3884 si
619 3821 744 3884 veroin
761 3836 897 3906 utraque
914 3817 1056 3880 editione
1068 3835 1181 3880 votum

122 3920 198 3985 illud
216 3923 358 4013 legatur,
375 3949 442 3990 non
460 3927 603 4014 potuisse
614 3925 694 3988 mihi
710 3923 838 3988 videtur
853 3923 885 3985 in
902 3923 973 4009 ipso
989 3923 1083 3985 initio
1097 3946 1182 3987 com-

123 4029 268 4092 mentarii
282 4032 482 4094 mentionem
496 4032 608 4096 fecisse
622 4030 763 4095 hominis
776 4032 813 4096 A.
831 4027 912 4092 1518
927 4029 1062 4108 mortui,
1080 4050 1181 4114 quum

122 4153 245 4197 summa
262 4157 377 4200 manus
395 4159 506 4200 mense
523 4139 671 4224 Augusto
688 4133 831 4216 ejusdcm
849 4133 925 4196 anni
940 4132 1004 4212 jam
1022 4133 1063 4195 sit
1076 4133 1182 4218 impo-

123 4239 196 4320 sita,
207 4239 366 4306 referente
376 4241 550 4307 Maitairio:
563 4243 624 4306 nisi
634 4257 828 4320 statuamus,
846 4241 999 4303 Faustum
1010 4239 1080 4326 ipso
1090 4237 1183 4300 initio

209 4345 235 4408 I.
1044 4346 1056 4404 i
