3246 5112
426 529 554 594 NOVI
586 525 833 591 EDITORIS
864 524 1017 590 NOTAE.
1200 526 1260 589 103

195 658 284 708 Nescia
297 673 376 704 rerum
390 671 467 713 sona,
483 651 534 704 hoc
551 665 602 715 est,
616 648 689 721 regio
705 649 815 712 sterilis,
827 666 885 720 quae
900 648 966 701 nihil
977 649 1096 721 proferre
1109 650 1207 722 possit,
1221 651 1262 704 iu·

196 737 353 793 hahiobitts.
364 734 477 789 Ovidius
491 735 527 788 ait
539 733 573 787 (le
589 734 713 807 Scythia,
724 732 804 786 Trist.
818 733 871 784 lib.
889 733 947 796 111,
960 733 1002 785 El.
1018 733 1066 800 IV,
1077 751 1102 798 r3.
1118 735 1166 797 451
1182 752 1188 785 :

334 836 436 884 Ulterius
445 838 504 884 nibil
514 847 548 884 est
559 837 603 882 nisi
613 853 661 883 non
672 835 798 882 habitabile
809 834 891 896 l'rigus.

228 962 263 1011 V.
279 961 340 1022 524.
367 964 400 1010 Et
414 979 518 1029 generos
532 975 620 1019 vocat,
637 975 661 1011 et
672 962 775 1028 junctas
794 961 838 1008 sibi
853 960 975 1024 sanguine
993 971 1078 1008 terras.
1094 985 1129 998 -
1142 958 1261 1032 Phryxus

195 1052 249 1094 eret
259 1040 329 1110 solus
337 1057 429 1093 revers
437 1056 517 1109 gener
528 1041 621 1104 AEem,
631 1049 658 1091 st
665 1038 710 1091 hic
720 1056 768 1109 per
774 1037 925 1109 κατάχρησιν
936 1052 1027 1088 omnes
1037 1035 1142 1090 Grecos
1150 1057 1261 1110 generos

197 1135 280 1177 vocat.
295 1123 338 1175 Sic
350 1121 421 1194 apud
434 1120 574 1193 Virgilium
589 1122 698 1174 Latinus
710 1121 790 1183 dicit,
804 1122 865 1172 AEn.
875 1119 945 1181 VII,
966 1136 992 1171 v.
1006 1137 1070 1189 270,
1091 1139 1200 1192 generos
1213 1143 1261 1174 et·

194 1212 267 1260 ternis
278 1207 360 1277 affore
373 1209 404 1257 ab
414 1210 475 1267 oris,
487 1207 592 1279 alioque
608 1205 686 1272 loco,
700 1206 747 1259 lib.
760 1205 830 1270 xll,
843 1223 868 1255 v.
884 1203 951 1272 657,

339 1345 530 1358 .............
551 1323 639 1358 mnsnt
650 1328 691 1358 rex
703 1312 753 1373 ipse
763 1310 859 1358 Litium

334 1387 399 1443 Quos
409 1401 504 1448 generos
511 1395 585 1432 vocet.

199 1519 210 1540 ι
225 1491 364 1544 pluraliter
378 1502 482 1556 sutem,
495 1492 532 1544 ait
547 1491 654 1545 Servius
673 1491 700 1544 in
715 1493 787 1544 huuc
801 1493 890 1546 locum
904 1533 911 1556 ‚
927 1511 1038 1565 generos
1058 1491 1091 1545 de
1108 1491 1264 1544 exercitibus

196 1593 310 1646 quornm
324 1575 404 1628 duces
417 1587 478 1629 sunt
491 1578 586 1628 AEness
600 1586 626 1628 et
639 1576 755 1628 Turnus.
766 1601 777 1621 ι

230 1697 267 1748 V.
283 1697 346 1751 535.
364 1701 441 1763 Quum
454 1700 539 1747 varios
554 1709 667 1747 struerem
682 1716 730 1765 per
747 1701 839 1748 secula
856 1717 935 1765 reges,
948 1729 983 1737 —
1000 1697 1058 1748 Vox
1075 1711 1190 1747 struerem
1202 1697 1265 1748 ima·

197 1774 284 1846 ginem
293 1776 390 1840 efficit,
403 1775 539 1848 pingitque
548 1775 583 1827 ob
593 1775 684 1828 oculos
698 1774 762 1828 alias
771 1773 920 1840 &senoniae
931 1776 1043 1829 aliarum
1053 1775 1136 1828 ruinis
1146 1775 1265 1829 insisten-

198 1873 245 1913 tes.
263 1860 332 1914 Nota
345 1858 512 1933 splendorem
530 1858 625 1911 hurum
641 1857 821 1912 elocutionum
831 1878 838 1922 ;
849 1864 929 1911 undat
943 1862 1024 1928 equis,
1029 1861 1107 1930 stores
1119 1862 1194 1920 viris,
1208 1869 1264 1911 turn

199 1941 400 1996 concinnitatem
417 1942 495 2016 hujus
508 1941 667 2003 locutionis,
680 1961 707 1995 v.
722 1941 771 2001 543
786 1961 793 1993 :
812 1957 835 1994 et
849 1957 957 2012 possunt
969 1945 1025 2012 jam
1037 1959 1075 1994 me
1094 1961 1140 1992 sua
1158 1955 1265 2010 tempora

203 2030 281 2079 Graii.

233 2147 268 2199 V.
280 2147 341 2218 ⁵⁴7·
355 2151 455 2217 Propior
466 2153 497 2199 de
510 2149 610 2216 uirgine
621 2161 692 2216 rapta
705 2151 751 2198 Ille
762 2151 841 2199 dolor,
850 2177 884 2187 -
895 2151 994 2216 Propior
1007 2165 1042 2200 an
1048 2149 1164 2215 proprior
1177 2145 1267 2216 legen-

199 2228 263 2284 dum
275 2231 307 2284 sit
323 2232 474 2302 ambigitur.
486 2235 586 2300 Propior
597 2243 684 2284 tumen
701 2231 788 2303 potior
802 2231 950 2294 ridebitur,
963 2231 985 2283 si
998 2231 1058 2302 quis
1073 2229 1214 2302 respexerit
1232 2228 1266 2282 etl

199 2312 269 2368 hunc
283 2314 369 2368 locum
385 2314 490 2379 Ovidii,
503 2315 612 2368 Metam.
629 2313 697 2366 xm
707 2351 715 2377 ‚
725 2335 753 2367 v.
769 2313 819 2384 578
833 2333 839 2365 :

337 2433 398 2478 Cure
409 2432 476 2479 <leem
486 2432 582 2494 propior
591 2433 713 2493 luctusque
722 2431 861 2478 domesticus
871 2431 943 2492 sugit.

234 2546 268 2593 V.
282 2541 333 2609 589
340 2577 521 2592 ...........
543 2546 618 2607 Quron
631 2545 700 2610 flens
723 2545 811 2592 siculos
836 2543 954 2591 OErtotria
966 2543 1035 2610 fines

342 2642 465 2690 Perderet.
477 2675 483 2688 .
495 2677 501 2688 .

200 2737 299 2789 ¹luctor
321 2736 391 2790 felici
407 2736 588 2810 prosopopoeia
605 2753 685 2797 usus,
699 2735 832 2789 humanos
846 2753 938 2790 senous
957 2735 1037 2788 ltaliae
1055 2733 1159 2806 effingit
1171 2733 1265 2788 Siciliae

201 2818 384 2874 discessionem
399 2819 507 2874 dolenti.

236 2952 269 2999 V.
289 2951 340 3000 610
345 2983 617 2999 ................
636 2951 749 2998 Fundam
763 2966 790 2998 se
808 2967 906 2998 carcere
924 2950 973 2997 loeti

345 3035 448 3087 Thraces
465 3035 533 3100 equi,
555 3043 605 3083 etc.

202 3147 229 3202 Si
241 3148 434 3220 comparaveris
447 3147 518 3201 hsnc
531 3147 690 3219 tempestatis
706 3147 912 3220 descriptionem
932 3165 994 3200 cum
1003 3145 1113 3216 virgilio
1126 3185 1133 3210 ‚
1151 3144 1248 3197 Ovidio
1261 3183 1268 3207 ,

203 3233 311 3284 Lucano
326 3231 493 3303 ceterisque,
511 3232 647 3286 Valerium
665 3233 779 3304 reperies
794 3229 892 3286 Ovidio
908 3230 1078 3303 pressiorem,
1097 3231 1207 3282 Lucsno
1225 3249 1269 3282 sa-

202 3313 360 3385 pientiorem
370 3351 377 3376 ‚
389 3313 502 3384 Virgilio
522 3333 583 3367 vero
598 3314 676 3386 longe
693 3316 853 3368 inferiorem.
866 3316 953 3368 Locus
964 3315 1009 3368 ille

350 3463 543 3477 .............
563 3442 628 3478 resto
637 3432 725 3494 puriter
733 3433 781 3480 ruit
789 3433 871 3494 igneus
881 3434 952 3480 ether

345 3505 403 3552 Cum
421 3506 524 3558 tonitru,
570 3563 574 3570 ἱ

204 3604 288 3656 multo
305 3602 415 3656 inferior
428 3614 466 3656 est
476 3605 527 3657 hoc
540 3622 633 3670 versu,
649 3605 709 3656 AEn.
724 3605 770 3656 lib.
786 3605 817 3670 I,
828 3624 853 3656 v.
871 3612 904 3674 94
919 3623 926 3655 ε

345 3720 469 3765 Intonuere
477 3719 539 3781 poli,
553 3729 576 3765 et
584 3719 672 3796 crebris
681 3719 753 3770 nient
761 3717 855 3780 ignibus
865 3719 942 3766 sether.
966 3749 969 3754 -

205 3817 323 3882 Piceoque
331 3817 419 3883 premit
429 3835 483 3866 nox
495 3819 577 3866 omnia
589 3819 659 3866 coelo.
671 3814 814 3868 Pulchrum
823 3813 890 3866 illud
898 3813 1020 3884 quidem,
1034 3811 1080 3865 sed
1088 3811 1140 3864 hoc
1148 3821 1274 3881 presten-

206 3897 258 3950 tins
272 3915 279 3950 ε
292 3913 369 3966 ponto
388 3918 440 3950 non
455 3902 555 3951 insutas
571 3913 638 3950 aba.

241 3981 626 4036 -eaeamrmanttumnmffic
634 3983 710 4035 lscile
719 3999 846 4054 agnosces
855 3981 927 4033 hunc
936 3982 1035 4043 locum,
1045 3981 1104 4032 AEn.
1112 3980 1161 4043 lx,
1170 3997 1196 4032 v.
1209 3985 1258 4047 476
1270 3995 1275 4026 :

206 4070 306 4118 excussi
320 4070 430 4118 manibus
448 4070 522 4118 radii.

349 4207 573 4220 ...............
593 4188 750 4235 conversaque
763 4173 864 4219 frontem

346 4252 431 4316 Puppis
443 4252 466 4298 in
479 4253 599 4314 obliquum
611 4269 706 4302 resonos
717 4253 789 4300 nure
802 4252 886 4313 recipit
894 4251 961 4298 ictus.
