3198 5106
347 533 384 575 ια
639 511 674 574 C.
699 509 897 574 VALERII
928 511 1103 575 FLACCI

386 645 499 732 ipsum
515 664 591 731 ego,
607 665 710 730 quum
725 667 814 708 serus
828 643 929 706 fessos
944 665 1043 732 sopor
1056 644 1164 731 alligat
1176 657 1279 723 artus,

386 756 535 846 Aspicio‚
549 779 667 844 meque
680 758 815 822 assiduis
830 761 931 822 lacera
946 759 1030 822 illius
1047 758 1164 821 umbra

387 871 579 954 Questibus‚
594 888 627 935 et
640 874 747 962 magni
762 895 884 937 numen
900 874 996 937 maris
1011 874 1127 936 excitat
1141 873 1242 936 Helle.

386 987 419 1051 Si
433 987 528 1068 mihi,
541 1011 613 1076 quae
627 988 809 1077 quondam,
820 990 920 1071 vires;
934 969 984 1052 voi
998 988 1140 1077 pendere
1155 1010 1264 1076 poenas

386 1101 542 1166 Colchida
553 1102 634 1183 jam,
649 1118 681 1166 et
694 1104 778 1193 regis
794 1119 891 1192 caput
904 1103 959 1166 hie
972 1119 1068 1190 utque
1083 1125 1170 1166 arma
1184 1101 1319 1166 videres.

387 1217 473 1280 Olim
488 1217 580 1280 annis
595 1217 647 1280 ille
662 1217 759 1281 ardor
772 1217 886 1298 hebet,
901 1216 1041 1281 necdum
1056 1239 1128 1280 mea
1141 1218 1248 1305 proles

387 1332 530 1420 Imperio
544 1347 577 1394 et
589 1329 665 1396 beili
680 1331 776 1394 rebus
791 1346 917 1394 matura
931 1332 1087 1418 marique.

386 1447 452 1527 Tu,
467 1446 520 1509 cui
531 1446 597 1525 jam
612 1469 762 1534 curesque
775 1446 885 1534 vigent
897 1445 1062 1533 animique
1077 1447 1200 1528 viriles,
1391 1471 1415 1506 ss

389 1563 420 1643 1,
434 1561 548 1625 decus!
561 1577 594 1625 et
607 1562 732 1650 pecoris
747 1562 904 1648 nephelaei
918 1561 1035 1626 vellera
1049 1564 1138 1651 graio

341 1687 345 1696 '
385 1674 498 1739 Redde
511 1675 619 1755 tholo,
634 1697 671 1738 ac
684 1675 781 1738 tantis
798 1690 897 1738 temet
911 1673 1043 1763 dignere
1057 1677 1220 1764 periclis.»

385 1765 516 1854 Talibus
530 1790 681 1854 hortatur
691 1788 859 1870 juvenem,
873 1790 1073 1877 propiorque
1085 1790 1213 1869 jubenti

375 1979 413 2034 48.
428 1985 501 2027 Fesso.
514 1981 571 2026 Bon.
585 1979 637 2026 cod.
647 2005 677 2014 —
688 1985 726 2040 49.
737 1979 844 2037 Aspicim·
857 1976 933 2021 iacere
943 1978 1040 2021 assiduis
1050 1993 1149 2040 namque
1159 1979 1220 2024 illius
1233 1981 1379 2025 umbram.
1392 1988 1419 2024 et

343 2060 401 2107 Bon.
413 2059 482 2104 codd.
494 2059 551 2103 Bou.
567 2061 576 2103 1
588 2067 612 2103 et
624 2059 653 2102 11.
666 2059 730 2101 Junt.
745 2055 798 2100 ΛΜ.
808 2079 838 2088 -—
852 2055 889 2100 55.
902 2057 1014 2115 Annique
1023 2056 1109 2099 viriles.
1121 2059 1209 2102 Bonos.
1222 2057 1275 2102 eod.
1283 2059 1359 2104 -56.
1373 2057 1416 2102 Hie

342 2152 402 2183 vers.
414 2137 530 2199 reperitur
540 2145 593 2197 post
604 2151 662 2181 vers.
672 2135 703 2187 64
714 2133 738 2178 in
748 2135 800 2178 Vnt.
812 2132 943 2179 eod-58.
956 2133 1128 2192 PropriorXst.
1137 2135 1191 2181 eod.
1198 2137 1259 2181 Vide
1270 2139 1292 2190 1,
1306 2138 1358 2196 547.
1370 2139 1414 2184 En.

377 2300 468 2368 49-50.
493 2305 587 2349 lacera
608 2297 641 2350 ad
660 2295 853 2348 miserationem

341 2375 568 2431 commovendam.
584 2407 619 2418 -
634 2379 721 2444 Magni
740 2376 852 2442 (ornat,

339 2456 378 2509 nil
389 2456 501 2529 amplius
509 2456 514 2507 !
522 2459 532 2524 )
541 2475 628 2507 numen
638 2459 713 2506 maris
723 2457 800 2514 Helle,
812 2453 852 2519 11,

341 2535 408 2604 585„
419 2537 456 2599 V,
468 2553 526 2588 200.

374 2616 417 2668 52.
433 2618 478 2665 Vel
485 2612 552 2666 adeo
565 2617 627 2682 regis
639 2627 714 2679 caput
725 2615 765 2662 tic
779 2627 854 2680 atque

340 2713 412 2744 anna
436 2697 543 2744 videres,
569 2689 740 2745 Confidenter
761 2703 787 2744 et
811 2710 853 2744 su·

337 2771 540 2843 perbedictum.

376 2851 420 2904 53.
438 2855 501 2902 Olim
512 2853 583 2904 annis
597 2855 638 2903 ille
646 2853 724 2901 ardor
732 2851 810 2900 hebet.
819 2853 852 2904 Τὸ

339 2933 397 2981 elim
406 2935 491 2992 annis,
505 2950 537 2983 an
549 2934 636 2982 ardori
642 2947 753 3002 3ungere
761 2928 837 2981 malis
844 2967 852 2992 ,

338 3010 376 3062 nil
388 3012 478 3064 refert.
494 3012 548 3064 Nec
561 3010 605 3062 hie
621 3009 731 3063 laudum
745 3027 853 3060 suarum

337 3086 477 3143 immemor
491 3090 574 3142 Pelias
588 3107 594 3141 :
609 3089 720 3161 pristina
732 3105 791 3140 mee
802 3089 854 3140 vir·

336 3177 395 3231 tue,
409 3187 489 3240 qrmm
507 3180 604 3222 norunt
617 3186 725 3229 omnes,
741 3185 796 3220 non
813 3185 852 3219 ex·

339 3248 451 3313 educte,
464 3249 558 3301 obtusa
569 3259 670 3299 tautum
685 3257 733 3297 est.
748 3250 849 3307 Proles,

283 3373 286 3380 ,
338 3327 409 3380 filius
417 3330 538 3389 Acastus,
546 3325 666 3380 noudum
676 3335 793 3376 moturus
803 3325 851 3376 im·

336 3407 412 3478 perio
431 3403 609 3479 capessendo,
629 3403 704 3455 bellis
722 3413 792 3455 terra
808 3421 851 3474 ge·

336 3483 443 3547 rendit,
457 3483 581 3555 periculis
595 3483 662 3535 muri
674 3482 828 3535 tolerandis.

372 3563 416 3617 55.
432 3563 523 3628 Quum
543 3562 624 3632 igitur
646 3579 694 3632 ego
714 3562 793 3614 nimis
813 3582 852 3616 se·

335 3660 402 3704 nex,
413 3641 483 3695 filius
492 3641 569 3695 nimis
574 3643 679 3713 juvenis
688 3643 737 3706 sit,
748 3646 792 3694 tibi
795 3647 852 3710 jam

334 3737 401 3771 curce
420 3724 523 3789 vigeant
541 3725 666 3790 animique
686 3727 786 3783 viriles,
805 3734 850 3784 tu,

335 3798 467 3870 quidquid
479 3800 551 3852 virili
565 3800 654 3854 animo
664 3803 796 3873 coneIpis‚
808 3804 849 3873 ju·

334 3878 415 3930 venili
437 3877 533 3932 ardore
552 3881 737 3954 persequeris,
756 3900 821 3951 ege,
838 3885 849 3932 i

334 3959 416 4010 deeris.
426 3957 462 4025 (V
464 3959 513 4029 irg.
524 3963 534 4010 i
539 3963 624 4022 decus,
636 3963 647 4012 i
652 3976 772 4022 nostrum,
784 3963 845 4013 AEn.

246 4037 254 4050 ‘
332 4036 388 4118 yl,
401 4037 483 4106 546.)
499 4038 605 4093 Pindsr.
616 4040 693 4113 Pyth.
709 4041 759 4103 IV,
775 4059 845 4110 279:

332 4125 390 4172 Αλλ·
398 4115 447 4176 ἤδη
461 4120 492 4192 μὶ
506 4125 604 4194 γηραιὸν
615 4124 684 4194 μέρος
696 4124 790 4185 ἁλικίας
800 4125 846 4195 ἀμ-

333 4201 435 4268 pinsiti·
453 4203 497 4254 Σὸν
516 4198 543 4254 δ’
560 4203 627 4262 ἄνθος
645 4199 708 4263 idac
730 4203 784 4273 ἄρτι
806 4222 846 4256 eu·

331 4278 423 4347 peisti.
441 4278 565 4332 tasonem
581 4277 671 4348 viginti
687 4289 743 4331 tum
761 4295 846 4332 annos

897 2307 988 2348 natum
1003 2298 1099 2364 fuisse,
1115 2299 1184 2352 idern
1195 2299 1275 2354 trudit
1284 2299 1415 2353 Pindarus

899 2375 1011 2438 ibidV,
1026 2379 1084 2442 184.

934 2456 978 2509 56.
991 2461 1089 2508 Pecoris
1099 2461 1218 2526 nepbeiaei
1230 2462 1337 2518 vellera,
1353 2456 1415 2512 vide

897 2533 932 2587 ad
946 2553 1015 2588 vers.
1028 2540 1060 2597 4²
1072 2534 1152 2589 dieta.
1167 2537 1232 2588 Aliis
1244 2536 1324 2588 locis:
1336 2541 1415 2588 aoiioe

894 2617 997 2681 pecudis
1011 2634 1110 2675 arimin,
1122 2615 1191 2678 VII,
1203 2616 1252 2678 54;
1267 2630 1364 2666 aurata
1370 2635 1414 2683 pe-

898 2696 966 2744 cudis
981 2698 1088 2754 exuviae,
1105 2695 1141 2756 V,
1160 2702 1220 2764 49².
1240 2699 1318 2746 Graio
1332 2698 1411 2755 titolo,

898 2769 1009 2835 fornici,
1024 2773 1094 2844 parti
1107 2774 1265 2845 templorum
1277 2793 1414 2828 concame-

897 2861 973 2913 rata,
986 2853 1311 2924 eeujusparietibusdona
1319 2865 1344 2906 et
1353 2871 1412 2925 spo·

897 2928 933 2982 lia
955 2930 1160 3000 suspendebant.
1175 2931 1244 2984 Vide
1266 2933 1354 3004 Heyn.
1376 2932 1412 2986 ed

897 3008 974 3080 Virg.
990 3010 1094 3064 AEneid.
1111 3013 1165 3075 IX,
1181 3012 1241 3075 408.
1257 3015 1351 3072 Redde,
1369 3013 1411 3064 eui

897 3085 1038 3153 debentur,
1049 3090 1165 3144 Groeoiae.

934 3172 977 3238 57.
996 3173 1079 3221 Tantis
1098 3185 1171 3222 temet
1186 3173 1289 3238 dignm
1303 3175 1410 3238 periclis.

896 3248 1012 3318 Iujurius
1025 3250 1053 3300 in
1067 3261 1093 3301 te
1106 3250 1191 3322 ipsum
1205 3267 1289 3312 esses,
1304 3249 1325 3302 si
1342 3250 1410 3304 hanc

895 3327 974 3378 telem
988 3346 1097 3380 summu
1110 3329 1232 3400 periculis
1249 3328 1409 3382 redimendo

895 3407 984 3476 glorie
995 3407 1160 3461 occasionem
1170 3408 1324 3461 dimitteres.
1333 3410 1410 3461 Eam-

895 3484 956 3538 dem
969 3485 1088 3540 dolosam
1104 3488 1251 3542 orationem
1264 3487 1324 3540 ride
1338 3487 1408 3560 apud

895 3564 1062 3640 Pind.1³yth.
1074 3569 1124 3629 IV,
1136 3586 1201 3640 279,
1214 3569 1278 3636 298,
1291 3585 1371 3637 quem
1383 3579 1409 3620 et

894 3644 939 3696 hic
953 3657 979 3698 et
992 3647 1053 3699 alibi
1065 3648 1101 3700 ob
1112 3649 1205 3702 oeulos
1218 3647 1341 3700 habuisse
1351 3647 1406 3699 Va·

895 3723 974 3776 lerius
984 3725 1097 3780 ridetur.

932 3806 975 3857 58.
996 3811 1101 3875 Propior
1120 3805 1229 3858 similior
1243 3808 1354 3874 jubenti,
1377 3816 1408 3858 ut

890 3883 1086 3956 juberemagis,
1094 3903 1175 3958 quem
1184 3883 1300 3938 blandiri
1312 3894 1338 3934 et
1347 3883 1408 3936 hor·

891 3963 941 4015 tari
949 3963 1153 4032 videretur(eliis
1158 3964 1245 4017 verbis
1252 3961 1323 4015 idem
1330 3963 1408 4014 effert

891 4041 973 4095 ovid.
987 4044 1096 4095 Metam.
1108 4046 1151 4108 11,
1167 4046 1228 4114 397,
1237 4046 1350 4111 precibus
1364 4045 1407 4092 mi-

890 4141 935 4173 nas
950 4125 1066 4190 regaliter
1082 4125 1186 4188 addit),
1201 4123 1282 4174 finem
1298 4120 1406 4192 quidem

891 4201 953 4254 feeit
973 4198 1118 4271 loquendi,
1142 4201 1187 4253 sed
1209 4216 1301 4260 certus,
1323 4201 1406 4271 probe

890 4297 1009 4350 gnerus,
1027 4291 1127 4351 quanto
1144 4281 1267 4334 iasonem
1283 4277 1404 4353 periculo
