3226 5114
297 521 300 528 '
362 535 423 602 272
663 515 698 579 C.
723 513 921 578 VALERH
949 515 1120 580 FLACCI

404 647 448 710 Ut
463 644 580 712 deinde
594 662 745 735 urgentes
762 645 878 712 effudit
894 647 1036 712 nubibus
1052 648 1114 710 irae

405 759 628 847 Ardoremque
643 760 720 842 viri,
743 760 908 847 paullatim
928 761 1094 850 insurgere
1110 760 1195 824 fesso

404 877 551 965 Integer,
569 891 601 938 et
617 897 763 939 summos
780 875 930 940 manibus
947 875 1107 940 deducere
1122 891 1245 942 cestus.
1391 898 1428 949 ηε

404 992 461 1055 Ille
477 989 546 1055 dies
559 1013 660 1080 aegros
678 991 790 1080 Amyci
808 991 981 1057 sudoribus
995 1007 1085 1056 artus

404 1107 551 1186 Primus,
568 1121 601 1169 et
617 1106 720 1170 arenti
735 1122 943 1172 cunctantem
960 1105 1041 1170 vidit
1054 1107 1164 1187 hiatu3

403 1220 472 1285 Nee
487 1243 546 1284 sua
561 1218 723 1284 defessum
742 1236 883 1284 noscunt
901 1221 988 1301 loca,
1005 1243 1066 1284 nec
1081 1243 1140 1284 sua
1157 1243 1266 1310 regem

299 1352 302 1358 '
407 1335 561 1425 Agmina,
575 1335 734 1422 respirant
746 1335 860 1416 ambo,
877 1335 1087 1424 paullumque
1104 1349 1269 1423 reponunt

406 1449 555 1529 Brachia,
571 1472 632 1513 ceu
647 1449 796 1536 Lapithas
810 1465 868 1514 eut
882 1450 1014 1514 Paeonas
1028 1472 1158 1538 equore
1172 1450 1206 1516 in
1220 1451 1292 1538 ipso
1391 1469 1428 1508 no

408 1563 496 1627 Dum
511 1564 653 1644 refovet,
672 1561 798 1650 fixaque
811 1563 884 1628 silet
898 1562 1056 1628 Gradivus
1069 1564 1103 1626 in
1120 1563 1220 1628 hasta

450 1677 513 1741 Vix
523 1693 697 1759 steterant,
711 1693 743 1741 et
757 1678 824 1758 jam
842 1700 916 1742 ecce
933 1694 1055 1760 ruunt,
1070 1677 1254 1766 inflictaque
1269 1680 1332 1744 late

405 1791 510 1880 Terga
522 1805 656 1871 sonant3
673 1813 757 1854 nova
773 1792 821 1854 vis
834 1792 970 1872 iterum,
985 1813 1070 1856 nora
1084 1813 1221 1880 corpora
1235 1809 1384 1882 surgunt.

407 1906 505 1970 Hunc
518 1905 636 1994 pudor,
650 1905 741 1968 hunc
759 1921 839 1968 noto
852 1906 918 1986 jam
937 1928 1009 1994 spes
1022 1905 1193 1971 audentior
1208 1907 1303 1972 hoste

406 2010 609 2100 Instimuiat3
625 2020 756 2118 fumant
768 2019 881 2084 crebro
899 2019 1076 2107 precordia
1094 2021 1210 2108 pulsu3
1391 2041 1426 2080 nr

395 2230 449 2292 ²73·
465 2234 582 2291 Ingentes.
600 2231 690 2276 Bonon
709 2228 762 2274 cod.
776 2254 807 2264 -
823 2235 876 2288 ²7⁴·
897 2229 1102 2292 Inrnrgereserro.
1115 2230 1192 2278 Vntic.
1211 2239 1235 2278 et
1247 2234 1338 2278 Borion.
1356 2231 1425 2279 codd.

364 2313 454 2357 Bnucn.
466 2309 477 2354 1
489 2318 512 2353 et
525 2310 554 2355 tt.
568 2310 633 2353 lunt.
649 2305 701 2353 ΔΜ.
717 2332 748 2342 -
764 2307 817 2365 ²7⁵·
834 2307 918 2353 Incitat
934 2317 967 2354 et.
986 2309 1076 2355 Bonon.
1089 2309 1142 2355 cod.
1157 2311 1247 2356 Boncn.
1259 2311 1270 2355 t
1281 2319 1305 2356 et
1315 2311 1346 2356 Il.
1362 2312 1428 2360 lunt.

364 2391 450 2436 Muer.
468 2389 551 2448 Incipit
569 2397 599 2432 ee.
617 2386 671 2432 ntd.
690 2411 721 2422 -
742 2385 796 2432 att.
817 2385 972 2432 Instimulant.
983 2387 1059 2434 vute.
1075 2397 1099 2434 et
1114 2389 1203 2436 bonon.
1220 2387 1291 2435 codd.
1311 2387 1399 2438 Borion
1415 2392 1426 2437 1

363 2477 388 2514 et
402 2469 433 2514 lt.
453 2469 496 2514 lln.

365 2667 468 2729 tendit,
481 2678 507 2719 et
520 2669 634 2726 debiant,
649 2664 769 2738 periculo
783 2663 875 2736 proxi·
919 2665 1042 2739 civesque
1052 2686 1144 2720 omnen
1153 2669 1298 2732 mirantur,
1312 2687 1359 2722 cnr
1371 2682 1426 2722 tan·

366 2765 456 2811 mum,
466 2760 540 2815 eaput
553 2759 606 2796 arte
620 2745 689 2812 eripit
699 2745 819 2804 OEbatia,
833 2741 876 2796 cui
919 2755 976 2797 tum
987 2748 1021 2799 ait
1031 2757 1145 2800 mutatur
1155 2747 1255 2814 abillo,
1266 2767 1346 2821 quem
1355 2740 1427 2802 triten

365 2838 484 2879 netuetue
498 2837 565 2878 eeeet
576 2843 593 2876 a
605 2841 688 2897 puero
704 2841 735 2875 ex
755 2823 876 2895 palestra
920 2835 975 2877 tatu
988 2825 1101 2878 alncrem
1115 2825 1249 2880 vidissent.

366 2906 506 2960 Laconica.
958 2921 1019 2973 ¹79·
1035 2903 1121 2956 Ambo
1133 2905 1273 2976 respirent,
1287 2927 1331 2959 ceu
1342 2909 1429 2958 Gradi-

402 2985 462 3055 ²73·
485 2989 517 3034 IIt
535 2985 749 3050 deindeurgentes
765 2984 816 3032 t'ras
830 3001 875 3032 ar·
921 3003 979 3044 vus,
1002 2983 1092 3046 Mars,
1114 2987 1228 3052 lapithas
1246 3000 1290 3038 ant
1314 2992 1427 3046 Paeonas,

367 3069 500 3132 daremque
521 3065 573 3114 viri
589 3065 688 3113 nubilus
706 3061 811 3134 effudit,
826 3061 878 3114 tevi
922 3063 1069 3115 Centauros
1082 3063 1230 3130 (Centauri
1252 3065 1358 3136 proprie
1383 3085 1428 3136 pe·

365 3143 483 3214 corporis
510 3140 687 3194 declinatione
706 3141 820 3202 lecerat,
850 3151 878 3191 nt
921 3141 998 3193 triam
1009 3140 1126 3193 habuere
1140 3141 1429 3207 Thenatiam;Peonia

364 3219 542 3274 nimisfervidi
550 3231 629 3292 atque
639 3217 729 3290 cupidi
735 3217 878 3271 adversarii
923 3231 1011 3272 autem
1025 3231 1063 3272 eet
1079 3219 1216 3285 Thracia
1232 3221 1278 3275 sed
1294 3233 1431 3294 utramque

367 3302 432 3353 ictuc
444 3301 473 3352 in
485 3300 585 3360 nubes,
595 3310 687 3352 ventos
696 3298 813 3360 obirent,
824 3299 878 3350 iun·
922 3297 1090 3353 confundunt
1107 3311 1191 3371 poetae
1203 3319 1211 3365 ;
1235 3320 1262 3354 v.
1286 3319 1384 3373 enprn,
1397 3303 1430 3364 1,

336 3389 339 3402 ¹
367 3397 483 3450 nemque
500 3377 610 3429 ferirent
624 3395 684 3429 aere
693 3413 700 3438 ,
706 3379 828 3444 paulatim
839 3379 878 3428 in·
924 3379 988 3445 πά),
1007 3396 1120 3445 equore,
1133 3397 1246 3450 eampo,
1266 3383 1291 3430 in
1307 3383 1359 3448 ipsc
1370 3381 1432 3450 reso·

366 3459 546 3528 surgeresesso
558 3461 668 3527 integer,
684 3453 802 3507 nondum
818 3457 878 3509 tati·
923 3470 974 3518 vet,
992 3457 1122 3526 respirare
1131 3457 1257 3528 permittit
1266 3461 1389 3531 ,fixaque
1405 3459 1430 3510 in

365 3551 458 3610 genre,
478 3552 502 3589 et
518 3555 622 3588 summos
637 3538 747 3587 manibus
760 3539 879 3588 dedum
922 3546 1020 3588 terrum
1033 3539 1105 3587 tusca
1115 3539 1183 3597 silet,
1195 3537 1316 3607 quiescit.
1325 3537 1431 3590 —Vide

366 3633 467 3675 ments.
479 3635 494 3667 e
507 3614 622 3667 brachiis
633 3611 756 3667 manibus
769 3615 878 3686 propius
923 3614 958 3668 ad
971 3613 1070 3667 calcem
1082 3614 1162 3688 hujus
1170 3615 1230 3668 libri
1240 3630 1296 3670 not.
1309 3619 1368 3671 280.
1379 3617 1430 3669 En.

367 3695 508 3754 admovet,
522 3711 604 3764 quum
622 3693 759 3763 hucusque
778 3693 814 3744 nil
829 3689 878 3745 nisi
961 3694 1020 3746 283.
1039 3698 1111 3744 Nova
1129 3697 1169 3744 cis
1182 3698 1281 3758 irenam,
1299 3717 1363 3747 nova
1377 3717 1431 3747 corr·

368 3777 403 3827 ab
418 3774 521 3845 impetu
538 3773 633 3843 Amyci
656 3791 684 3824 ee
699 3772 877 3834 defendisset,
918 3792 983 3842 pora
991 3787 1108 3840 surgunt,
1119 3791 1218 3826 novum
1226 3777 1308 3828 robur
1316 3776 1432 3828 infusum

364 3859 421 3928 jnm
432 3853 486 3920 ipse
498 3851 627 3904 incessere
638 3861 725 3922 parat.
858 3913 860 3918 Ι
924 3852 1036 3905 videtur.
1057 3857 1144 3913 Hunc,
1165 3854 1315 3926 Amycum,
1336 3859 1430 3923 pudor,

405 3931 526 4003 ¹76.Hic
546 3929 601 3983 dien
622 3931 722 4001 primun
744 3929 810 3991 tuit,
833 3929 879 3999 qui
924 3935 1002 3992 lune,
1023 3927 1173 3995 Pollucem,
1199 3947 1255 3983 noto
1270 3935 1327 4000 jam
1349 3937 1431 3998 hoste,

368 4015 497 4083 Amycum
506 4007 643 4062 sudantem
650 4007 759 4070 videret,
770 4023 793 4059 et
801 4012 880 4060 arenti
925 4027 1004 4080 quem
1015 4009 1115 4062 nonita
1128 4009 1304 4081 periculorum
1314 4010 1433 4063 animad-

367 4103 519 4142 cunetantem
530 4091 610 4148 liant,
627 4089 695 4140 eicco
706 4099 812 4158 gutture
823 4087 880 4140 len·
925 4099 1053 4154 verterat,
1070 4109 1124 4156 spes
1142 4094 1272 4142 audentior
1283 4093 1431 4150 instimulat,-

368 4183 437 4222 turn.
446 4173 499 4220 Nec
507 4186 552 4216 sua
561 4169 681 4246 defessrem
693 4182 797 4218 noscunt
806 4172 878 4226 locu,
918 4171 1035 4237 firmant,
1056 4180 1180 4233 aeetunnt,
1200 4174 1281 4222 crebro
1296 4173 1434 4239 praeeorrlic
1448 4165 1451 4172 ⁴

369 4269 415 4300 nec
435 4267 480 4298 sua
494 4265 575 4314 regem
598 4249 715 4314 agmina,
734 4257 787 4296 tota
807 4247 880 4316 regio
920 4253 992 4316 pulsu
1007 4259 1142 4300 caestuurn.
