3196 5120
398 479 788 549 ARGONAUTICON
816 485 901 550 ΜΒ.
928 487 994 550 111.
1165 483 1225 550 205

208 616 357 694 Eminet;
374 611 483 694 hunc,
499 612 619 676 crebris
637 614 784 700 quatiens
800 615 994 705 singultibus
1010 638 1083 695 ora,

207 733 332 799 Allevat
348 727 540 810 AEsonides,
555 729 705 816 celsoque
722 731 850 817 reponit
867 730 901 818 in
920 748 1018 796 ostro.

193 848 273 910 ‘Dat
289 844 390 932 pictas
410 865 490 906 auro
507 858 602 930 atque
619 842 768 908 ardentes
785 845 908 909 murice
924 862 1043 925 vestes,
1189 866 1226 910 uo

116 971 121 976 '
210 962 299 1044 Quas
317 959 425 1047 rapuit
442 958 512 1022 telis
527 958 644 1024 festina
660 958 851 1023 vocantibus
868 961 983 1024 austris

210 1074 406 1163 Hypsipyle3
423 1073 544 1161 galeam
563 1072 743 1161 dilectaque
761 1074 890 1162 cingula
905 1076 973 1163 regi

209 1189 331 1272 lnjicit;
348 1189 418 1268 ille,
432 1209 523 1252 suam
541 1189 667 1253 vultum
686 1211 860 1254 conversus
879 1189 920 1253 ad
935 1190 1067 1272 urbem,

209 1302 340 1391 Sceptra
359 1325 458 1366 manu
472 1319 618 1368 veterum
637 1305 754 1370 retinet
769 1320 933 1392 gestamen
950 1328 1095 1370 avorum.
1183 1361 1186 1366 .

209 1421 291 1483 Nam
310 1419 385 1505 quia
404 1440 464 1481 uec
481 1399 603 1505 proies,
619 1419 699 1483 alius
716 1441 776 1483 nec
790 1417 930 1506 denique
948 1420 1093 1508 sanguis,
1190 1439 1228 1484 us

209 1505 282 1621 ipse
300 1532 399 1596 decus
417 1530 573 1619 regnique
590 1531 688 1596 refert
704 1533 830 1620 insigne
846 1534 982 1621 paterni.

209 1647 290 1725 Inde
306 1663 354 1712 ter
368 1660 506 1710 armatos
520 1645 640 1734 Minyis
654 1647 870 1712 referentibus
887 1648 997 1730 orbes,

210 1761 366 1827 Concussi
385 1776 546 1824 tremuere
564 1760 654 1848 rogi;
671 1776 720 1824 ter
735 1761 898 1826 inhorruit
913 1761 1031 1843 aether,

210 1873 401 1941 Luctificum
420 1875 586 1962 clangente
603 1874 699 1955 tuba5
718 1872 824 1954 jecere
841 1897 994 1962 supremo

210 1992 295 2053 Tum
310 1989 449 2052 clamore
464 1987 564 2052 faces:
580 2010 688 2051 rerum
701 1987 793 2052 labor
806 1989 911 2052 omnis
928 1990 961 2052 in
979 2012 1074 2054 auras
1188 2013 1226 2052 ³⁵0

199 2211 251 2264 341.
263 2207 451 2257 nominee.
461 2217 485 2252 ct
497 2209 586 2253 Bonum
601 2206 670 2253 codd.
686 2208 776 2254 Bonon.
788 2208 807 2251 1.
820 2209 918 2255 Μίνω.
927 2207 1018 2254 Bonou.
1033 2209 1055 2254 n
1071 2225 1124 2256 curn
1142 2211 1228 2258 Sabell.

167 2293 283 2336 Formosa.
292 2291 356 2337 lunt.
370 2289 421 2335 tid.
438 2289 512 2335 Colin.
523 2291 621 2336 resuta.
632 2291 693 2335 Beue
707 2290 771 2335 Cirr.
782 2289 836 2336 cod.
849 2315 880 2324 -
895 2290 948 2344 342.
958 2291 1042 2352 Regni.
1052 2291 1127 2338 endu.
1139 2299 1163 2338 et
1172 2291 1225 2339 cdd.

168 2379 252 2430 preter
261 2371 317 2418 Bon.
333 2370 362 2414 11.
379 2394 409 2404 -
427 2368 480 2421 343.
494 2367 582 2415 Vultus.
600 2367 675 2414 codd.
687 2376 711 2414 et
724 2367 778 2413 edd.
788 2376 841 2413 aute
850 2367 929 2414 Heius.
944 2394 974 2403 -
985 2369 1039 2424 346,
1050 2369 1165 2416 Parentis.
1174 2373 1227 2418 Vct.

167 2457 191 2493 et
209 2451 267 2494 Bou.
282 2446 352 2494 codd.
367 2450 432 2492 tunt.
447 2447 497 2492 Col.
507 2448 683 2508 Parcarumque.
697 2445 750 2491 tlt.
765 2461 794 2492 ex
812 2446 852 2492 Pio
869 2447 910 2507 qui
925 2447 993 2492 etium
1006 2451 1098 2509 paterni
1109 2449 1187 2495 habet.
1198 2476 1228 2484 -

168 2525 222 2587 347.
239 2527 298 2573 Inde
309 2541 360 2590 per.
375 2525 449 2572 Codd.
467 2525 556 2570 Bonon.
573 2525 584 2572 1
603 2535 626 2572 et
641 2525 670 2570 11.
685 2525 749 2570 Junt.
770 2527 821 2570 Ter.
839 2528 890 2570 er
901 2525 984 2586 Egnut.
995 2525 1064 2581 Pius,
1077 2529 1159 2574 Macer.
1177 2527 1229 2575 Ald.

170 2607 269 2668 Engeut.
279 2615 323 2653 etc.
332 2613 356 2652 et
366 2607 454 2652 Bouou.
464 2604 517 2650 cod.
528 2619 572 2665 pro
583 2604 646 2650 reris
655 2604 763 2651 lectione.
779 2630 809 2639 —
821 2605 874 2651 350.
885 2607 940 2650 Cum
949 2603 1054 2653 clamore.
1064 2605 1128 2653 Carrss
1142 2607 1184 2652 En.

169 2823 230 2879 net,
243 2828 322 2883 quem
332 2811 411 2863 Juson
422 2808 477 2880 ipse
487 2849 495 2874 ‚
507 2810 595 2860 crebris
613 2827 677 2876 quc·
757 2808 817 2878 347.
831 2812 895 2860 Inde
903 2824 939 2860 ter
948 2823 1055 2861 amentor
1067 2814 1157 2877 Minyis
1166 2813 1227 2881 rese·

168 2895 230 2942 dens
243 2893 385 2959 singultim
396 2908 456 2950 ora,
468 2887 587 2940 dolorem
597 2887 677 2958 gemi-
721 2890 824 2940 nutibus
837 2891 918 2950 orbes,
934 2899 974 2942 ter
991 2887 1114 2942 eumdem
1137 2892 1228 2944 orbem

170 2981 199 3022 tu
215 2982 242 3024 et
255 2970 378 3040 iacrymis
392 2969 464 3039 large
476 2966 617 3020 fluentibus
630 2964 676 3018 de·
721 2967 913 3037 repetentibus,
936 2966 1007 3019 circa
1020 2987 1114 3039 rogum
1131 2967 1227 3022 decur-

169 3051 274 3104 clarans
285 3085 294 3112 ,
304 3053 369 3100 celso
379 3050 472 3115 reponit
481 3049 506 3098 in
522 3059 601 3105 osce,
612 3063 678 3115 rogo
720 3045 856 3108 rentibus,
870 3044 942 3116 quod
962 3057 987 3097 et
1006 3047 1129 3100 Romanis
1139 3047 1168 3098 in
1177 3067 1229 3102 usu

172 3129 285 3191 elatiori,
294 3145 427 3200 purpureo
434 3125 563 3179 velamine
574 3137 677 3178 ornatu.
723 3123 772 3176 tuit
790 3123 900 3195 (virgil.
910 3127 971 3177 AEn.
983 3124 1038 3190 XI,
1051 3127 1114 3188 188,
1125 3132 1171 3177 Ter
1184 3131 1229 3178 cir·

206 3208 270 3272 340.
280 3213 332 3258 Dat
341 3221 435 3266 vestes,
448 3225 510 3274 quas
521 3208 572 3258 telis
582 3206 679 3273 festina
723 3223 776 3256 cum
789 3222 905 3256 accensos
919 3207 991 3257 cincti
989 3205 1141 3273 fulgentibus
1154 3210 1228 3258 amris

171 3301 296 3356 rapuerat,
308 3287 451 3338 vocantibus
473 3288 576 3345 mois,
594 3287 680 3352 Hypsi·
722 3287 855 3341 Decem
873 3301 961 3352 argos,-
977 3283 1228 3354 Apollon.1,1o59:

168 3371 241 3433 pyie,
253 3383 319 3437 quas
336 3365 381 3417 vix
394 3365 429 3418 oh
446 3365 560 3418 subitum
574 3365 677 3417 Jasonis
722 3366 772 3434 τρὶς
788 3364 843 3434 περὶ
855 3365 974 3432 grauiore
988 3365 1029 3416 σὺν
1049 3367 1145 3434 raigeri
1158 3361 1226 3422 disn-

172 3445 273 3498 abitum
285 3444 421 3498 abmlvere
433 3455 552 3514 potuerat
563 3447 678 3513 :garama
721 3445 800 3504 θίντις
812 3442 897 3515 eripio
909 3441 1087 3515 ἱνικτιρΐιξαν)
1098 3482 1107 3510 ,
1118 3447 1231 3498 concussi

169 3543 243 3590 perro
259 3523 679 3594 dilectaquc‚quaecarissi1nalm·
722 3522 809 3574 sonitu
827 3521 925 3594 pedum
953 3536 1067 3573 nemum
1086 3525 1158 3590 rogi;
1171 3533 1227 3575 tum

172 3603 246 3656 beret
257 3641 266 3666 ,
278 3607 378 3672 cingula
393 3621 459 3674 rogo
472 3607 555 3672 injicit
716 3603 890 3671 jeccrcsacer,
901 3599 1074 3654 incenderunt
1083 3619 1160 3672 rogos
1169 3639 1177 3665 ,
1187 3621 1227 3652 su·

209 3683 269 3746 343.
286 3685 338 3736 Rex
354 3701 417 3736 vero
435 3682 489 3752 ipse
504 3682 579 3734 vultu
590 3680 624 3734 ad
636 3701 679 3734 ur·
718 3685 934 3748 pratrocinium,
950 3697 1011 3732 cum
1019 3679 1110 3732 ultima
1123 3681 1228 3734 concle-

173 3762 233 3814 bem
244 3779 371 3815 converso
380 3763 479 3832 jacuit,
493 3779 574 3814 manu
582 3770 684 3831 gestans
726 3760 855 3822 matioue,
866 3759 977 3812 anione
992 3760 1019 3812 in
1028 3759 1108 3825 uitam
1122 3759 1232 3812 redituri

174 3852 308 3911 sceptrum
329 3841 439 3894 avitum.
464 3841 531 3893 Num
557 3839 683 3911 quoniam
727 3838 892 3892 sintmortui.

174 3937 223 3972 nec
229 3925 325 3987 protes,
339 3920 407 3972 filius
418 3958 425 3985 ,
439 3939 485 3970 nec
494 3921 557 3971 alius
568 3919 681 3986 sanguis,
762 3915 822 3970 350.
833 3922 918 3968 Itemm
929 3919 998 3968 tator
1009 3920 1096 3968 omnis.
1105 3917 1232 3970 Burman·

174 4010 301 4069 cognatus
312 4011 442 4071 superstet
463 4010 520 4061 est,
539 4000 591 4066 ipse
610 4002 683 4050 decus
726 4013 776 4048 uus
785 4012 848 4047 curn
859 3994 992 4048 Grunorio
1001 3995 1073 4048 malit
1081 4015 1166 4065 regum
1176 3996 1195 4050 i.
1205 4015 1230 4047 e.

171 4083 269 4146 paterni
292 4083 383 4148 regni,
406 4090 562 4150 sceptrum,
587 4079 677 4146 refert,
725 4076 955 4146 Argonautarum:
969 4093 1017 4146 ego
1025 4093 1087 4127 vero
1095 4074 1230 4136 uilicum,

175 4169 274 4228 gestat,
292 4157 342 4210 fert
357 4175 458 4220 secum,
478 4155 556 4228 (gall.
567 4171 681 4225 remporte
724 4152 817 4225 quidni
827 4153 898 4206 enim
910 4154 1101 4224 interpreteris:
1120 4173 1161 4206 res
1173 4171 1230 4204 onr-

175 4255 234 4286 αντε
247 4240 290 4288 lui.
305 4236 375 4303 En.)
725 4251 772 4285 nes
782 4233 865 4285 multo
875 4250 935 4284 curu
948 4232 1038 4284 labore
1050 4243 1176 4302 congestu
1186 4272 1193 4297 ,
1204 4231 1232 4282 li·
