3192 5128
351 425 357 430 ²
431 478 638 550 sucoso
673 445 932 547 enuntio.
1073 501 1076 508 ·
1113 501 1221 548 rxm

126 607 312 696 leguntur,
328 609 388 696 qui
404 624 482 674 ante
502 608 588 672 banc
608 619 735 672 aetatem
757 605 903 672 decessit.
929 607 1013 674 Nam
1030 608 1219 690 Lucanum,

126 727 164 776 et
185 713 214 777 si
231 714 368 795 juvenis
384 714 491 803 periit,
503 735 595 778 xxvu
608 735 732 778 annum
744 713 915 778 excessisse
928 711 1136 778 manifestum
1155 730 1218 798 θεῖς

126 841 175 882 an
190 840 275 884 vero
296 819 352 885 ille
371 819 451 884 huic
465 817 714 908 anteponendus
727 819 786 900 sit,
800 841 871 882 earn
886 817 1152 884 deliberationem
1165 821 1219 885 hic

125 925 265 992 omitto.
278 925 437 992 Martialis
451 943 538 992 certe
548 974 558 1008 ,
570 927 628 1015 qui
640 926 719 991 huic
734 942 849 990 nostro
862 926 1074 991 amicissimus
1088 927 1169 1010 fuit,
1185 944 1219 993 et

127 1033 228 1112 cujrrs
243 1032 379 1098 adeum
391 1034 478 1098 varia
491 1047 617 1098 exstant
632 1032 881 1123 Epigrammata,
900 1033 1051 1116 materia,
1065 1033 1217 1099 carminis

128 1139 260 1204 heroici
276 1140 450 1229 gravitate,
468 1155 501 1204 et
512 1154 683 1205 venustate
697 1139 872 1228 (praetereo
886 1139 1005 1228 linguas
1019 1135 1215 1227 puritatem,

133 1269 209 1332 quae
224 1261 300 1310 turn
309 1246 466 1334 paulatim
479 1245 703 1333 inficiebatur)
714 1244 828 1310 cedere
839 1243 979 1334 cogitur,
989 1267 1093 1333 quum
1106 1260 1216 1310 tamen

133 1352 287 1416 Valerius
297 1368 330 1416 et
341 1353 376 1416 in
388 1351 527 1440 reipubl.
539 1351 677 1442 negotiis
689 1366 877 1440 occupatus,
890 1367 923 1415 ct
935 1350 1215 1439 quemadmodum

134 1481 174 1521 ex
189 1458 306 1522 mtdtis
318 1458 517 1548 colligimus,
536 1459 653 1526 consul
666 1458 784 1523 fuerit:
799 1479 871 1546 quae
885 1457 996 1522 omnia
1012 1479 1080 1522 non
1097 1480 1213 1547 parum

135 1561 325 1627 studiorum
342 1564 460 1628 rationi
477 1562 637 1629 officiunt.
655 1565 816 1638 Caetemna
833 1585 902 1627 non
924 1579 974 1627 est
992 1562 1083 1650 quod
1098 1585 1213 1651 quern·
1286 1633 1289 1640 ,

28 1668 30 1681 “
136 1692 235 1756 quarn
263 1685 395 1734 moveat
415 1669 512 1734 Plinii
532 1669 675 1736 Secundi
696 1669 779 1734 illud
793 1666 943 1750 dictum,
965 1669 1133 1758 Quidquid
1148 1693 1214 1733 non

27 1772 29 1792 ¹
137 1789 180 1840 est
184 1789 377 1865 peractum,
395 1778 425 1840 si
427 1778 619 1865 posteritatis
635 1777 790 1840 rationem
806 1758 995 1856 babeamrls,
1005 1797 1069 1864 pro
1088 1799 1152 1839 non
1164 1779 1212 1840 in·

28 1878 31 1922 ³
138 1883 249 1947 cauato
269 1895 336 1962 est,·
355 1903 433 1946 nam
451 1883 479 1946 si
492 1883 626 1947 canonis
643 1882 787 1972 vigorem
801 1881 921 1946 habere
934 1881 1114 1969 patiamur,
1129 1881 1211 1946 cedo

138 1984 279 2071 aliquem
291 1999 456 2048 oratorem
470 1999 526 2047 aut
538 1999 685 2072 poetam,
697 2005 795 2071 quern
806 1983 912 2072 legere
921 1981 1121 2070 etsuffragio
1134 2005 1211 2046 nos·

29 2085 38 2143 '.
138 2105 183 2152 tro
194 2087 350 2169 adjuvare
361 2087 537 2153 debeamus
549 2111 557 2153 :
569 2088 609 2152 de
621 2087 740 2153 Graecis
750 2087 831 2152 nibil
843 2085 963 2152 dicam:
978 2087 1210 2152 interLatinos

28 2194 29 2210 ¹
137 2217 208 2259 sane
218 2197 412 2278 Lucanum,
428 2211 478 2276 et,
496 2195 589 2276 cujus
602 2195 727 2276 jacmra
739 2195 842 2275 major
852 2211 918 2278 est,
932 2195 1035 2282 ipsam
1049 2192 1207 2276 AEneida,

137 2324 205 2389 quae
227 2322 366 2366 omnem
384 2300 515 2366 Graeciae
537 2302 656 2366 sasmm
674 2299 837 2383 retundit,
862 2321 903 2364 ne
920 2299 1057 2388 quidde
1075 2301 1207 2388 reliquis
1280 2351 1287 2370 ,

29 2444 32 2465 ν
136 2406 267 2491 addam,
287 2409 492 2490 amittemus3
518 2407 575 2472 sed
592 2406 633 2471 de
649 2407 700 2471 his
719 2407 816 2471 nimis
833 2408 945 2471 multa.
965 2408 1010 2470 Ut
1025 2407 1124 2496 igitur
1146 2406 1205 2470 ali-

137 2513 266 2599 quando
284 2535 421 2577 manum
439 2536 458 2577 a
475 2513 605 2596 tabula,
631 2528 669 2577 ut
681 2513 734 2578 ille
753 2512 897 2595 dicebat,
911 2511 1113 2592 dimoveam,
1131 2512 1204 2598 qui-

30 2658 32 2699 ,
135 2619 241 2683 bruris
257 2619 383 2708 iniquis
398 2620 514 2683 harum
532 2641 644 2684 rerum
665 2619 932 2699 aestimatoribus,
947 2619 1054 2683 solum
1073 2618 1205 2700 Quinti·
1291 2703 1294 2708 Ι

29 2730 30 2737 ’
134 2723 254 2789 liannm
270 2747 424 2814 oppono,
447 2725 613 2790 dolentem
631 2725 776 2814 linguam
796 2725 929 2788 latinam
951 2724 1086 2788 multum
1110 2725 1204 2813 hujus

28 2894 29 2907 ,
132 2832 304 2895 timnaurra
319 2845 420 2918 morte
427 2830 602 2920 perdidisse
606 2855 619 2911 ;
637 2830 730 2910 cujus
743 2829 902 2910 judicium
921 2829 1009 2917 apud
1026 2852 1080 2893 me
1101 2830 1203 2916 pluris

26 2944 27 2957 ¹
133 2952 306 3024 est,quam
317 2938 493 3001 multarunt
502 2937 723 3002 centuriarum
735 2935 976 3000 comitia2adeo
987 2951 1084 3023 poeta
1094 2951 1204 2998 noster

132 3041 297 3124 doctrina,
316 3044 491 3132 elegantia,
514 3059 546 3108 et
570 3043 704 3132 ingenio
727 3065 863 3108 suorum
880 3058 1066 3130 temporum
1088 3063 1203 3106 omnes

26 3177 27 3211 t
132 3149 303 3236 superarit.
333 3149 418 3214 Hinc
438 3149 480 3213 ad
502 3165 552 3230 te,
576 3151 626 3213 vir
640 3149 854 3237 amplissime,
872 3169 970 3236 quem
996 3148 1202 3236 potissimum

130 3252 228 3335 hujus
247 3252 356 3342 operis
378 3269 553 3342 munuum
573 3253 696 3343 delegi,
716 3275 768 3316 me
790 3269 991 3336 convertam,
1016 3276 1084 3318 non
1112 3254 1202 3342 quod

25 3385 27 3442 j
130 3358 239 3454 laudes
253 3375 326 3423 tuas
339 3359 395 3424 bic
409 3383 577 3424 recensere
595 3360 722 3426 decrevi
736 3382 744 3423 ε
759 3359 938 3424 absurdum
953 3360 1041 3425 enim
1055 3359 1202 3424 videatur

25 3449 27 3548 s
132 3465 290 3545 majorum
317 3481 467 3548 tuorum,
486 3487 627 3555 quorum
651 3467 804 3554 frequens
828 3467 863 3530 in
891 3467 1009 3531 nostris
1030 3467 1202 3531 annalibus

25 3553 27 3626 l
131 3572 252 3635 mentio
268 3586 332 3654 est,
347 3573 498 3659 praeclarc
516 3571 599 3636 facta
614 3587 681 3636 tam
697 3587 836 3663 angusto
854 3573 927 3636 loco
944 3589 1156 3661 pertractare,
1171 3587 1204 3636 et

132 3692 166 3740 tu
180 3677 335 3742 omnibus
353 3678 531 3761 notiores,
557 3700 654 3767 mmm
671 3694 709 3742 ut
729 3678 908 3766 quidquam
924 3678 1031 3743 dicere
1048 3678 1200 3761 debeam,

132 3765 188 3844 nisi
202 3782 302 3846 velim
315 3782 378 3846 soli
391 3783 576 3865 lucernam,
592 3782 683 3871 quod
703 3784 812 3867 aiunt3
830 3783 887 3848 sed
898 3782 990 3871 quod
1001 3783 1082 3848 illud
1095 3807 1201 3848 unum

131 3886 187 3951 hac
209 3889 245 3951 in
268 3888 416 3976 epistolas
440 3905 531 3977 parte
552 3889 735 3979 rogandum
757 3912 826 3956 esse
848 3907 881 3954 te
905 3891 1060 3973 arbitror,
1078 3907 1115 3954 ut
1136 3913 1202 3979 quo

130 3993 234 4058 animo
248 3993 416 4059 studiosos
430 4017 543 4061 omnes
559 3997 710 4083 amplecti
721 3997 821 4072 soles,
836 3995 951 4061 eodem
968 3998 1200 4060 munusculum

130 4098 212 4170 istud
233 4101 276 4165 ab
296 4099 432 4166 homine
452 4101 499 4165 tui
518 4101 756 4168 studiosissimo
774 4104 961 4190 profectum
979 4102 1149 4189 suscipias,
1168 4117 1201 4163 et

129 4226 187 4287 me,
197 4207 335 4287 utfacis,
345 4227 443 4274 ames.
456 4207 588 4273 Lovanii
598 4255 607 4291 ,
618 4229 708 4273 nono
718 4207 779 4272 kal.
791 4210 900 4274 octob.
913 4231 1000 4274 anno
1011 4229 1180 4273 esorounv.
