3196 5120
400 515 794 582 ARGONAU'rlcON
821 519 906 584 LIB.
931 520 977 583 ll.
1160 519 1219 583 153

198 647 239 711 Et
253 647 369 710 tacitus
386 645 509 734 pudor;
523 663 557 711 et
572 670 684 710 rursus
697 648 868 736 pallescere
881 651 982 740 virgo.

198 761 332 842 Projicit
346 784 434 826 arma
450 785 567 846 manu,
581 763 732 850 scopulos
748 763 917 851 vicinaque
934 787 1007 829 saxa

199 877 358 965 Respicit,
376 892 408 941 et
424 893 584 964 quantum
597 878 701 942 ventis
719 877 828 958 adjuta
843 895 984 944 vetusuu

200 991 371 1079 Impulerit
383 991 517 1078 pontive
532 991 654 1080 fragor,
670 1008 796 1056 tantum
810 991 948 1057 abscidit
960 987 1025 1056 imi¹

200 1109 397 1172 Concutiens
415 1131 432 1172 a
449 1107 525 1174 sede
543 1111 649 1174 maris.
671 1111 807 1198 lamque
824 1110 953 1198 agmine
966 1126 1037 1175 toto
1184 1131 1222 1171 πο

200 1224 311 1288 Pistris
326 1222 430 1300 adest,
444 1224 632 1311 miseretque
647 1224 750 1288 inhiat
761 1225 825 1304 jam
842 1225 990 1312 proxima
1004 1226 1128 1314 praedae.

199 1340 269 1404 Stat
284 1337 398 1403 mediis
416 1338 517 1402 elatus
531 1338 639 1425 aquis,
659 1339 838 1427 recipitque
851 1355 1001 1404 ruentem

201 1453 345 1534 Alcides,
361 1477 503 1542 saxoque
516 1454 606 1543 prior
623 1457 786 1545 surgentia
801 1455 883 1519 colla

200 1569 337 1650 Obruit,
350 1569 428 1632 hinc
440 1584 546 1632 vastos
563 1566 680 1632 nodosi
695 1569 822 1632 roboris
838 1567 921 1633 ictus

201 1683 434 1774 Congeminat:
451 1681 568 1747 lluctus
587 1683 730 1748 defertur
750 1684 856 1748 bellua
872 1685 905 1747 in
928 1685 1029 1764 imos,
1185 1689 1238 1740 ns·

200 1801 268 1864 lam
288 1800 364 1865 tutis
377 1800 519 1864 resoluta
533 1797 637 1880 vadis3
651 1799 799 1886 Idaeaque
815 1813 937 1881 mater,

201 1915 243 1978 Et
255 1914 392 1990 chorus,
405 1928 439 1978 et
451 1913 586 1976 summis
602 1912 770 1976 ulularunt
782 1913 918 1978 collibus
932 1935 1052 1978 amnes.

201 2029 355 2094 Protinus
371 2050 389 2093 e
404 2029 562 2116 scopulis,
580 2044 613 2092 et
625 2050 724 2116 opaca
737 2028 818 2122 valle
834 2045 1009 2119 resurgunt

201 2145 368 2221 Pastores,
385 2145 575 2232 magnisque
593 2157 710 2232 petunt
728 2143 922 2208 clamoribus
940 2143 1066 2209 urbem.

189 2343 241 2390 ⁵31.
257 2343 300 2388 llic
317 2357 396 2389 versus
411 2343 477 2389 abest
491 2359 505 2388 a
521 2346 578 2390 Bon.
593 2343 646 2390 cod.
658 2369 689 2378 -—
704 2343 757 2391 535.
775 2344 856 2392 tettae
876 2345 940 2390 deest
955 2343 981 2389 iu
997 2343 1050 2390 eod.
1060 2344 1114 2390 Vnt.
1132 2343 1223 2390 ructus

155 2437 255 2486 praceps
262 2422 363 2484 des‘ertm
372 2425 396 2468 in
403 2425 467 2468 imos.
481 2425 571 2469 Boron.
585 2422 637 2469 cod.
649 2425 738 2469 bonon.
751 2425 761 2468 l
776 2433 801 2470 et
811 2425 841 2469 ΙΙ.
851 2425 916 2469 tunt.
926 2422 979 2470 Ald.
988 2425 1032 2470 En.

159 2623 220 2668 rut,
236 2605 285 2667 ΙΙΙ,
297 2622 314 2672 9
326 2622 333 2656 ι
347 2608 470 2672 absumpto
479 2609 562 2675 jacttts
574 2607 662 2673 spatio.

195 2685 256 2738 ⁵25.
271 2687 359 2736 Fremit
373 2684 407 2736 ob
420 2684 525 2736 irritum
537 2695 666 2755 coptum,

157 2765 279 2831 tacitoque
286 2767 382 2833 pudore
391 2762 511 2834 tangitur
522 2761 649 2814 Hercules
658 2778 666 2824 ;

160 2841 247 2894 denuo
268 2841 375 2905 tremit,
397 2840 517 2912 pallescit
540 2839 666 2894 Hesione.

159 2920 243 2974 Aliam
253 2921 334 2992 igitur
342 2922 413 2975 riam
423 2920 501 2974 heros
511 2919 669 2991 ingreditur,

158 2999 264 3074 projicit
278 3019 369 3065 mma,
382 3004 501 3069 proxima
513 3019 581 3051 saxa
593 3003 669 3068 respi-

159 3084 206 3140 cit,
221 3079 331 3144 lustrat,
345 3091 371 3132 et
389 3094 507 3148 quantum
522 3083 604 3131 uenus
618 3084 667 3130 ad·

154 3163 210 3230 juta
226 3173 351 3220 nemetae,
367 3159 492 3231 temporis
508 3157 668 3212 diuturnitas

151 3237 343 3293 'accedentibus
352 3237 563 3308 tempestatibus,
569 3243 669 3306 pontive

151 3319 256 3388 firtgor,
269 3315 365 3370 fluctus
377 3317 458 3370 maris
467 3355 475 3380 ,
485 3319 618 3386 impulerit,
630 3317 669 3370 la·

161 3397 346 3462 belactaverit,
362 3411 456 3448 tantum
477 3399 509 3446 ab
529 3398 571 3446 imi
592 3400 668 3447 maris

159 3483 216 3530 sede
234 3480 374 3528 concutiens
386 3479 502 3537 abscidit,
519 3474 545 3526 vi
559 3475 668 3529 abrum-

159 3558 198 3629 pit
211 3573 344 3610 saxorum.

195 3637 256 3706 ⁵²9·
269 3637 383 3706 Jamque
404 3637 504 3702 agmine
522 3648 570 3684 toto
593 3633 669 3686 volu·

159 3714 260 3768 minum
278 3732 387 3767 suorum
409 3717 482 3764 adest
490 3715 572 3780 pistris
587 3713 670 3784 (pro-

159 3794 217 3864 prie
225 3794 370 3846 maximum
381 3793 460 3844 maris
469 3789 549 3843 indici
559 3791 668 3854 animal,

160 3883 225 3925 teste
233 3867 319 3925 Plinio
328 3910 336 3935 ‚
346 3871 414 3924 llist.
425 3881 480 3924 nat.
492 3871 537 3933 11,
549 3877 565 3934 q
577 3869 669 3922 :dein-

160 3951 193 4006 de
205 3951 240 4004 de
252 3950 347 4024 quavis
357 3951 446 4005 bellua
458 3949 578 4014 marina,
597 3970 625 4002 v.
643 3969 669 4002 c.

161 4030 195 4083 de
202 4030 373 4102 ScyllaVirg.
383 4033 443 4082 AEn.
455 4031 511 4095 Ill,
523 4037 585 4098 427,
596 4047 671 4081 usur·

161 4111 249 4180 patur)
259 4112 400 4177 miseriaque
408 4112 486 4161 beliat
491 4111 547 4178 jam
553 4112 670 4178 proxima

158 4189 261 4255 prendre.

198 4270 258 4322 532.
279 4275 332 4318 Stat
352 4273 435 4320 inediis
455 4274 531 4320 elates
558 4268 583 4320 lu
605 4287 670 4340 rupe

710 2609 795 2672 aquis,
809 2604 956 2676 excipitque
966 2603 1110 2656 irruentem
1123 2601 1223 2653 Hercu·

711 2683 766 2747 les,
787 2701 850 2736 saxo
868 2694 979 2754 occupat
998 2685 1076 2751 prior,
1099 2695 1123 2732 et
1147 2683 1226 2731 obneie
1285 2673 1289 2683 '

712 2766 837 2830 surgentia
857 2766 935 2823 colla,
960 2761 1022 2814 binc
1041 2759 1157 2832 repetitis
1175 2777 1223 2810 no·

712 2840 782 2894 dosse
800 2858 912 2912 quercus
934 2841 1028 2893 ictibus
1045 2840 1159 2892 belluam
1175 2837 1222 2891 de·

713 2918 796 2972 trudit
812 2920 840 2972 in
859 2920 942 2973 imum
963 2938 1049 2983 mare,
1067 2928 1098 2970 ut
1115 2921 1222 2969 resoluta

712 3011 909 3052 mortuatotum
918 3017 1008 3070 aequor
1016 3007 1136 3068 occupet,
1144 2999 1225 3063 Idaea-

714 3099 761 3147 que
769 3093 848 3130 mater
857 3078 971 3152 Cybele,
983 3089 1008 3130 et
1019 3080 1105 3129 ebonis
1110 3115 1119 3138 ,
1129 3075 1223 3139 thiasi,
1268 3140 1272 3147 Ι

712 3170 738 3211 et
759 3161 858 3209 sardinis
881 3159 979 3210 collibus
999 3176 1098 3217 amnes,
1120 3156 1223 3218 fontes,

712 3239 841 3310 Nymphas
849 3241 971 3290 ulularent
980 3254 1032 3308 prae
1039 3233 1223 3307 gaudio.Nam

714 3321 822 3379 ululare,
842 3327 871 3370 ut
888 3316 973 3370 Graeei
994 3317 1123 3382 ὀλολύζειν,
1143 3315 1223 3367 etiam

714 3397 748 3450 de
764 3398 822 3450 laeto
843 3395 931 3450 sonitu
952 3394 1039 3448 Latini
1062 3411 1129 3465 saepe
1147 3393 1225 3446 adbi-

713 3477 786 3530 bent.
809 3476 900 3528 Unum
919 3474 1007 3528 locum
1026 3471 1124 3526 addere
1147 3472 1225 3526 liceat

714 3554 812 3608 Catulli
825 3555 915 3608 Carm.
934 3554 1040 3616 LXIII,
1055 3555 1106 3615 28,
1121 3553 1173 3604 ubi'
1182 3551 1225 3606 iti-

714 3633 774 3686 dem
787 3633 821 3687 de
834 3633 932 3708 Cybele
946 3649 1033 3685 sermo
1045 3643 1083 3684 est
1101 3672 1108 3697 ,
1122 3635 1225 3683 Thiasus

712 3729 809 3781 repente
828 3715 918 3781 linguis
941 3715 1113 3781 trepidantibus
1135 3715 1223 3764 ulrtlat.

750 3792 811 3844 538.
830 3791 952 3845 Protinus
966 3801 1106 3843 accurrunt
1126 3809 1157 3842 ex
1171 3809 1226 3844 uua
1284 3837 1288 3851 ,

713 3881 787 3943 parte
811 3880 944 3941 pastores,
966 3873 1113 3939 magnisque
1139 3885 1227 3938 petunt

713 3952 856 4002 clamoribus
864 3953 958 4010 urbem,
968 3967 999 4002 ex
1006 3949 1088 4002 altera
1094 3949 1224 4002 'Ilelamou

715 4027 920 4100 Argonautasad
928 4029 978 4082 boc
986 4028 1037 4081 tale
1045 4028 1224 4100 spectaculum

715 4107 842 4171 advocat,
859 4108 906 4178 qni
919 4109 1089 4168 horrescunt,
1104 4119 1129 4159 et
1147 4109 1223 4158 subieo

716 4192 802 4240 uident
821 4192 846 4240 in
867 4192 990 4256 sanguine
1005 4190 1114 4256 puppim,
1139 4197 1222 4238 totum

715 4267 784 4322 circu
805 4287 900 4321 navem
920 4285 1008 4340 sequor
1029 4278 1203 4320 cruentatum.
