3226 5114
366 527 427 592 282
668 530 705 592 C.
730 529 928 594 VALERII
951 532 1129 596 FLACCI

407 663 515 748 Atque
532 661 601 748 ipsa
619 660 794 748 imperium
811 663 898 726 Iuno
916 679 1020 749 paret.
1041 664 1118 727 Hace
1134 666 1249 752 procul
1267 669 1306 733 lo

407 777 536 862 Spectat
551 776 592 840 ab
610 799 684 840 aroe
701 775 788 864 poli,
804 777 869 856 jam
886 777 969 842 divis
988 777 1117 860 addita,
1130 780 1263 868 jamque

409 888 528 976 Aspide
545 888 651 955 cincta
668 912 795 972 comas,
807 884 844 954 ¹et
858 891 969 954 ovanti
985 912 1125 978 persona
1142 894 1248 959 sistro.

409 1007 578 1091 Bosporon
596 1006 675 1070 hine
686 1005 820 1070 Veteres
836 1007 973 1072 errantis
994 1008 1128 1072 nomine
1142 1007 1224 1074 dine

413 1119 603 1209 vulgavere.
619 1120 713 1185 luvet
728 1135 856 1186 nostros
875 1143 966 1185 nuno
981 1121 1051 1209 ipsa
1066 1121 1209 1206 labores,
1405 1148 1441 1188 oo

403 1235 638 1323 'immissisque
654 1251 756 1300 ratem
773 1257 904 1326 suaper
921 1237 1003 1300 freta
1020 1237 1178 1326 provehat
1192 1240 1318 1305 Euris.»

452 1350 604 1432 Dixerat,
619 1364 653 1416 et
669 1349 787 1438 placidi
805 1349 984 1416 tendebant
1004 1352 1134 1418 carbasa
1155 1355 1257 1420 venti.

409 1465 544 1529 Postera
557 1487 626 1530 non
643 1487 739 1530 eassae
756 1465 877 1554 Minyis
892 1487 1010 1530 aurora
1025 1467 1140 1532 retexit

409 1580 521 1644 Noctis
535 1579 615 1644 iter:
633 1601 717 1644 nova
732 1597 850 1644 cuncta
863 1579 993 1662 vident,
1003 1581 1235 1671 Thynnaeaque
1248 1583 1340 1662 juxta

408 1695 536 1776 Litora,
551 1693 674 1760 fatidici
687 1694 790 1782 poenis
808 1694 976 1760 horrentia
990 1695 1115 1762 Phinei.
1403 1719 1440 1760 ns

409 1811 486 1875 Dira
501 1809 600 1875 deum
619 1831 816 1897 summoque
834 1810 904 1874 lues
923 1811 1060 1900 urgebat
1077 1811 1112 1876 in
1129 1835 1219 1878 aevo:

398 2031 451 2082 4¹7·
468 2023 590 2084 Spectabat
597 2021 627 2067 ab
637 2021 757 2084 arccjam.
767 2020 843 2068 Vatic.
856 2031 880 2067 ct
891 2024 982 2068 Boron.
996 2020 1067 2069 codd.
1079 2026 1175 2087 Spectat
1183 2023 1214 2069 ab
1224 2040 1277 2070 arce
1285 2025 1364 2072 Phari.
1376 2026 1441 2072 Cart.

367 2127 398 2136 -
412 2109 467 2156 ω.
483 2103 561 2148 Arm's.
576 2101 641 2146 Jnnt.
660 2110 683 2146 et
699 2115 765 2161 seqq.
784 2115 859 2160 usquc
877 2100 907 2145 ad
923 2101 987 2146 Carr.
1004 2127 1036 2136 -
1051 2101 1106 2156 426.
1117 2103 1187 2148 Dura.
1200 2102 1275 2149 Codd.
1287 2112 1311 2150 et
1324 2103 1378 2150 edd.
1390 2115 1442 2151 ante

366 2180 446 2227 Heius.
457 2190 542 2241 preter
554 2179 644 2226 Boron
662 2180 694 2226 ΙΙ.
711 2181 776 2226 Dura
787 2179 810 2224 d.
821 2196 842 2226 s.
853 2195 877 2242 q.
888 2181 937 2226 sttt's
949 2179 1051 2240 urgebat.
1060 2179 1136 2226 Varie.
1148 2190 1172 2226 et
1184 2183 1274 2228 Borion
1290 2182 1361 2230 codd.
1380 2185 1442 2230 Dura

364 2261 387 2306 d.
398 2276 417 2307 s.
427 2277 451 2324 q.
460 2262 496 2306 sui
505 2260 619 2322 surgebat.
630 2260 696 2306 Gerr.
709 2258 763 2306 cod.
774 2261 838 2306 Dure
851 2259 874 2306 d.
885 2274 903 2306 s.
915 2275 939 2322 q.
949 2259 1001 2307 lues
1009 2261 1103 2322 urgebat
1112 2259 1218 2324 Olympo.
1233 2260 1286 2308 Ald.
1302 2262 1346 2308 En.

364 2485 439 2538 atque
447 2473 501 2538 ipsa
510 2476 575 2522 Iunc
582 2485 657 2538 paret
664 2473 789 2538 imperium
797 2469 878 2522 doris.
963 2477 1023 2538 419.
1034 2475 1157 2538 Bosporon
1167 2473 1225 2522 hinc
1235 2477 1331 2522 Vetrcs
1341 2474 1443 2522 erraretis

402 2553 463 2614 416.
473 2555 532 2601 Hcec
538 2555 627 2617 procul
637 2554 666 2601 10
679 2563 773 2618 spectat
780 2553 811 2600 ab
824 2569 883 2601 aree
926 2551 1026 2600 nornine
1034 2551 1096 2600 diva
1105 2553 1250 2617 Vulgavere,
1259 2548 1323 2600 hinc
1334 2549 1443 2612 factum,

363 2631 417 2696 poli
423 2667 431 2688 ,
442 2629 506 2681 celo
519 2629 563 2700 (11
574 2671 582 2695 ,
595 2637 647 2698 943
660 2630 719 2693 111,
730 2630 797 2697 4⁸¹)
807 2667 815 2694 ,
827 2631 882 2698 jam
927 2639 957 2678 ut
964 2629 1078 2699 majores
1088 2628 1116 2680 in
1130 2627 1259 2680 honorem
1268 2627 1324 2681 dee
1335 2665 1342 2691 ,
1351 2631 1445 2699 juven·

366 2711 428 2760 dt'vr's
450 2713 553 2769 addita,
569 2713 675 2779 jamque
696 2713 783 2778 aspide
801 2712 882 2760 cincta
928 2725 966 2762 ott
978 2708 1063 2760 formo
1074 2719 1189 2779 rugatas,
1200 2707 1268 2760 freto
1281 2707 1324 2760 isti
1335 2708 1444 2780 Bospori

367 2808 468 2839 eomas:
489 2787 560 2859 aspis
572 2826 580 2852 ,
600 2807 706 2860 serpens
720 2788 823 2853 minor,
837 2787 883 2841 sed
929 2805 1026 2840 nomen
1038 2784 1141 2839 darent.

367 2867 461 2922 veneni
480 2868 693 2940 praesentissimi,
707 2869 747 2921 uti
765 2867 883 2940 plurium
963 2868 1443 2936 daoducetncstmsnuneipsalabcres,

368 2947 554 3020 Egyptiorurn
563 2946 690 3016 deorum,
704 2949 741 3000 ita
751 2947 779 2999 in
793 2947 885 3018 primia
929 2964 990 2998 nam
1004 2956 1030 2998 et
1042 2945 1254 3016 navigationibus
1263 2963 1376 3018 pracesse
1388 2963 1445 2998 cre-

368 3026 445 3080 Icidis
463 3027 543 3100 capiti
555 3028 605 3080 fuit
620 3039 787 3082 ornamento.
802 3025 884 3081 Orid.
929 3023 1058 3091 debatur,
1069 3023 1141 3078 unde
1150 3037 1176 3077 et
1185 3023 1288 3095 Pelagio
1298 3021 1378 3076 dicta.

366 3105 475 3158 Metam.
495 3106 554 3170 IX,
571 3107 633 3175 687,
659 3111 759 3160 inerant
787 3109 887 3158 lunaria
967 3113 1027 3169 4²²·
1043 3104 1176 3156 Hactenus
1192 3103 1327 3174 Orpheus.
1341 3104 1445 3155 Interea

362 3185 446 3255 fronti
454 3186 887 3254 Cornua;etinfra,673‚PIcnaquc
931 3181 1445 3253 ventifaveranthrgonautis,etpostem

370 3266 499 3334 somniferi
514 3285 613 3334 serpeus
628 3268 762 3333 peregrina
778 3267 885 3328 ueneni,·
931 3281 1022 3313 aurora
1037 3264 1083 3312 iter
1094 3281 1143 3312 non
1158 3279 1237 3312 cassoe
1250 3263 1327 3310 noctis
1338 3263 1442 3320 retexit,

367 3341 423 3396 vid.
443 3342 560 3416 ejusdem
576 3344 669 3396 Amor.
682 3345 726 3408 ΙΙ,
741 3344 815 3414 Eleg.
838 3344 885 3406 133
931 3360 963 3394 ea
980 3354 1058 3394 nocte
1078 3348 1205 3412 magnum
1230 3339 1310 3395 maris
1332 3339 1445 3411 spatium

367 3422 463 3476 AEliau.
474 3423 536 3475 hist.
553 3423 660 3476 arrinral.
675 3423 715 3485 X,
726 3424 757 3476 31
770 3434 812 3484 ,et
825 3441 884 3475 orn·
930 3438 1051 3474 emensos
1063 3437 1119 3472 esse
1129 3419 1261 3490 apparuit.

367 3501 432 3554 nino
456 3502 641 3556 Jablonakium
657 3503 684 3556 in
701 3501 882 3556 Pantheoffl-
965 3496 1445 3568 424.Vident1hynnoea,ssitlryniae,

367 3591 442 3653 gypt.
454 3581 484 3634 P.
498 3583 521 3648 1,
531 3601 559 3654 p.
576 3583 635 3634 108.
929 3582 1002 3630 litora
1015 3579 1120 3648 fatidici
1142 3577 1211 3629 vatic
1237 3571 1311 3644 (vid.
1330 3595 1356 3627 rr.
1374 3575 1447 3642 445)

404 3659 466 3723 418,
479 3667 511 3711 Et
520 3663 604 3712 ovanti
606 3680 716 3728 persona
729 3663 799 3711 sistro
806 3661 884 3721 ,lacta
923 3659 1147 3726 peristromata
1166 3657 1261 3708 Phinei.
1284 3655 1317 3707 In
1335 3653 1448 3708 historia

367 3739 456 3810 pulsat
467 3739 593 3801 sistrum,
610 3741 813 3794 instrumentum
823 3757 882 3790 mu·
929 3737 1023 3790 Phinei
1038 3733 1183 3788 admodum
1199 3734 1303 3788 variant
1316 3732 1448 3806 mytholo-

368 3817 468 3882 sicum,
487 3819 530 3871 rel
550 3819 759 3892 crepitaculum‚
780 3817 885 3872 duobus
928 3817 971 3888 gi;
986 3833 1098 3887 queque
1114 3811 1232 3866 Valerius
1253 3825 1342 3866 noster
1362 3813 1389 3864 in
1410 3830 1449 3864 se·

368 3895 408 3949 vel
424 3897 545 3967 pluribus
559 3897 660 3953 bacillis
673 3897 829 3950 transversis
842 3897 885 3949 in·
929 3895 1071 3968 quentibus
1081 3893 1115 3947 de
1124 3914 1156 3947 eo
1164 3906 1254 3949 narrat
1264 3933 1271 3957 ,
1282 3912 1314 3946 ea
1323 3911 1378 3946 uno
1388 3912 1448 3946 con·

369 3985 515 4039 structum,
534 3980 610 4052 eujus
628 3979 740 4031 formam
758 3995 885 4048 gemmet,
931 3988 1021 4049 spectu
1032 3973 1093 4027 dedi
1104 3975 1131 4026 in
1140 3973 1339 4043 Indice,quern
1352 3970 1421 4024 vide.

368 4054 591 4126 nummi‚aliaque
599 4067 770 4109 monumenta
778 4057 887 4127 antiqua
968 4061 1029 4121 426.
1044 4059 1108 4106 Dira
1121 4057 1208 4114 demo,
1221 4073 1237 4105 a
1248 4053 1299 4106 diis
1314 4050 1448 4112 immissa,

372 4132 490 4185 referunt
502 4171 509 4196 ,
523 4135 609 4206 qualia
621 4135 706 4188 multa
718 4153 768 4186 aere
782 4133 886 4206 expret'·
931 4139 998 4196 lues,
1011 4155 1151 4202 summoque
1165 4137 1191 4184 in
1206 4154 1269 4194 oevo,
1283 4144 1398 4185 extrema
1409 4147 1448 4180 se-

370 4230 400 4264 sa
410 4210 476 4264 sistit
490 4211 589 4266 Beued.
600 4214 734 4267 Bachinus
745 4211 779 4290 de
788 4210 887 4278 cistris,
933 4227 1049 4266 nectute.
1068 4213 1182 4266 -Vide
1200 4212 1234 4266 ad
1252 4213 1352 4266 calcem
1371 4210 1449 4283 hujus

369 4291 443 4364 Traj.
460 4290 492 4346 ad
509 4291 591 4348 Rhea.
611 4297 687 4364 1696.
934 4293 994 4346 libri
1008 4306 1063 4347 not.
1075 4299 1137 4360 426.
1149 4295 1197 4346 En.
