3246 5112
390 501 434 582 94
515 499 568 564 rra
597 499 682 563 ΜΒ.
707 499 901 566 rnrnurr
930 487 1324 570 Aneon'aurrcon

424 629 459 680 V.
476 629 536 682 301.
551 631 610 679 Visa
624 642 748 680 coronatur
757 631 864 698 fulgens
876 628 949 687 utteIu
963 634 1054 683 ruriuae

550 715 651 763 Vocibus
665 715 701 762 bis
716 714 808 763 instare
821 717 886 766 duci.

390 825 474 872 tutela
483 821 628 874 vocabatur
638 839 736 874 numen
748 823 823 875 navia
834 822 946 876 tutelare
958 825 1036 896 eujus
1048 822 1148 895 effigies
1160 823 1194 877 ad
1204 843 1319 897 puppem
1332 838 1388 880 erat
1400 846 1447 899 po-

386 905 572 958 aimvaleriua
586 905 638 958 alio
650 905 724 970 loon,
736 904 785 958 lib.
799 906 882 968 VIII,
894 925 922 959 v.
940 907 1007 970 203,
1020 906 1084 960 dioit
1096 907 1124 962 iu
1141 927 1231 980 puppe
1250 909 1322 980 Argo
1339 911 1445 963 rimula·

385 1007 461 1042 erum
473 989 598 1042 Minervae
608 1001 730 1042 auratum
747 990 844 1056 fuisse,
858 989 930 1044 unde
940 991 1030 1044 sorren
1043 991 1111 1044 iliud
1129 992 1273 1064 epithetum
1280 996 1387 1064 fidgens
1399 995 1445 1048 hie

385 1071 544 1125 adhibitum.

420 1155 533 1210 Ovidius
541 1176 640 1230 ,quum
654 1156 681 1209 in
692 1157 811 1210 eaailium
819 1156 1028 1229 proficisceretur
1037 1196 1045 1222 ,
1054 1161 1185 1232 majorem
1201 1159 1375 1232 navigationis
1383 1179 1444 1233 par·
1508 1203 1514 1214 .

385 1252 439 1293 tem
453 1241 553 1312 peregit
565 1241 593 1294 iu
610 1258 693 1303 nure,
709 1239 753 1292 cui
770 1259 867 1293 nomen
881 1253 937 1293 erat
949 1239 1046 1306 Galea,
1063 1243 1139 1314 cujus
1153 1243 1268 1296 tutelare
1278 1261 1378 1296 numen
1389 1256 1445 1297 erat

386 1322 612 1386 Minerva,'l'riat.
627 1322 673 1377 lib.
688 1324 720 1386 I,
739 1323 813 1394 Eleg.
828 1341 873 1386 ro,
885 1343 912 1376 r.
930 1342 959 1376 1:

539 1423 579 1468 Eat
587 1422 656 1478 nihi,
670 1423 746 1484 aitque
754 1439 845 1486 precor,
854 1425 917 1472 flante
925 1426 998 1472 tutela
1008 1426 1119 1474 Minerva

538 1497 622 1544 Nuria:
633 1507 657 1545 et
669 1513 682 1545 a
696 1499 759 1560 pieta
773 1499 862 1548 oaaaide
877 1515 964 1548 nomeu
974 1501 1051 1548 babet.

382 1599 557 1648 -Coroaatm
571 1597 755 1649 coronabatur
763 1597 873 1650 narium
884 1597 978 1672 pnppia
985 1599 1039 1652 aive
1051 1597 1243 1653 discedentium
1256 1622 1272 1655 e
1281 1615 1378 1675 portu,
1389 1604 1444 1658 aira

380 1697 532 1751 prosperam
542 1691 601 1752 poet
614 1680 810 1751 navigationem
822 1679 1005 1747 redeuntium,
1017 1695 1048 1736 ut
1058 1681 1132 1738 videa
1144 1684 1173 1738 in
1185 1685 1382 1758 Virgilio,AEn.
1395 1691 1442 1757 tv,

380 1781 407 1815 v.
422 1769 472 1831 417
483 1779 492 1814 ε

538 1866 686 1880 ..........
691 1835 821 1896 Vocatium
830 1835 938 1883 earbaeua
947 1850 1027 1894 aurae,

532 1909 652 1970 Pnppibna
666 1918 691 1956 at
704 1909 750 1956 leti
761 1920 836 1958 naute
850 1910 983 1974 imposuere
992 1925 1098 1962 eorunm.

379 2004 477 2076 θοοῖς,
495 2003 541 2058 lib.
557 2005 586 2066 1,
602 2024 630 2058 v.
646 2007 720 2068 aot:

533 2107 582 2153 Cau
594 2121 678 2168 pretato
688 2123 761 2168 quum
769 2108 818 2168 jam
826 2117 920 2169 portum
931 2108 1027 2169 tetigere
1036 2109 1131 2162 maino,

531 2181 651 2244 Puppibus
659 2189 683 2227 et
691 2181 738 2227 laeti
747 2191 822 2228 nauta
829 2182 961 2242 impoonere
968 2197 1075 2228 coronat.

412 2297 445 2344 V.
462 2293 523 2356 304.
543 2325 706 2342 ..........
724 2295 778 2342 Ner
789 2292 904 2359 fatidicis
920 2294 1024 2343 avellere
1038 2294 1104 2343 sr'Ior't

535 2379 578 2426 Me
595 2377 644 2425 niti
654 2377 775 2442 prumisso
786 2377 865 2443 pontit
878 2377 988 2425 Tritonia
1000 2377 1072 2426 coeio.

374 2477 444 2528 Jnno
456 2486 512 2538 est,
531 2485 560 2526 ut
572 2493 652 2547 aupra
665 2473 797 2539 vidimus,
815 2493 874 2546 quar
889 2473 996 2527 Graeciae
1007 2473 1103 2526 heroaa
1116 2466 1231 2547 impulit]
1249 2485 1279 2528 ut
1294 2476 1322 2528 in
1341 2495 1439 2530 navem

375 2563 445 2632 Argo
456 2558 739 2630 oonecenderent.1paa
751 2576 857 2630 quoque
864 2559 968 2612 hortata
982 2555 1149 2611 eatDodonu
1158 2577 1297 2630 quereum,
1306 2571 1337 2612 ut
1345 2579 1361 2612 e
1371 2559 1438 2614 eiira

374 2643 493 2709 cederet,
504 2642 654 2715 pollicendo
665 2644 723 2695 sore
732 2655 763 2695 ut
775 2643 840 2696 olim
853 2661 950 2697 narem
963 2642 992 2695 in
1004 2641 1068 2694 eaelo
1081 2655 1229 2712 reponeret.
1243 2642 1331 2696 Altera
1344 2662 1387 2695 rea
1403 2644 1439 2696 al·

374 2740 457 2781 teram
470 2727 598 2799 seqnitur.
614 2727 680 2794 Qun
702 2727 830 2780 connexio
849 2725 1000 2780 Nodellium
1019 2725 1138 2797 prefecto
1159 2725 1268 2790 fefellit,
1281 2715 1379 2800 quippe
1390 2727 1437 2800 qui

372 2823 504 2885 proponat
525 2815 633 2864 Tritonia
651 2829 699 2882 pru
715 2814 839 2863 Saturnia.
859 2809 977 2882 Heyniua
994 2807 1041 2878 (ad
1059 2806 1214 2880 Apollodor.
1231 2821 1287 2862 not.
1308 2828 1336 2882 p.
1356 2811 1436 2880 176),

372 2896 506 2966 proposita
516 2893 634 2948 Nodellii
653 2891 852 2956 emendatione,
866 2905 941 2947 notat
953 2894 1166 2963 Argonautarum
1174 2892 1368 2964 navigationem
1381 2911 1437 2946 eata

373 2978 401 3029 in
413 2978 543 3048 precipua
560 2977 686 3031 Minerrar
703 2977 785 3030 tutela
804 2975 875 3048 apud
892 2988 997 3030 ceteros
1015 2993 1107 3030 omnea
1122 2975 1277 3048 scriptores,
1293 2975 1436 3031 dissidente

372 3079 426 3114 unu
436 3060 555 3124 Valerio,
567 3061 613 3131 qui
622 3062 755 3114 Iunonem
765 3060 792 3113 in
809 3059 896 3113 locum
903 3060 1028 3114 Minerva
1041 3059 1184 3114 aubatituit.
1199 3059 1248 3112 Hie
1259 3078 1322 3114 reto
1331 3072 1436 3114 tuntum

372 3144 457 3215 agitur
472 3143 506 3198 de
519 3143 615 3198 celesti
632 3143 693 3197 aede
706 3163 787 3216 quarn
809 3144 880 3197 Juno
900 3143 1032 3197 dodonreu
1052 3143 1161 3214 quercui
1172 3143 1335 3216 promiserat.
1355 3143 1434 3218 Apud

370 3228 540 3300 Apollonium
553 3226 758 3299 Valerinmque,
770 3227 842 3279 Iuno
858 3239 884 3278 et
901 3227 985 3280 Paliae
999 3227 1157 3297 Argonautis
1173 3227 1313 3299 conjuncte
1327 3226 1433 3288 favent,

368 3311 495 3364 ineolumi
502 3324 591 3365 tamen
602 3311 710 3382 proprio
720 3309 886 3380 singularum
898 3310 1004 3382 ingenio
1013 3328 1045 3364 ao
1057 3328 1187 3382 pertona3
1201 3309 1291 3382 itaque
1304 3309 1430 3373 Iunonia,

370 3408 461 3468 utpote
473 3395 584 3448 deorum
597 3394 711 3466 reginae,
729 3394 866 3466 proprium
883 3393 967 3465 magia
982 3407 1022 3448 eat
1033 3413 1114 3468 quam
1126 3392 1242 3450 Palladia
1255 3394 1368 3449 celeste·
1382 3393 1431 3445 bo·

370 3499 447 3534 norea
463 3479 625 3552 premittere.

403 3615 437 3668 V.
459 3615 519 3685 319.
542 3617 635 3666 Obmat
652 3617 741 3665 idaeam
755 3629 873 3682 quantum
885 3569 942 3666 ebba
955 3619 1044 3666 martia
1056 3617 1157 3668 buxum.

369 3719 439 3766 Idoea
458 3717 537 3766 torus
553 3727 593 3767 eat
614 3713 728 3787 phrygia
741 3713 805 3770 tibia
823 3733 882 3788 quat
898 3715 1074 3770 adhibebatur
1091 3717 1118 3769 in
1134 3715 1245 3788 Cybeles
1259 3714 1428 3784 sacris.Virg.

367 3801 428 3852 AEn.
448 3799 538 3862 1x,v.
553 3802 626 3868 619:

519 3900 640 4020 Imm
650 3915 691 3948 voa
701 3900 825 3964 buxusque
836 3911 919 3948 rooant
930 3899 1080 3961 berecynthia
1088 3901 1167 3948 marri,

400 4074 433 4120 V.
448 4069 506 4121 3²0.
531 4105 695 4121 ..........
714 4075 795 4132 Note,
811 4073 928 4140 indignos
947 4071 1042 4121 adducre
1055 4074 1163 4131 laboret,

523 4155 665 4206 Dividimur.

366 4255 403 4305 Ex
423 4253 473 4306 Irae
490 4253 637 4307 Alcimeden
656 4255 775 4308 oratione
792 4255 920 4310 nonnulla
944 4255 1039 4326 repetit
1063 4255 1217 4329 Apollonius
1236 4255 1286 4307 sibi
1305 4253 1429 4328 propria,
