<?xml version="1.0" encoding="UTF-8"?>
<!DOCTYPE html PUBLIC "-//W3C//DTD XHTML 1.0 Transitional//EN"
    "http://www.w3.org/TR/xhtml1/DTD/xhtml1-transitional.dtd">
<html xmlns="http://www.w3.org/1999/xhtml" xml:lang="en" lang="en">
 <head>
  <title>
</title>
<meta http-equiv="Content-Type" content="text/html;charset=utf-8" />
  <meta name='ocr-system' content='tesseract 3.04.00' />
  <meta name='ocr-capabilities' content='ocr_page ocr_carea ocr_par ocr_line ocrx_word'/>
</head>
<body>
  <div class='ocr_page' id='page_1' title='image "./cvaleriiflaccis00apolgoog_0245.png"; bbox 0 0 3198 5106; ppageno 0'>
   <div class='ocr_carea' id='block_1_1' title="bbox 353 495 1110 563">
    <p class='ocr_par' dir='ltr' id='par_1_1' title="bbox 353 495 1110 563">
     <span class='ocr_line' id='line_1_1' title="bbox 353 495 1110 563; baseline -0.007 0"><span class='ocrx_word' id='word_1_1' title='bbox 353 525 393 563; x_wconf 81' lang='lat' dir='ltr'>ao</span> <span class='ocrx_word' id='word_1_2' title='bbox 653 499 688 560; x_wconf 86' lang='lat' dir='ltr'>C.</span> <span class='ocrx_word' id='word_1_3' title='bbox 713 497 910 560; x_wconf 82' lang='lat' dir='ltr'>VALERII</span> <span class='ocrx_word' id='word_1_4' title='bbox 938 495 1110 560; x_wconf 79' lang='lat' dir='ltr'><strong>FLACCI</strong></span> 
     </span>
    </p>
   </div>
   <div class='ocr_carea' id='block_1_2' title="bbox 395 624 1296 830">
    <p class='ocr_par' dir='ltr' id='par_1_2' title="bbox 395 624 1296 830">
     <span class='ocr_line' id='line_1_2' title="bbox 395 624 1220 715; baseline -0.007 -22"><span class='ocrx_word' id='word_1_5' title='bbox 395 632 496 694; x_wconf 85' lang='lat' dir='ltr'>Antra</span> <span class='ocrx_word' id='word_1_6' title='bbox 510 643 639 715; x_wconf 90' lang='lat' dir='ltr'>petens;</span> <span class='ocrx_word' id='word_1_7' title='bbox 651 627 753 690; x_wconf 91' lang='lat' dir='ltr'>siculo</span> <span class='ocrx_word' id='word_1_8' title='bbox 767 641 896 690; x_wconf 82' lang='lat' dir='ltr'>revocat</span> <span class='ocrx_word' id='word_1_9' title='bbox 911 624 951 688; x_wconf 91' lang='lat' dir='ltr'>de</span> <span class='ocrx_word' id='word_1_10' title='bbox 964 625 1058 689; x_wconf 87' lang='lat' dir='ltr'>litore</span> <span class='ocrx_word' id='word_1_11' title='bbox 1073 625 1220 712; x_wconf 80' lang='lat' dir='ltr'>Cyclops.</span> 
     </span>
     <span class='ocr_line' id='line_1_3' title="bbox 395 737 1296 830; baseline -0.006 -23"><span class='ocrx_word' id='word_1_12' title='bbox 395 747 515 808; x_wconf 86' lang='lat' dir='ltr'>Contra</span> <span class='ocrx_word' id='word_1_13' title='bbox 529 743 629 830; x_wconf 88' lang='lat' dir='ltr'>ignis,</span> <span class='ocrx_word' id='word_1_14' title='bbox 642 740 802 829; x_wconf 86' lang='lat' dir='ltr'>viridique</span> <span class='ocrx_word' id='word_1_15' title='bbox 816 757 907 804; x_wconf 88' lang='lat' dir='ltr'>torus</span> <span class='ocrx_word' id='word_1_16' title='bbox 921 739 961 803; x_wconf 90' lang='lat' dir='ltr'>de</span> <span class='ocrx_word' id='word_1_17' title='bbox 974 737 1107 820; x_wconf 84' lang='lat' dir='ltr'>fronde,</span> <span class='ocrx_word' id='word_1_18' title='bbox 1117 739 1296 827; x_wconf 81' lang='lat' dir='ltr'>dapesque,-</span> 
     </span>
    </p>
   </div>
   <div class='ocr_carea' id='block_1_3' title="bbox 395 852 1420 1748">
    <p class='ocr_par' dir='ltr' id='par_1_3' title="bbox 395 852 1227 945">
     <span class='ocr_line' id='line_1_4' title="bbox 395 852 1227 945; baseline -0.005 -25"><span class='ocrx_word' id='word_1_19' title='bbox 395 858 559 945; x_wconf 88' lang='lat' dir='ltr'>Vinaque,</span> <span class='ocrx_word' id='word_1_20' title='bbox 571 872 604 920; x_wconf 91' lang='lat' dir='ltr'>et</span> <span class='ocrx_word' id='word_1_21' title='bbox 617 878 783 943; x_wconf 69' lang='lat' dir='ltr'>aequoreos</span> <span class='ocrx_word' id='word_1_22' title='bbox 798 856 882 919; x_wconf 83' lang='lat' dir='ltr'>inter</span> <span class='ocrx_word' id='word_1_23' title='bbox 895 877 970 918; x_wconf 90' lang='lat' dir='ltr'>cum</span> <span class='ocrx_word' id='word_1_24' title='bbox 985 854 1122 942; x_wconf 82' lang='lat' dir='ltr'>conjuge</span> <span class='ocrx_word' id='word_1_25' title='bbox 1136 852 1227 917; x_wconf 88' lang='lat' dir='ltr'>divos</span> 
     </span>
    </p>

    <p class='ocr_par' dir='ltr' id='par_1_4' title="bbox 396 967 1243 1060">
     <span class='ocr_line' id='line_1_5' title="bbox 396 967 1243 1060; baseline -0.006 -23"><span class='ocrx_word' id='word_1_26' title='bbox 396 971 562 1054; x_wconf 81' lang='lat' dir='ltr'>AEacides5</span> <span class='ocrx_word' id='word_1_27' title='bbox 576 971 746 1060; x_wconf 79' lang='lat' dir='ltr'>pulsatque</span> <span class='ocrx_word' id='word_1_28' title='bbox 760 971 875 1058; x_wconf 83' lang='lat' dir='ltr'>chelyn</span> <span class='ocrx_word' id='word_1_29' title='bbox 889 985 964 1057; x_wconf 93' lang='lat' dir='ltr'>post</span> <span class='ocrx_word' id='word_1_30' title='bbox 978 970 1096 1056; x_wconf 89' lang='lat' dir='ltr'>pocula</span> <span class='ocrx_word' id='word_1_31' title='bbox 1109 967 1243 1032; x_wconf 87' lang='lat' dir='ltr'><strong>Chiron.</strong></span> 
     </span>
    </p>

    <p class='ocr_par' dir='ltr' id='par_1_5' title="bbox 395 1083 1418 1286">
     <span class='ocr_line' id='line_1_6' title="bbox 395 1083 1418 1172; baseline -0.01 -20"><span class='ocrx_word' id='word_1_32' title='bbox 395 1089 489 1153; x_wconf 89' lang='lat' dir='ltr'>Parte</span> <span class='ocrx_word' id='word_1_33' title='bbox 502 1088 561 1151; x_wconf 89' lang='lat' dir='ltr'>alia</span> <span class='ocrx_word' id='word_1_34' title='bbox 575 1087 714 1168; x_wconf 86' lang='lat' dir='ltr'><strong>Pholoe,</strong></span> <span class='ocrx_word' id='word_1_35' title='bbox 729 1086 898 1172; x_wconf 89' lang='lat' dir='ltr'>multoque</span> <span class='ocrx_word' id='word_1_36' title='bbox 911 1084 1044 1148; x_wconf 88' lang='lat' dir='ltr'>insanus</span> <span class='ocrx_word' id='word_1_37' title='bbox 1059 1083 1177 1148; x_wconf 90' lang='lat' dir='ltr'>Iaccho</span> <span class='ocrx_word' id='word_1_38' title='bbox 1354 1089 1358 1094; x_wconf 81' lang='grc'><em>“</em></span> <span class='ocrx_word' id='word_1_39' title='bbox 1380 1108 1418 1150; x_wconf 67' lang='lat' dir='ltr'>rso</span> 
     </span>
     <span class='ocr_line' id='line_1_7' title="bbox 396 1198 1189 1286; baseline -0.008 -20"><span class='ocrx_word' id='word_1_40' title='bbox 396 1203 547 1283; x_wconf 85' lang='lat' dir='ltr'>Rhoetru,</span> <span class='ocrx_word' id='word_1_41' title='bbox 562 1216 595 1265; x_wconf 92' lang='lat' dir='ltr'>et</span> <span class='ocrx_word' id='word_1_42' title='bbox 608 1201 723 1264; x_wconf 89' lang='lat' dir='ltr'>atracia</span> <span class='ocrx_word' id='word_1_43' title='bbox 738 1200 851 1263; x_wconf 75' lang='lat' dir='ltr'>subitae</span> <span class='ocrx_word' id='word_1_44' title='bbox 865 1198 906 1262; x_wconf 91' lang='lat' dir='ltr'>de</span> <span class='ocrx_word' id='word_1_45' title='bbox 919 1199 1043 1286; x_wconf 82' lang='lat' dir='ltr'>virgine</span> <span class='ocrx_word' id='word_1_46' title='bbox 1055 1220 1189 1286; x_wconf 77' lang='lat' dir='ltr'>pugnae:</span> 
     </span>
    </p>

    <p class='ocr_par' dir='ltr' id='par_1_6' title="bbox 397 1311 1202 1401">
     <span class='ocr_line' id='line_1_8' title="bbox 397 1311 1202 1401; baseline -0.007 -20"><span class='ocrx_word' id='word_1_47' title='bbox 397 1320 557 1397; x_wconf 82' lang='lat' dir='ltr'>Crateros,</span> <span class='ocrx_word' id='word_1_48' title='bbox 572 1337 756 1401; x_wconf 76' lang='lat' dir='ltr'>mensaeque</span> <span class='ocrx_word' id='word_1_49' title='bbox 768 1315 895 1394; x_wconf 80' lang='lat' dir='ltr'>rolant,</span> <span class='ocrx_word' id='word_1_50' title='bbox 908 1335 1035 1401; x_wconf 86' lang='lat' dir='ltr'>araeque</span> <span class='ocrx_word' id='word_1_51' title='bbox 1050 1311 1202 1393; x_wconf 88' lang='lat' dir='ltr'>deorum,</span> 
     </span>
    </p>

    <p class='ocr_par' dir='ltr' id='par_1_7' title="bbox 398 1425 1286 1516">
     <span class='ocr_line' id='line_1_9' title="bbox 398 1425 1286 1516; baseline -0.007 -21"><span class='ocrx_word' id='word_1_52' title='bbox 398 1430 598 1516; x_wconf 83' lang='lat' dir='ltr'>Poculaque,</span> <span class='ocrx_word' id='word_1_53' title='bbox 611 1429 745 1516; x_wconf 81' lang='lat' dir='ltr'>insignis</span> <span class='ocrx_word' id='word_1_54' title='bbox 758 1442 904 1490; x_wconf 82' lang='lat' dir='ltr'>veterum</span> <span class='ocrx_word' id='word_1_55' title='bbox 919 1425 1029 1489; x_wconf 89' lang='lat' dir='ltr'>labor:</span> <span class='ocrx_word' id='word_1_56' title='bbox 1041 1427 1183 1514; x_wconf 89' lang='lat' dir='ltr'>optimus</span> <span class='ocrx_word' id='word_1_57' title='bbox 1196 1425 1286 1489; x_wconf 87' lang='lat' dir='ltr'>hasta</span> 
     </span>
    </p>

    <p class='ocr_par' dir='ltr' id='par_1_8' title="bbox 399 1539 1215 1628">
     <span class='ocr_line' id='line_1_10' title="bbox 399 1539 1215 1628; baseline -0.009 -19"><span class='ocrx_word' id='word_1_58' title='bbox 399 1546 460 1610; x_wconf 88' lang='lat' dir='ltr'>Hic</span> <span class='ocrx_word' id='word_1_59' title='bbox 473 1544 602 1625; x_wconf 82' lang='lat' dir='ltr'><strong>Peleus,</strong></span> <span class='ocrx_word' id='word_1_60' title='bbox 616 1543 671 1605; x_wconf 92' lang='lat' dir='ltr'>hic</span> <span class='ocrx_word' id='word_1_61' title='bbox 685 1563 760 1605; x_wconf 90' lang='lat' dir='ltr'>ense</span> <span class='ocrx_word' id='word_1_62' title='bbox 776 1540 887 1603; x_wconf 75' lang='lat' dir='ltr'>furens</span> <span class='ocrx_word' id='word_1_63' title='bbox 901 1539 1087 1628; x_wconf 80' lang='lat' dir='ltr'>agnoscitur</span> <span class='ocrx_word' id='word_1_64' title='bbox 1101 1539 1215 1604; x_wconf 84' lang='lat' dir='ltr'>AEson.</span> 
     </span>
    </p>

    <p class='ocr_par' dir='ltr' id='par_1_9' title="bbox 398 1655 1420 1748">
     <span class='ocr_line' id='line_1_11' title="bbox 398 1655 1420 1748; baseline -0.01 -23"><span class='ocrx_word' id='word_1_65' title='bbox 398 1663 473 1726; x_wconf 84' lang='lat' dir='ltr'><strong>Fert</strong></span> <span class='ocrx_word' id='word_1_66' title='bbox 488 1658 591 1748; x_wconf 81' lang='lat' dir='ltr'>gravis</span> <span class='ocrx_word' id='word_1_67' title='bbox 605 1657 707 1721; x_wconf 90' lang='lat' dir='ltr'>invito</span> <span class='ocrx_word' id='word_1_68' title='bbox 720 1656 874 1720; x_wconf 88' lang='lat' dir='ltr'>victorem</span> <span class='ocrx_word' id='word_1_69' title='bbox 891 1655 1029 1719; x_wconf 79' lang='lat' dir='ltr'><strong>Nestora</strong></span> <span class='ocrx_word' id='word_1_70' title='bbox 1042 1670 1134 1742; x_wconf 84' lang='lat' dir='ltr'>tergo</span> <span class='ocrx_word' id='word_1_71' title='bbox 1383 1678 1420 1722; x_wconf 73' lang='lat' dir='ltr'>ns</span> 
     </span>
    </p>
   </div>
   <div class='ocr_carea' id='block_1_4' title="bbox 356 1839 1422 2148">
    <p class='ocr_par' dir='ltr' id='par_1_10' title="bbox 356 1839 1422 2148">
     <span class='ocr_line' id='line_1_12' title="bbox 388 1839 1422 1924; baseline -0.006 -13"><span class='ocrx_word' id='word_1_72' title='bbox 388 1865 440 1924; x_wconf 82' lang='lat'>¹37·</span> <span class='ocrx_word' id='word_1_73' title='bbox 453 1863 526 1910; x_wconf 74' lang='lat' dir='ltr'>Virids&#39;</span> <span class='ocrx_word' id='word_1_74' title='bbox 533 1873 600 1908; x_wconf 75' lang='lat' dir='ltr'>astru.</span> <span class='ocrx_word' id='word_1_75' title='bbox 610 1861 700 1908; x_wconf 64' lang='lat' dir='ltr'>bnon.</span> <span class='ocrx_word' id='word_1_76' title='bbox 712 1862 723 1907; x_wconf 87' lang='lat'>1</span> <span class='ocrx_word' id='word_1_77' title='bbox 738 1869 763 1907; x_wconf 85' lang='lat' dir='ltr'>et</span> <span class='ocrx_word' id='word_1_78' title='bbox 776 1861 807 1905; x_wconf 86' lang='grc' dir='ltr'>Π.</span> <span class='ocrx_word' id='word_1_79' title='bbox 819 1885 847 1896; x_wconf 90' lang='lat'>-</span> <span class='ocrx_word' id='word_1_80' title='bbox 860 1867 911 1914; x_wconf 75' lang='lat'>¹41·</span> <span class='ocrx_word' id='word_1_81' title='bbox 925 1859 1018 1907; x_wconf 65' lang='lat' dir='ltr'>luetur</span> <span class='ocrx_word' id='word_1_82' title='bbox 1026 1861 1125 1906; x_wconf 80' lang='lat' dir='ltr'>Etmcr&#39;a.</span> <span class='ocrx_word' id='word_1_83' title='bbox 1133 1859 1208 1905; x_wconf 80' lang='lat' dir='ltr'>Vatia.</span> <span class='ocrx_word' id='word_1_84' title='bbox 1220 1859 1273 1906; x_wconf 87' lang='lat' dir='ltr'>cod.</span> <span class='ocrx_word' id='word_1_85' title='bbox 1283 1839 1388 1908; x_wconf 71' lang='lat' dir='ltr'>flhoeteas</span> <span class='ocrx_word' id='word_1_86' title='bbox 1399 1871 1422 1906; x_wconf 83' lang='lat' dir='ltr'>et</span> 
     </span>
     <span class='ocr_line' id='line_1_13' title="bbox 359 1937 1420 1992; baseline -0.004 -1"><span class='ocrx_word' id='word_1_87' title='bbox 359 1947 442 1992; x_wconf 66' lang='lat' dir='ltr'>naua.</span> <span class='ocrx_word' id='word_1_88' title='bbox 456 1945 514 1989; x_wconf 85' lang='lat' dir='ltr'>Bon.</span> <span class='ocrx_word' id='word_1_89' title='bbox 528 1942 581 1988; x_wconf 83' lang='lat' dir='ltr'>cod.</span> <span class='ocrx_word' id='word_1_90' title='bbox 595 1942 687 1989; x_wconf 72' lang='lat' dir='ltr'>liliatas</span> <span class='ocrx_word' id='word_1_91' title='bbox 698 1951 719 1985; x_wconf 84' lang='lat' dir='ltr'>et</span> <span class='ocrx_word' id='word_1_92' title='bbox 731 1949 837 1986; x_wconf 71' lang='lat' dir='ltr'>semera.</span> <span class='ocrx_word' id='word_1_93' title='bbox 854 1941 918 1985; x_wconf 82' lang='lat' dir='ltr'>Carr.</span> <span class='ocrx_word' id='word_1_94' title='bbox 930 1940 984 1985; x_wconf 87' lang='lat' dir='ltr'>eod.</span> <span class='ocrx_word' id='word_1_95' title='bbox 997 1937 1089 1986; x_wconf 65' lang='lat' dir='ltr'>itherus</span> <span class='ocrx_word' id='word_1_96' title='bbox 1101 1941 1203 1985; x_wconf 64' lang='lat' dir='ltr'>Ausara.</span> <span class='ocrx_word' id='word_1_97' title='bbox 1218 1941 1307 1986; x_wconf 77' lang='lat' dir='ltr'>bonon</span> <span class='ocrx_word' id='word_1_98' title='bbox 1322 1942 1334 1986; x_wconf 91' lang='lat'>1</span> <span class='ocrx_word' id='word_1_99' title='bbox 1348 1949 1373 1986; x_wconf 85' lang='lat' dir='ltr'>st</span> <span class='ocrx_word' id='word_1_100' title='bbox 1387 1941 1420 1988; x_wconf 87' lang='lat'>11.</span> 
     </span>
     <span class='ocr_line' id='line_1_14' title="bbox 356 2017 1421 2072; baseline -0.006 -1"><span class='ocrx_word' id='word_1_101' title='bbox 356 2023 461 2071; x_wconf 62' lang='lat' dir='ltr'>maus</span> <span class='ocrx_word' id='word_1_102' title='bbox 470 2021 587 2068; x_wconf 77' lang='lat' dir='ltr'>Athraeia.</span> <span class='ocrx_word' id='word_1_103' title='bbox 596 2023 659 2068; x_wconf 80' lang='lat' dir='ltr'>lunt.</span> <span class='ocrx_word' id='word_1_104' title='bbox 670 2019 776 2067; x_wconf 67' lang='lat' dir='ltr'>niam</span> <span class='ocrx_word' id='word_1_105' title='bbox 786 2029 808 2063; x_wconf 84' lang='lat' dir='ltr'>et</span> <span class='ocrx_word' id='word_1_106' title='bbox 818 2017 933 2064; x_wconf 73' lang='lat' dir='ltr'>Athracs&#39;a.</span> <span class='ocrx_word' id='word_1_107' title='bbox 943 2017 996 2063; x_wconf 74' lang='lat' dir='ltr'>ald.</span> <span class='ocrx_word' id='word_1_108' title='bbox 1006 2043 1036 2052; x_wconf 98' lang='lat'><em>-</em></span> <span class='ocrx_word' id='word_1_109' title='bbox 1046 2025 1095 2072; x_wconf 67' lang='lat'>144.</span> <span class='ocrx_word' id='word_1_110' title='bbox 1104 2019 1146 2064; x_wconf 81' lang='lat' dir='ltr'>ffie</span> <span class='ocrx_word' id='word_1_111' title='bbox 1155 2033 1234 2066; x_wconf 79' lang='lat' dir='ltr'>versus</span> <span class='ocrx_word' id='word_1_112' title='bbox 1244 2018 1390 2067; x_wconf 80' lang='lat' dir='ltr'>desideratur</span> <span class='ocrx_word' id='word_1_113' title='bbox 1397 2020 1421 2065; x_wconf 92' lang='lat' dir='ltr'>in</span> 
     </span>
     <span class='ocr_line' id='line_1_15' title="bbox 356 2101 538 2148; baseline -0.011 0"><span class='ocrx_word' id='word_1_114' title='bbox 356 2104 413 2148; x_wconf 72' lang='lat' dir='ltr'>lion.</span> <span class='ocrx_word' id='word_1_115' title='bbox 427 2101 479 2147; x_wconf 87' lang='lat' dir='ltr'>cod.</span> <span class='ocrx_word' id='word_1_116' title='bbox 496 2101 538 2146; x_wconf 84' lang='lat' dir='ltr'>En.</span> 
     </span>
    </p>
   </div>
   <div class='ocr_carea' id='block_1_5' title="bbox 353 2250 1429 4298">
    <p class='ocr_par' dir='ltr' id='par_1_11' title="bbox 353 2250 1429 4298">
     <span class='ocr_line' id='line_1_16' title="bbox 357 2250 1421 2323; baseline -0.004 -11"><span class='ocrx_word' id='word_1_117' title='bbox 357 2277 424 2319; x_wconf 78' lang='lat' dir='ltr'>aare,</span> <span class='ocrx_word' id='word_1_118' title='bbox 448 2259 475 2310; x_wconf 92' lang='lat' dir='ltr'>in</span> <span class='ocrx_word' id='word_1_119' title='bbox 494 2259 570 2310; x_wconf 89' lang='lat' dir='ltr'>litore</span> <span class='ocrx_word' id='word_1_120' title='bbox 589 2267 679 2318; x_wconf 84' lang='lat' dir='ltr'>stans,</span> <span class='ocrx_word' id='word_1_121' title='bbox 704 2266 813 2314; x_wconf 75' lang='lat' dir='ltr'>revocat,</span> <span class='ocrx_word' id='word_1_122' title='bbox 839 2263 868 2304; x_wconf 90' lang='lat' dir='ltr'>ut</span> <span class='ocrx_word' id='word_1_123' title='bbox 912 2255 970 2312; x_wconf 74' lang='lat' dir='ltr'>cbo,</span> <span class='ocrx_word' id='word_1_124' title='bbox 983 2250 1421 2323; x_wconf 83' lang='lat' dir='ltr'>adamentiamnsqueinebriatus.</span> 
     </span>
     <span class='ocr_line' id='line_1_17' title="bbox 357 2333 1420 2400; baseline 0 -15"><span class='ocrx_word' id='word_1_125' title='bbox 357 2337 392 2392; x_wconf 71' lang='lat' dir='ltr'>ad</span> <span class='ocrx_word' id='word_1_126' title='bbox 404 2357 431 2390; x_wconf 78' lang='lat' dir='ltr'>se</span> <span class='ocrx_word' id='word_1_127' title='bbox 444 2336 560 2398; x_wconf 83' lang='lat' dir='ltr'>veniret,</span> <span class='ocrx_word' id='word_1_128' title='bbox 574 2335 678 2386; x_wconf 82' lang='lat' dir='ltr'>inritat.</span> <span class='ocrx_word' id='word_1_129' title='bbox 950 2337 1009 2394; x_wconf 66' lang='grc' dir='ltr'>πάι.</span> <span class='ocrx_word' id='word_1_130' title='bbox 1032 2333 1119 2381; x_wconf 81' lang='lat' dir='ltr'>Subitae</span> <span class='ocrx_word' id='word_1_131' title='bbox 1140 2335 1171 2382; x_wconf 81' lang='lat' dir='ltr'>de</span> <span class='ocrx_word' id='word_1_132' title='bbox 1192 2335 1292 2400; x_wconf 74' lang='lat' dir='ltr'>vr&#39;rgine</span> <span class='ocrx_word' id='word_1_133' title='bbox 1312 2338 1420 2396; x_wconf 67' lang='lat' dir='ltr'>abacia,</span> 
     </span>
     <span class='ocr_line' id='line_1_18' title="bbox 397 2407 1424 2488; baseline 0.001 -23"><span class='ocrx_word' id='word_1_134' title='bbox 397 2417 455 2488; x_wconf 80' lang='lat'>137.</span> <span class='ocrx_word' id='word_1_135' title='bbox 469 2415 556 2467; x_wconf 77' lang='lat' dir='ltr'>Altera</span> <span class='ocrx_word' id='word_1_136' title='bbox 575 2413 677 2484; x_wconf 78' lang='lat' dir='ltr'>pictura</span> <span class='ocrx_word' id='word_1_137' title='bbox 693 2410 759 2463; x_wconf 89' lang='lat' dir='ltr'>sistit</span> <span class='ocrx_word' id='word_1_138' title='bbox 776 2409 868 2481; x_wconf 86' lang='lat' dir='ltr'>epulas</span> <span class='ocrx_word' id='word_1_139' title='bbox 910 2408 1048 2462; x_wconf 67' lang='lat' dir='ltr'>dessalica</span> <span class='ocrx_word' id='word_1_140' title='bbox 1058 2407 1198 2476; x_wconf 81' lang='lat' dir='ltr'>(rideVI,</span> <span class='ocrx_word' id='word_1_141' title='bbox 1213 2411 1424 2483; x_wconf 69' lang='lat' dir='ltr'>447)Hippoda·</span> 
     </span>
     <span class='ocr_line' id='line_1_19' title="bbox 358 2487 1339 2566; baseline -0.006 -19"><span class='ocrx_word' id='word_1_142' title='bbox 358 2497 429 2566; x_wconf 85' lang='lat' dir='ltr'>ipsas</span> <span class='ocrx_word' id='word_1_143' title='bbox 442 2493 587 2563; x_wconf 87' lang='lat' dir='ltr'>nuptiales:</span> <span class='ocrx_word' id='word_1_144' title='bbox 603 2506 701 2551; x_wconf 74' lang='lat' dir='ltr'>cenna,</span> <span class='ocrx_word' id='word_1_145' title='bbox 715 2507 730 2542; x_wconf 85' lang='lat' dir='ltr'>e</span> <span class='ocrx_word' id='word_1_146' title='bbox 745 2490 867 2560; x_wconf 81' lang='lat' dir='ltr'>regione,</span> <span class='ocrx_word' id='word_1_147' title='bbox 911 2488 981 2551; x_wconf 89' lang='lat' dir='ltr'>mia,</span> <span class='ocrx_word' id='word_1_148' title='bbox 994 2487 1103 2542; x_wconf 87' lang='lat' dir='ltr'>Pirithoi</span> <span class='ocrx_word' id='word_1_149' title='bbox 1116 2507 1211 2560; x_wconf 83' lang='lat' dir='ltr'>sponsa</span> <span class='ocrx_word' id='word_1_150' title='bbox 1220 2527 1227 2552; x_wconf 95' lang='lat'>‚</span> <span class='ocrx_word' id='word_1_151' title='bbox 1234 2509 1339 2558; x_wconf 69' lang='lat' dir='ltr'>pugnoe.</span> 
     </span>
     <span class='ocr_line' id='line_1_20' title="bbox 359 2567 1420 2646; baseline -0.003 -21"><span class='ocrx_word' id='word_1_152' title='bbox 359 2573 401 2625; x_wconf 81' lang='lat' dir='ltr'>vel</span> <span class='ocrx_word' id='word_1_153' title='bbox 416 2575 491 2646; x_wconf 84' lang='lat' dir='ltr'>juxta</span> <span class='ocrx_word' id='word_1_154' title='bbox 508 2572 622 2642; x_wconf 84' lang='lat' dir='ltr'>priorem</span> <span class='ocrx_word' id='word_1_155' title='bbox 637 2585 762 2638; x_wconf 86' lang='lat' dir='ltr'>suspensa</span> <span class='ocrx_word' id='word_1_156' title='bbox 777 2567 868 2620; x_wconf 87' lang='lat' dir='ltr'>tabula</span> <span class='ocrx_word' id='word_1_157' title='bbox 950 2574 1009 2631; x_wconf 54' lang='grc' dir='ltr'>ιζ’.</span> <span class='ocrx_word' id='word_1_158' title='bbox 1031 2572 1122 2619; x_wconf 82' lang='lat' dir='ltr'>Volant</span> <span class='ocrx_word' id='word_1_159' title='bbox 1136 2588 1242 2628; x_wconf 82' lang='lat' dir='ltr'>nsensoe,</span> <span class='ocrx_word' id='word_1_160' title='bbox 1259 2583 1284 2618; x_wconf 85' lang='lat' dir='ltr'>et</span> <span class='ocrx_word' id='word_1_161' title='bbox 1299 2585 1420 2633; x_wconf 77' lang='lat' dir='ltr'>crateres,</span> 
     </span>
     <span class='ocr_line' id='line_1_21' title="bbox 359 2646 1424 2719; baseline -0.005 -14"><span class='ocrx_word' id='word_1_162' title='bbox 359 2652 512 2705; x_wconf 76' lang='lat' dir='ltr'>exhibuerat</span> <span class='ocrx_word' id='word_1_163' title='bbox 535 2650 626 2702; x_wconf 81' lang='lat' dir='ltr'>artifex</span> <span class='ocrx_word' id='word_1_164' title='bbox 647 2651 719 2715; x_wconf 73' lang='lat' dir='ltr'>ignes</span> <span class='ocrx_word' id='word_1_165' title='bbox 742 2647 806 2698; x_wconf 84' lang='lat' dir='ltr'>cibis</span> <span class='ocrx_word' id='word_1_166' title='bbox 823 2665 867 2716; x_wconf 91' lang='lat' dir='ltr'>pa·</span> <span class='ocrx_word' id='word_1_167' title='bbox 911 2646 1424 2719; x_wconf 79' lang='lat' dir='ltr'>majorevum,miscendoetaquatem-</span> 
     </span>
     <span class='ocr_line' id='line_1_22' title="bbox 358 2723 1424 2800; baseline -0.002 -17"><span class='ocrx_word' id='word_1_168' title='bbox 358 2730 464 2793; x_wconf 89' lang='lat' dir='ltr'>randis,</span> <span class='ocrx_word' id='word_1_169' title='bbox 474 2729 759 2796; x_wconf 64' lang='lat' dir='ltr'>vindidesrondetoros,</span> <span class='ocrx_word' id='word_1_170' title='bbox 770 2725 866 2789; x_wconf 88' lang='lat' dir='ltr'>lectos,</span> <span class='ocrx_word' id='word_1_171' title='bbox 911 2723 1029 2795; x_wconf 90' lang='lat' dir='ltr'>perando</span> <span class='ocrx_word' id='word_1_172' title='bbox 1042 2726 1203 2778; x_wconf 79' lang='lat' dir='ltr'>vino...aroe</span> <span class='ocrx_word' id='word_1_173' title='bbox 1219 2731 1318 2777; x_wconf 79' lang='lat' dir='ltr'>deomm</span> <span class='ocrx_word' id='word_1_174' title='bbox 1333 2740 1424 2800; x_wconf 87' lang='lat' dir='ltr'>porta·</span> 
     </span>
     <span class='ocr_line' id='line_1_23' title="bbox 360 2803 1423 2882; baseline -0.001 -21"><span class='ocrx_word' id='word_1_175' title='bbox 360 2810 456 2882; x_wconf 87' lang='lat' dir='ltr'>quibus</span> <span class='ocrx_word' id='word_1_176' title='bbox 471 2807 589 2860; x_wconf 81' lang='lat' dir='ltr'>convivae</span> <span class='ocrx_word' id='word_1_177' title='bbox 602 2805 807 2866; x_wconf 87' lang='lat' dir='ltr'>accumbebant,</span> <span class='ocrx_word' id='word_1_178' title='bbox 821 2809 868 2855; x_wconf 80' lang='lat' dir='ltr'>da-</span> <span class='ocrx_word' id='word_1_179' title='bbox 912 2803 987 2866; x_wconf 87' lang='lat' dir='ltr'>tiles,</span> <span class='ocrx_word' id='word_1_180' title='bbox 1000 2803 1097 2874; x_wconf 85' lang='lat' dir='ltr'>epulis,</span> <span class='ocrx_word' id='word_1_181' title='bbox 1114 2805 1276 2876; x_wconf 81' lang='lat' dir='ltr'>nuptialibus</span> <span class='ocrx_word' id='word_1_182' title='bbox 1288 2806 1423 2876; x_wconf 84' lang='lat' dir='ltr'>inprimis,</span> 
     </span>
     <span class='ocr_line' id='line_1_24' title="bbox 353 2880 1424 2959; baseline 0 -21"><span class='ocrx_word' id='word_1_183' title='bbox 353 2908 401 2959; x_wconf 77' lang='lat' dir='ltr'>pes</span> <span class='ocrx_word' id='word_1_184' title='bbox 413 2887 529 2951; x_wconf 88' lang='lat' dir='ltr'>fercula,</span> <span class='ocrx_word' id='word_1_185' title='bbox 542 2889 606 2938; x_wconf 82' lang='lat' dir='ltr'>vina</span> <span class='ocrx_word' id='word_1_186' title='bbox 618 2885 728 2956; x_wconf 90' lang='lat' dir='ltr'>pocula,</span> <span class='ocrx_word' id='word_1_187' title='bbox 740 2883 869 2954; x_wconf 78' lang='lat' dir='ltr'>Peleaque</span> <span class='ocrx_word' id='word_1_188' title='bbox 914 2880 1034 2935; x_wconf 88' lang='lat' dir='ltr'>adhiberi</span> <span class='ocrx_word' id='word_1_189' title='bbox 1053 2883 1175 2937; x_wconf 85' lang='lat' dir='ltr'>solitae...</span> <span class='ocrx_word' id='word_1_190' title='bbox 1185 2925 1191 2936; x_wconf 94' lang='lat'>.</span> <span class='ocrx_word' id='word_1_191' title='bbox 1197 2890 1303 2954; x_wconf 56' lang='lat' dir='ltr'>meula,</span> <span class='ocrx_word' id='word_1_192' title='bbox 1319 2890 1424 2954; x_wconf 74' lang='lat' dir='ltr'>insignis</span> 
     </span>
     <span class='ocr_line' id='line_1_25' title="bbox 360 2963 1424 3037; baseline -0.001 -18"><span class='ocrx_word' id='word_1_193' title='bbox 360 2985 485 3037; x_wconf 88' lang='lat' dir='ltr'>sponsum</span> <span class='ocrx_word' id='word_1_194' title='bbox 495 2983 557 3018; x_wconf 89' lang='lat' dir='ltr'>cum</span> <span class='ocrx_word' id='word_1_195' title='bbox 566 2981 660 3035; x_wconf 91' lang='lat' dir='ltr'>sponsa</span> <span class='ocrx_word' id='word_1_196' title='bbox 669 2963 736 3015; x_wconf 86' lang='lat' dir='ltr'>inter</span> <span class='ocrx_word' id='word_1_197' title='bbox 744 2981 869 3030; x_wconf 60' lang='lat' dir='ltr'>remorsas</span> <span class='ocrx_word' id='word_1_198' title='bbox 913 2977 1020 3014; x_wconf 72' lang='lat' dir='ltr'>verenam</span> <span class='ocrx_word' id='word_1_199' title='bbox 1028 2966 1104 3022; x_wconf 77' lang='lat' dir='ltr'>labor,</span> <span class='ocrx_word' id='word_1_200' title='bbox 1117 2982 1178 3016; x_wconf 82' lang='lat' dir='ltr'>vasa</span> <span class='ocrx_word' id='word_1_201' title='bbox 1185 2965 1304 3028; x_wconf 90' lang='lat' dir='ltr'>minora,</span> <span class='ocrx_word' id='word_1_202' title='bbox 1314 2964 1424 3028; x_wconf 87' lang='lat' dir='ltr'>calices,</span> 
     </span>
     <span class='ocr_line' id='line_1_26' title="bbox 361 3040 1425 3113; baseline -0.001 -16"><span class='ocrx_word' id='word_1_203' title='bbox 361 3050 428 3097; x_wconf 85' lang='lat' dir='ltr'>divos</span> <span class='ocrx_word' id='word_1_204' title='bbox 444 3045 504 3112; x_wconf 88' lang='lat' dir='ltr'>(alii</span> <span class='ocrx_word' id='word_1_205' title='bbox 521 3057 609 3096; x_wconf 90' lang='lat' dir='ltr'>tamen</span> <span class='ocrx_word' id='word_1_206' title='bbox 627 3053 652 3094; x_wconf 92' lang='lat' dir='ltr'>et</span> <span class='ocrx_word' id='word_1_207' title='bbox 672 3042 738 3095; x_wconf 81' lang='lat' dir='ltr'>alios</span> <span class='ocrx_word' id='word_1_208' title='bbox 752 3040 816 3094; x_wconf 85' lang='lat' dir='ltr'>deos</span> <span class='ocrx_word' id='word_1_209' title='bbox 834 3041 871 3092; x_wconf 84' lang='lat' dir='ltr'>al·</span> <span class='ocrx_word' id='word_1_210' title='bbox 914 3052 1004 3093; x_wconf 88' lang='lat' dir='ltr'>etarte</span> <span class='ocrx_word' id='word_1_211' title='bbox 1013 3052 1037 3093; x_wconf 90' lang='lat' dir='ltr'>et</span> <span class='ocrx_word' id='word_1_212' title='bbox 1047 3043 1380 3113; x_wconf 79' lang='lat' dir='ltr'>antiquitatenstimabiles.</span> <span class='ocrx_word' id='word_1_213' title='bbox 1390 3076 1425 3086; x_wconf 92' lang='lat'>—</span> 
     </span>
     <span class='ocr_line' id='line_1_27' title="bbox 361 3121 1425 3192; baseline -0.001 -15"><span class='ocrx_word' id='word_1_214' title='bbox 361 3125 442 3177; x_wconf 82' lang='lat' dir='ltr'>fuisse</span> <span class='ocrx_word' id='word_1_215' title='bbox 458 3125 598 3190; x_wconf 77' lang='lat' dir='ltr'>namant),</span> <span class='ocrx_word' id='word_1_216' title='bbox 614 3127 745 3192; x_wconf 82' lang='lat' dir='ltr'>pulsaeque</span> <span class='ocrx_word' id='word_1_217' title='bbox 764 3124 848 3184; x_wconf 74' lang='lat' dir='ltr'>chelyn</span> <span class='ocrx_word' id='word_1_218' title='bbox 859 3159 867 3181; x_wconf 89' lang='lat'>,</span> <span class='ocrx_word' id='word_1_219' title='bbox 913 3121 987 3172; x_wconf 85' lang='lat' dir='ltr'>Inter</span> <span class='ocrx_word' id='word_1_220' title='bbox 999 3133 1147 3191; x_wconf 82' lang='lat' dir='ltr'>pugnantes</span> <span class='ocrx_word' id='word_1_221' title='bbox 1159 3123 1275 3175; x_wconf 89' lang='lat' dir='ltr'>eminent</span> <span class='ocrx_word' id='word_1_222' title='bbox 1286 3127 1370 3174; x_wconf 83' lang='lat' dir='ltr'>Peleus</span> <span class='ocrx_word' id='word_1_223' title='bbox 1380 3127 1425 3176; x_wconf 83' lang='lat' dir='ltr'>lsa-</span> 
     </span>
     <span class='ocr_line' id='line_1_28' title="bbox 360 3201 1426 3276; baseline -0.002 -19"><span class='ocrx_word' id='word_1_224' title='bbox 360 3204 461 3276; x_wconf 86' lang='lat' dir='ltr'>lyram,</span> <span class='ocrx_word' id='word_1_225' title='bbox 473 3217 529 3274; x_wconf 83' lang='lat' dir='ltr'>post</span> <span class='ocrx_word' id='word_1_226' title='bbox 536 3205 628 3270; x_wconf 84' lang='lat' dir='ltr'>pocula</span> <span class='ocrx_word' id='word_1_227' title='bbox 644 3203 742 3260; x_wconf 64' lang='lat' dir='ltr'>Writers,</span> <span class='ocrx_word' id='word_1_228' title='bbox 761 3209 870 3250; x_wconf 79' lang='lat' dir='ltr'>centau·</span> <span class='ocrx_word' id='word_1_229' title='bbox 915 3213 967 3260; x_wconf 82' lang='lat' dir='ltr'>sta,</span> <span class='ocrx_word' id='word_1_230' title='bbox 983 3203 1059 3250; x_wconf 80' lang='lat' dir='ltr'>AEson</span> <span class='ocrx_word' id='word_1_231' title='bbox 1075 3220 1134 3252; x_wconf 81' lang='lat' dir='ltr'>eme</span> <span class='ocrx_word' id='word_1_232' title='bbox 1142 3202 1244 3268; x_wconf 84' lang='lat' dir='ltr'>furem.</span> <span class='ocrx_word' id='word_1_233' title='bbox 1262 3201 1426 3256; x_wconf 83' lang='lat' dir='ltr'>Laudandus</span> 
     </span>
     <span class='ocr_line' id='line_1_29' title="bbox 362 3277 1425 3352; baseline -0.001 -17"><span class='ocrx_word' id='word_1_234' title='bbox 362 3301 425 3346; x_wconf 86' lang='lat' dir='ltr'>rus,</span> <span class='ocrx_word' id='word_1_235' title='bbox 439 3284 478 3334; x_wconf 88' lang='lat' dir='ltr'>uti</span> <span class='ocrx_word' id='word_1_236' title='bbox 485 3280 601 3352; x_wconf 90' lang='lat' dir='ltr'>plurium</span> <span class='ocrx_word' id='word_1_237' title='bbox 609 3280 704 3330; x_wconf 90' lang='lat' dir='ltr'>artium</span> <span class='ocrx_word' id='word_1_238' title='bbox 712 3277 822 3348; x_wconf 86' lang='lat' dir='ltr'>peritus,</span> <span class='ocrx_word' id='word_1_239' title='bbox 833 3278 870 3329; x_wconf 89' lang='lat' dir='ltr'>ita</span> <span class='ocrx_word' id='word_1_240' title='bbox 914 3295 976 3330; x_wconf 81' lang='lat' dir='ltr'>vero</span> <span class='ocrx_word' id='word_1_241' title='bbox 986 3290 1078 3348; x_wconf 88' lang='lat' dir='ltr'>poeta,</span> <span class='ocrx_word' id='word_1_242' title='bbox 1092 3280 1165 3350; x_wconf 91' lang='lat' dir='ltr'>quod</span> <span class='ocrx_word' id='word_1_243' title='bbox 1173 3280 1279 3350; x_wconf 73' lang='lat' dir='ltr'>pictura*</span> <span class='ocrx_word' id='word_1_244' title='bbox 1288 3280 1425 3352; x_wconf 81' lang='lat' dir='ltr'>episodicsa</span> 
     </span>
     <span class='ocr_line' id='line_1_30' title="bbox 363 3355 1426 3432; baseline 0.002 -20"><span class='ocrx_word' id='word_1_245' title='bbox 363 3355 868 3430; x_wconf 61' lang='lat' dir='ltr'>eteornnrodeadlyramcanensberalde.</span> <span class='ocrx_word' id='word_1_246' title='bbox 914 3359 1426 3432; x_wconf 84' lang='lat' dir='ltr'>AEsonem,quemsicliliuaJasonquo·</span> 
     </span>
     <span class='ocr_line' id='line_1_31' title="bbox 363 3434 1426 3509; baseline 0.001 -17"><span class='ocrx_word' id='word_1_247' title='bbox 363 3441 441 3502; x_wconf 84' lang='lat' dir='ltr'>Erat,</span> <span class='ocrx_word' id='word_1_248' title='bbox 459 3438 504 3491; x_wconf 92' lang='lat' dir='ltr'>ubi</span> <span class='ocrx_word' id='word_1_249' title='bbox 521 3449 626 3508; x_wconf 87' lang='lat' dir='ltr'>poetam</span> <span class='ocrx_word' id='word_1_250' title='bbox 644 3435 789 3505; x_wconf 87' lang='lat' dir='ltr'>suspicarer</span> <span class='ocrx_word' id='word_1_251' title='bbox 809 3436 873 3488; x_wconf 87' lang='lat' dir='ltr'>scri·</span> <span class='ocrx_word' id='word_1_252' title='bbox 917 3434 981 3489; x_wconf 90' lang='lat' dir='ltr'>tidie</span> <span class='ocrx_word' id='word_1_253' title='bbox 999 3436 1102 3489; x_wconf 86' lang='lat' dir='ltr'>virtutis</span> <span class='ocrx_word' id='word_1_254' title='bbox 1118 3438 1268 3509; x_wconf 86' lang='lat' dir='ltr'>exemplum</span> <span class='ocrx_word' id='word_1_255' title='bbox 1284 3440 1318 3492; x_wconf 92' lang='lat' dir='ltr'>ob</span> <span class='ocrx_word' id='word_1_256' title='bbox 1335 3440 1426 3493; x_wconf 89' lang='lat' dir='ltr'>oculos</span> 
     </span>
     <span class='ocr_line' id='line_1_32' title="bbox 365 3513 1280 3589; baseline 0.001 -19"><span class='ocrx_word' id='word_1_257' title='bbox 365 3519 447 3589; x_wconf 87' lang='lat' dir='ltr'>psisse</span> <span class='ocrx_word' id='word_1_258' title='bbox 459 3537 507 3586; x_wconf 83' lang='lat' dir='ltr'>per</span> <span class='ocrx_word' id='word_1_259' title='bbox 516 3520 626 3585; x_wconf 83' lang='lat' dir='ltr'>pocula‚·</span> <span class='ocrx_word' id='word_1_260' title='bbox 642 3513 688 3566; x_wconf 86' lang='lat' dir='ltr'>sed</span> <span class='ocrx_word' id='word_1_261' title='bbox 709 3515 775 3566; x_wconf 89' lang='lat' dir='ltr'>nihil</span> <span class='ocrx_word' id='word_1_262' title='bbox 791 3533 871 3587; x_wconf 89' lang='lat' dir='ltr'>opus:</span> <span class='ocrx_word' id='word_1_263' title='bbox 916 3513 1039 3577; x_wconf 86' lang='lat' dir='ltr'>haberet,</span> <span class='ocrx_word' id='word_1_264' title='bbox 1052 3514 1149 3569; x_wconf 86' lang='lat' dir='ltr'>addere</span> <span class='ocrx_word' id='word_1_265' title='bbox 1159 3518 1280 3571; x_wconf 77' lang='lat' dir='ltr'>voluerit.</span> 
     </span>
     <span class='ocr_line' id='line_1_33' title="bbox 360 3596 1426 3669; baseline 0.004 -23"><span class='ocrx_word' id='word_1_266' title='bbox 360 3599 511 3664; x_wconf 79' lang='lat' dir='ltr'>postpocula</span> <span class='ocrx_word' id='word_1_267' title='bbox 522 3606 560 3647; x_wconf 87' lang='lat' dir='ltr'>est</span> <span class='ocrx_word' id='word_1_268' title='bbox 571 3599 607 3645; x_wconf 84' lang='lat' dir='ltr'>ad</span> <span class='ocrx_word' id='word_1_269' title='bbox 614 3597 726 3644; x_wconf 73' lang='lat' dir='ltr'>abacum</span> <span class='ocrx_word' id='word_1_270' title='bbox 956 3596 1015 3659; x_wconf 74' lang='lat'>145.</span> <span class='ocrx_word' id='word_1_271' title='bbox 1034 3601 1122 3647; x_wconf 83' lang='lat' dir='ltr'>Nestor</span> <span class='ocrx_word' id='word_1_272' title='bbox 1139 3598 1250 3669; x_wconf 89' lang='lat' dir='ltr'>(etipse</span> <span class='ocrx_word' id='word_1_273' title='bbox 1263 3609 1426 3668; x_wconf 72' lang='lat' dir='ltr'>argmenta,</span> 
     </span>
     <span class='ocr_line' id='line_1_34' title="bbox 404 3671 1428 3744; baseline 0.002 -18"><span class='ocrx_word' id='word_1_274' title='bbox 404 3675 463 3737; x_wconf 74' lang='lat' dir='ltr'>nlo.</span> <span class='ocrx_word' id='word_1_275' title='bbox 475 3674 565 3726; x_wconf 88' lang='lat' dir='ltr'>Tertia</span> <span class='ocrx_word' id='word_1_276' title='bbox 578 3671 685 3725; x_wconf 89' lang='lat' dir='ltr'>tandem</span> <span class='ocrx_word' id='word_1_277' title='bbox 703 3671 822 3725; x_wconf 82' lang='lat' dir='ltr'>caelatura</span> <span class='ocrx_word' id='word_1_278' title='bbox 835 3693 875 3726; x_wconf 89' lang='lat' dir='ltr'>re·</span> <span class='ocrx_word' id='word_1_279' title='bbox 918 3675 968 3726; x_wconf 90' lang='lat' dir='ltr'>soli</span> <span class='ocrx_word' id='word_1_280' title='bbox 991 3686 1079 3727; x_wconf 85' lang='lat' dir='ltr'>tamen</span> <span class='ocrx_word' id='word_1_281' title='bbox 1099 3676 1207 3728; x_wconf 86' lang='lat' dir='ltr'>Valerio</span> <span class='ocrx_word' id='word_1_282' title='bbox 1229 3679 1340 3744; x_wconf 89' lang='lat' dir='ltr'>nostro)</span> <span class='ocrx_word' id='word_1_283' title='bbox 1362 3676 1428 3728; x_wconf 74' lang='lat' dir='ltr'>vicit</span> 
     </span>
     <span class='ocr_line' id='line_1_35' title="bbox 366 3750 1425 3826; baseline 0.004 -22"><span class='ocrx_word' id='word_1_284' title='bbox 366 3763 507 3825; x_wconf 73' lang='lat' dir='ltr'>presentat</span> <span class='ocrx_word' id='word_1_285' title='bbox 526 3756 647 3813; x_wconf 75' lang='lat' dir='ltr'>Pholoen,</span> <span class='ocrx_word' id='word_1_286' title='bbox 665 3750 805 3803; x_wconf 82' lang='lat' dir='ltr'>rIhessalise</span> <span class='ocrx_word' id='word_1_287' title='bbox 826 3754 875 3806; x_wconf 87' lang='lat' dir='ltr'>sal·</span> <span class='ocrx_word' id='word_1_288' title='bbox 919 3757 1081 3818; x_wconf 75' lang='lat' dir='ltr'>Monyctum,</span> <span class='ocrx_word' id='word_1_289' title='bbox 1098 3767 1261 3808; x_wconf 88' lang='lat' dir='ltr'>centaurum.</span> <span class='ocrx_word' id='word_1_290' title='bbox 1274 3753 1343 3806; x_wconf 87' lang='lat' dir='ltr'>Vide</span> <span class='ocrx_word' id='word_1_291' title='bbox 1357 3756 1425 3826; x_wconf 80' lang='lat' dir='ltr'>Rup.</span> 
     </span>
     <span class='ocr_line' id='line_1_36' title="bbox 366 3829 1427 3902; baseline 0.003 -18"><span class='ocrx_word' id='word_1_292' title='bbox 366 3844 424 3884; x_wconf 86' lang='lat' dir='ltr'>turn</span> <span class='ocrx_word' id='word_1_293' title='bbox 431 3869 439 3894; x_wconf 93' lang='lat'>,</span> <span class='ocrx_word' id='word_1_294' title='bbox 451 3829 486 3883; x_wconf 90' lang='lat' dir='ltr'>ad</span> <span class='ocrx_word' id='word_1_295' title='bbox 495 3849 574 3902; x_wconf 84' lang='lat' dir='ltr'>quem</span> <span class='ocrx_word' id='word_1_296' title='bbox 584 3830 739 3882; x_wconf 83' lang='lat' dir='ltr'>habitabant</span> <span class='ocrx_word' id='word_1_297' title='bbox 750 3831 875 3882; x_wconf 86' lang='lat' dir='ltr'>Centauri</span> <span class='ocrx_word' id='word_1_298' title='bbox 919 3830 953 3883; x_wconf 88' lang='lat' dir='ltr'>ad</span> <span class='ocrx_word' id='word_1_299' title='bbox 966 3833 1087 3886; x_wconf 82' lang='lat' dir='ltr'>Juvenal.</span> <span class='ocrx_word' id='word_1_300' title='bbox 1100 3835 1128 3897; x_wconf 91' lang='lat'>1,</span> <span class='ocrx_word' id='word_1_301' title='bbox 1146 3853 1191 3898; x_wconf 91' lang='lat'>11,</span> <span class='ocrx_word' id='word_1_302' title='bbox 1210 3846 1234 3886; x_wconf 88' lang='lat' dir='ltr'>et</span> <span class='ocrx_word' id='word_1_303' title='bbox 1246 3833 1282 3885; x_wconf 91' lang='lat' dir='ltr'>ibi</span> <span class='ocrx_word' id='word_1_304' title='bbox 1292 3831 1427 3887; x_wconf 87' lang='lat' dir='ltr'>laudatos.</span> 
     </span>
     <span class='ocr_line' id='line_1_37' title="bbox 367 3909 1429 3984; baseline 0.003 -21"><span class='ocrx_word' id='word_1_305' title='bbox 367 3923 394 3963; x_wconf 86' lang='lat' dir='ltr'>et</span> <span class='ocrx_word' id='word_1_306' title='bbox 409 3909 535 3981; x_wconf 77' lang='lat' dir='ltr'>Lapitha.</span> <span class='ocrx_word' id='word_1_307' title='bbox 555 3915 651 3962; x_wconf 72' lang='lat' dir='ltr'>Illam</span> <span class='ocrx_word' id='word_1_308' title='bbox 668 3912 678 3977; x_wconf 93' lang='lat'>(</span> <span class='ocrx_word' id='word_1_309' title='bbox 686 3930 740 3962; x_wconf 90' lang='lat' dir='ltr'>uon</span> <span class='ocrx_word' id='word_1_310' title='bbox 758 3915 871 3972; x_wconf 68' lang='lat' dir='ltr'>Murus,</span> <span class='ocrx_word' id='word_1_311' title='bbox 919 3911 976 3964; x_wconf 84' lang='lat' dir='ltr'>Hoc</span> <span class='ocrx_word' id='word_1_312' title='bbox 985 3913 1021 3965; x_wconf 89' lang='lat' dir='ltr'>ita</span> <span class='ocrx_word' id='word_1_313' title='bbox 1031 3913 1192 3984; x_wconf 78' lang='lat' dir='ltr'>effertpoeta</span> <span class='ocrx_word' id='word_1_314' title='bbox 1202 3933 1209 3966; x_wconf 92' lang='lat'>:</span> <span class='ocrx_word' id='word_1_315' title='bbox 1219 3917 1363 3982; x_wconf 71' lang='lat' dir='ltr'>reregravis</span> <span class='ocrx_word' id='word_1_316' title='bbox 1373 3932 1429 3966; x_wconf 88' lang='lat' dir='ltr'>am-</span> 
     </span>
     <span class='ocr_line' id='line_1_38' title="bbox 367 3989 1428 4064; baseline 0.002 -23"><span class='ocrx_word' id='word_1_317' title='bbox 367 3989 439 4062; x_wconf 88' lang='lat' dir='ltr'>quod</span> <span class='ocrx_word' id='word_1_318' title='bbox 449 3989 492 4040; x_wconf 89' lang='lat' dir='ltr'>alii</span> <span class='ocrx_word' id='word_1_319' title='bbox 500 3989 592 4042; x_wconf 81' lang='lat' dir='ltr'>volunt</span> <span class='ocrx_word' id='word_1_320' title='bbox 602 4008 609 4042; x_wconf 93' lang='lat'><strong>:</strong></span> <span class='ocrx_word' id='word_1_321' title='bbox 621 3991 731 4043; x_wconf 86' lang='lat' dir='ltr'>ilhoecus</span> <span class='ocrx_word' id='word_1_322' title='bbox 740 3990 810 4041; x_wconf 87' lang='lat' dir='ltr'>enim</span> <span class='ocrx_word' id='word_1_323' title='bbox 820 4008 874 4041; x_wconf 92' lang='lat' dir='ltr'>non</span> <span class='ocrx_word' id='word_1_324' title='bbox 919 3991 964 4060; x_wconf 90' lang='lat' dir='ltr'>plo</span> <span class='ocrx_word' id='word_1_325' title='bbox 979 4009 1089 4064; x_wconf 87' lang='lat' dir='ltr'>corpore</span> <span class='ocrx_word' id='word_1_326' title='bbox 1104 3998 1208 4044; x_wconf 82' lang='lat' dir='ltr'>Nestora</span> <span class='ocrx_word' id='word_1_327' title='bbox 1223 3996 1340 4044; x_wconf 78' lang='lat' dir='ltr'>victorem</span> <span class='ocrx_word' id='word_1_328' title='bbox 1355 3996 1428 4054; x_wconf 59' lang='lat' dir='ltr'>inciso</span> 
     </span>
     <span class='ocr_line' id='line_1_39' title="bbox 368 4066 1426 4140; baseline 0.002 -19"><span class='ocrx_word' id='word_1_329' title='bbox 368 4079 525 4132; x_wconf 86' lang='lat' dir='ltr'>centaurus,</span> <span class='ocrx_word' id='word_1_330' title='bbox 542 4068 588 4122; x_wconf 87' lang='lat' dir='ltr'>sed</span> <span class='ocrx_word' id='word_1_331' title='bbox 605 4069 697 4140; x_wconf 77' lang='lat' dir='ltr'>gigas3</span> <span class='ocrx_word' id='word_1_332' title='bbox 720 4067 780 4134; x_wconf 82' lang='lat' dir='ltr'>ride</span> <span class='ocrx_word' id='word_1_333' title='bbox 794 4066 875 4130; x_wconf 79' lang='lat' dir='ltr'>ovid,</span> <span class='ocrx_word' id='word_1_334' title='bbox 918 4084 995 4138; x_wconf 78' lang='lat' dir='ltr'>tergo.</span> <span class='ocrx_word' id='word_1_335' title='bbox 1011 4069 1205 4124; x_wconf 82' lang='lat' dir='ltr'>Adnmhratum</span> <span class='ocrx_word' id='word_1_336' title='bbox 1219 4091 1250 4124; x_wconf 90' lang='lat' dir='ltr'>ex</span> <span class='ocrx_word' id='word_1_337' title='bbox 1265 4069 1345 4124; x_wconf 84' lang='lat' dir='ltr'>Ovid.</span> <span class='ocrx_word' id='word_1_338' title='bbox 1362 4071 1426 4124; x_wconf 85' lang='lat' dir='ltr'>Met.</span> 
     </span>
     <span class='ocr_line' id='line_1_40' title="bbox 368 4147 1428 4222; baseline 0.004 -24"><span class='ocrx_word' id='word_1_339' title='bbox 368 4147 432 4199; x_wconf 83' lang='lat' dir='ltr'>Met.</span> <span class='ocrx_word' id='word_1_340' title='bbox 449 4147 515 4211; x_wconf 86' lang='lat' dir='ltr'>XII,</span> <span class='ocrx_word' id='word_1_341' title='bbox 538 4167 600 4218; x_wconf 76' lang='lat'>²7¹³</span> <span class='ocrx_word' id='word_1_342' title='bbox 614 4162 640 4202; x_wconf 88' lang='lat' dir='ltr'>et</span> <span class='ocrx_word' id='word_1_343' title='bbox 653 4149 739 4222; x_wconf 57' lang='grc' dir='ltr'>Περι.</span> <span class='ocrx_word' id='word_1_344' title='bbox 757 4147 790 4201; x_wconf 86' lang='lat' dir='ltr'>ad</span> <span class='ocrx_word' id='word_1_345' title='bbox 799 4148 874 4220; x_wconf 82' lang='lat' dir='ltr'>Virg.</span> <span class='ocrx_word' id='word_1_346' title='bbox 919 4149 987 4210; x_wconf 83' lang='grc' dir='ltr'>ΧΗ,</span> <span class='ocrx_word' id='word_1_347' title='bbox 1007 4150 1074 4213; x_wconf 72' lang='grc'>345,</span> <span class='ocrx_word' id='word_1_348' title='bbox 1090 4151 1136 4202; x_wconf 88' lang='lat' dir='ltr'>ubi</span> <span class='ocrx_word' id='word_1_349' title='bbox 1149 4161 1223 4221; x_wconf 75' lang='lat' dir='ltr'>tergo</span> <span class='ocrx_word' id='word_1_350' title='bbox 1236 4151 1356 4204; x_wconf 85' lang='lat' dir='ltr'>Bianoris</span> <span class='ocrx_word' id='word_1_351' title='bbox 1368 4169 1428 4202; x_wconf 91' lang='lat' dir='ltr'>cen·</span> 
     </span>
     <span class='ocr_line' id='line_1_41' title="bbox 367 4225 1216 4298; baseline 0.004 -19"><span class='ocrx_word' id='word_1_352' title='bbox 367 4225 613 4298; x_wconf 61' lang='lat' dir='ltr'>Geor351131456),</span> <span class='ocrx_word' id='word_1_353' title='bbox 626 4234 699 4280; x_wconf 83' lang='lat' dir='ltr'>rnalro</span> <span class='ocrx_word' id='word_1_354' title='bbox 708 4233 809 4280; x_wconf 79' lang='lat' dir='ltr'>insanus</span> <span class='ocrx_word' id='word_1_355' title='bbox 819 4233 876 4278; x_wconf 84' lang='lat' dir='ltr'>Iae-</span> <span class='ocrx_word' id='word_1_356' title='bbox 919 4227 988 4280; x_wconf 88' lang='lat' dir='ltr'>tauri</span> <span class='ocrx_word' id='word_1_357' title='bbox 1001 4227 1080 4280; x_wconf 88' lang='lat' dir='ltr'>insilit</span> <span class='ocrx_word' id='word_1_358' title='bbox 1089 4228 1216 4283; x_wconf 84' lang='lat' dir='ltr'>Theseus.</span> 
     </span>
    </p>
   </div>
   <div class='ocr_carea' id='block_1_6' title="bbox 0 0 1625 5106">
    <p class='ocr_par' dir='ltr' id='par_1_12' title="bbox 0 0 1625 5106">
     <span class='ocr_line' id='line_1_42' title="bbox 0 0 1625 5106; baseline 0 0"><span class='ocrx_word' id='word_1_359' title='bbox 0 0 1625 5106; x_wconf 95' lang='lat' dir='ltr'> </span> 
     </span>
    </p>
   </div>
  </div>
 </body>
</html>
