3226 5114
412 501 809 614 inconsumcon
838 530 925 594 nm.
949 530 1009 594 1v.
1179 530 1245 618 587

256 659 309 725 Sic
325 659 390 741 ait,
404 677 454 742 et,
472 659 544 722 fatis
560 657 605 721 ita
618 657 685 736 jam
703 657 914 742 cedentibus,
931 683 1046 726 omnes
1203 681 1241 724 tu

212 776 365 864 Impulit,
385 790 418 839 et
435 775 525 838 durae
542 773 722 837 commovit
739 774 881 864 imagine
896 799 1007 864 poenae.

212 892 387 956 instituere
403 907 512 972 toros,
529 888 711 976 mediisque
730 889 891 978 tapetibus
914 891 1021 979 ipsum

212 1007 406 1094 Accipiunt,
424 1007 613 1092 circumque
629 1003 752 1086 jacent;
769 1004 867 1068 simul
881 1027 1012 1093 aequora
1026 1024 1174 1089 servant,

212 1125 307 1186 Astra
326 1122 440 1202 simul,
456 1121 608 1207 vescique
622 1119 741 1199 jubent
758 1141 795 1183 ac
811 1117 1066 1203 mitteremus,
1133 1143 1136 1150 ·

214 1240 326 1320 Quum
345 1237 472 1302 subitus
492 1237 613 1301 misero
630 1251 770 1317 tremor,
785 1251 818 1299 et
834 1235 986 1323 pallentia
1002 1237 1114 1326 primae
1202 1260 1241 1306 uo

213 1354 278 1418 Ora
297 1353 383 1416 senis
403 1353 516 1440 ingere
532 1375 669 1433 manus3
688 1374 749 1415 nec
767 1350 895 1441 prodita
911 1352 1010 1440 pestis

146 1459 151 1464 ¹
212 1472 315 1544 Ante,
335 1466 446 1531 sedin
465 1466 580 1530 mediis
596 1465 734 1554 dapibus
753 1464 863 1529 videre
877 1467 1037 1530 volucres.

142 1559 145 1564 Ι
212 1585 344 1671 Fragrat
358 1582 493 1646 acerbus
511 1579 605 1660 odor,
621 1579 783 1667 patriique
800 1581 940 1667 exspirat
955 1580 1076 1644 Averni

214 1698 359 1762 Halitus:
378 1718 482 1759 unum
499 1717 614 1760 omncs
629 1695 790 1766 incessere
808 1696 1010 1783 planctibus,
1024 1719 1128 1759 unum

107 1842 113 1854 2
212 1812 369 1878 Infestare
385 1833 518 1894 manus3
537 1809 641 1874 inhiat
656 1810 788 1897 Cocytia
807 1809 912 1874 nubes
1206 1831 1244 1880 ns

214 1928 413 2008 Luxuriam,
431 1927 568 2014 ipsoque
587 1925 694 1988 ferens
713 1923 842 1988 fastidia
854 1924 937 1989 visu.

211 2045 296 2108 Tum
316 2045 384 2108 sola
402 2041 556 2121 colluvie,
574 2056 672 2127 atque
690 2039 779 2104 illisis
796 2031 949 2104 stramina
966 2043 1086 2104 mensis

214 2159 312 2226 Foeda
329 2160 457 2248 rigant3
474 2156 619 2220 stridunt
637 2157 712 2237 alm,
727 2155 900 2244 praedaque
917 2173 1060 2238 retenta,

212 2276 308 2339 Saevit
320 2273 487 2361 utrimque
504 2273 622 2353 fames;
639 2294 700 2335 nec
715 2272 824 2336 solum
843 2271 1008 2336 horrenda
1030 2273 1157 2336 Celaeno

212 2389 355 2464 Phinea,
379 2387 436 2451 sed
452 2386 584 2450 miseras
601 2386 698 2450 etiam
716 2385 892 2475 prohibere
912 2409 1049 2451 sorores.
1206 2405 1247 2441 ⁵01·

201 2607 256 2667 489.
266 2605 352 2650 lubeat
362 2603 493 2648 admittere.
505 2602 581 2648 Vatia.
596 2603 648 2649 eod.
666 2603 782 2666 Ventique
790 2603 877 2664 jubone
887 2607 990 2650 amittere
1000 2620 1077 2650 curae.
1090 2605 1181 2650 bonon.
1194 2605 1248 2650 cod.

170 2712 202 2721 -
213 2685 268 2748 493.
279 2685 354 2732 Patri.
366 2683 442 2728 Vstic.
454 2681 508 2730 cod.
519 2683 604 2728 Pana.
616 2684 704 2730 Bouou.
717 2683 773 2730 cod.
786 2693 810 2729 ct
821 2683 876 2730 edd.
887 2692 942 2730 anto
954 2684 1018 2729 Gerr.
1035 2684 1080 2730 Eu.

209 2877 269 2939 485.
281 2877 325 2931 Sic
334 2877 371 2930 uit
382 2918 389 2943 ,
401 2888 427 2929 et
436 2895 528 2929 omues
538 2873 572 2928 ad
582 2875 689 2928 misera·
732 2886 791 2946 post
804 2875 903 2929 eaedem
914 2875 1040 2929 dicuntur
1046 2879 1144 2942 Cocytia
1156 2878 1246 2937 nubes,

170 2959 270 3012 tionem
282 2957 412 3029 compulit
430 2955 621 3009 calamitatibus
633 2954 689 3008 anis
732 2955 861 3021 turbinis,
875 2955 996 3028 procella
1011 2955 1110 3020 instar,
1128 2973 1176 3026 per
1188 2973 1249 3008 acra

172 3035 337 3091 enarrandis.
365 3040 442 3088 Sinas!
465 3053 588 3104 aequora,
610 3038 685 3086 sunus
732 3046 851 3097 ruentes,
873 3053 932 3107 qua
951 3037 1020 3085 nubis
1034 3033 1194 3105 significatio
1211 3046 1250 3088 est

171 3131 240 3168 astra
250 3131 365 3177 servant,
380 3114 452 3168 unde
461 3113 593 3187 Harpyias
603 3113 689 3166 affore
733 3115 829 3178 etiam,
844 3116 903 3179 ΙΙΙ,
920 3116 979 3167 500.

173 3196 309 3249 timebant.
771 3201 832 3262 494.
846 3200 924 3245 Unum
942 3211 1025 3244 omnes
1040 3195 1161 3243 incessere
1174 3195 1251 3260 plan-

209 3281 270 3343 490.
284 3277 404 3327 Pollentia
412 3276 498 3341 primae
510 3278 561 3323 Ora
576 3272 691 3340 senisfit·
736 3276 810 3324 eribus
828 3273 947 3333 alarum
964 3272 1001 3324 sic
1012 3270 1106 3342 virgil.
1119 3273 1180 3322 AEn.
1191 3270 1251 3333 III,

171 3373 232 3423 gere
242 3373 343 3412 manas,
358 3351 450 3423 prima
465 3369 558 3404 manus
573 3360 634 3403 sunt
648 3349 689 3402 di·
738 3355 788 3405 226
808 3369 814 3403 :
835 3356 935 3422 magnis
959 3354 1072 3420 qrcatiune
1095 3353 1251 3416 clangoribus

173 3433 240 3504 gili,
257 3449 309 3502 pne
326 3443 427 3484 terrore
443 3441 641 3501 torpescentes,
661 3439 693 3482 ut
736 3437 803 3485 alas.

174 3511 214 3564 ori
224 3510 427 3564 admovereeos
440 3528 494 3560 non
506 3521 602 3580 posset.
773 3515 834 3579 496.
846 3516 903 3580 Ipso
904 3513 995 3579 serens
997 3512 1107 3579 fastidia
1113 3511 1180 3560 visu.
1194 3511 1251 3560 lion

211 3592 273 3659 493.
285 3591 567 3659 Fragratacerbuscdor
575 3591 585 3658 (
593 3587 650 3640 vid.
663 3608 690 3641 r.
737 3594 806 3650 sola,
819 3591 968 3660 pavimenta
977 3593 1106 3656 ,colluvie‚
1122 3601 1197 3655 atque
1209 3586 1254 3639 illi·

176 3671 243 3741 455)
255 3710 262 3735 ,
269 3673 394 3740 patriique
406 3671 518 3736 exspirat
526 3671 617 3718 Averni
623 3671 692 3718 Hali·
737 3673 771 3719 sis
784 3673 917 3730 strarnina,
932 3669 1062 3740 stragulae
1074 3680 1173 3731 vestes,
1188 3687 1254 3719 men·

176 3769 222 3804 aas.
240 3755 374 3804 Avernum
387 3749 501 3820 patrium
513 3747 569 3800 noli
581 3747 691 3811 mirari,
737 3751 770 3799 sis
779 3751 856 3816 soeda
869 3751 963 3816 rigant.
976 3749 1122 3802 Fastidiosa
1133 3748 1254 3818 prolecto

176 3849 240 3883 nam
251 3830 374 3882 Valerius
384 3827 544 3901 Typhonem
554 3865 561 3890 ,
571 3843 651 3898 quem
664 3826 693 3876 in
737 3827 794 3881 haec
805 3840 881 3893 sunt,
893 3829 938 3882 sed
952 3841 1098 3900 praeeuntes
1109 3827 1189 3880 habet
1200 3829 1254 3899 epi·

176 3909 462 3980 Tartrropoenasluere
470 3907 695 3958 fabulator-canar-
738 3925 783 3960 cos
794 3917 820 3960 et
828 3907 899 3979 ipsos
910 3919 1000 3979 poetas
1008 3907 1256 3960 HomerumetVir-

177 4001 253 4054 rant,
265 3987 442 4060 Harpyiarum
452 3997 555 4058 patrem
570 3984 651 4046 lacit,
665 4003 692 4035 v.
738 3985 840 4057 gilium.
848 3985 911 4038 vid.
920 3986 1030 4039 omnino
1037 3977 1181 4059 Heyuium‚
1189 3985 1255 4038 Exc.

178 4067 467 4139 428‚e1516;vngi1.
481 4069 543 4118 AEn.
555 4066 613 4127 111,
625 4065 676 4118 21⁵
687 4081 694 4116 :
740 4065 823 4132 xvj,
836 4063 870 4117 ad
879 4065 977 4138 virgil.
988 4069 1050 4119 AEn.
1062 4065 1113 4116 Ill.

180 4167 227 4198 nec
238 4151 326 4197 saevior
334 4151 386 4199 ulla
395 4150 470 4197 Pesn's
479 4162 503 4198 et
512 4148 550 4196 ira
560 4149 631 4196 deum
640 4143 698 4216 Sty·
777 4150 838 4214 499.
859 4149 932 4197 Soevit
942 4149 1061 4214 utn'mque
1066 4147 1162 4214 sames.
1179 4143 1258 4194 Dixe-

179 4225 230 4296 giis
246 4245 299 4276 sese
312 4230 399 4277 excutit
412 4224 500 4278 undis.
520 4223 559 4276 Ad
575 4223 696 4276 eamdem
714 4236 783 4276 crat
800 4243 878 4296 supra
894 4226 1024 4288 Phineus,
1040 4245 1065 4277 v.
1076 4227 1144 4288 456:
1160 4229 1255 4289 Parque

182 4304 311 4374 originem
328 4304 514 4367 referendum,
529 4301 601 4375 quod
617 4303 697 4375 paulo
742 4307 801 4356 eniti
812 4308 1073 4375 monstroqnesames.
1084 4305 1132 4354 Eu.
