3192 5128
487 549 747 618 PRAEFATIO
777 549 947 618 PRIMA.
1193 574 1251 620 out

177 678 404 745 enatandum
431 681 689 768 requirebantur.
716 681 894 747 Recondita
920 683 1016 745 etiam
1041 682 1120 746 vatis
1149 683 1251 746 nostri

180 785 356 867 doctrina,
373 802 406 849 et
430 808 497 850 non
519 787 658 875 vulgaris
686 803 719 852 et
736 787 883 852 abstmsa
899 809 982 876 saepe
1000 786 1156 874 loquendi
1171 787 1253 851 ratic

179 891 263 955 alios
286 892 480 980 interpretes
500 891 712 958 desiderabat.
734 894 818 958 Hinc
841 916 974 981 quoque
995 909 1078 981 puto
1101 892 1252 956 Flaccum

182 995 453 1062 scholasticorum
470 998 681 1075 nostratium,
693 999 750 1086 qui
762 1013 812 1063 tot
824 1015 971 1063 auctores
983 1014 1252 1086 conspurcarunt,

183 1123 303 1166 manus
315 1104 479 1168 obscaenas
490 1103 644 1187 evasisse,
655 1127 756 1191 quum
764 1103 911 1170 viderent
924 1126 991 1168 non
1003 1120 1068 1168 tam
1080 1105 1143 1168 leri
1155 1126 1254 1192 opera

184 1207 276 1271 hunc
299 1230 394 1295 posse
419 1208 556 1276 extrudi.
582 1211 624 1276 Et
647 1225 754 1274 tamen
783 1235 870 1275 unus
898 1211 1046 1277 omnium
1069 1209 1254 1274 merebatur

184 1312 343 1394 Flaccus,
361 1315 418 1402 qui
438 1337 457 1378 a
478 1314 567 1397 viro,
584 1315 617 1380 in
635 1316 734 1379 literis
752 1316 1032 1396 exercitatissimo,
1050 1329 1208 1403 perpetuo
1220 1328 1254 1378 et

185 1416 354 1482 uberrimo
379 1419 612 1484 commentario
634 1419 864 1501 illustraretur,
883 1421 940 1507 qui
959 1443 1072 1485 omnes
1095 1419 1252 1500 salebras,

185 1523 219 1585 in
235 1523 356 1611 quibus
368 1523 467 1588 hodie
482 1525 662 1607 haeremus,
680 1523 933 1607 demonstraret,
950 1541 983 1590 et
999 1529 1066 1606 ejus
1080 1525 1253 1604 lectionem

185 1628 407 1714 planissimam
424 1629 582 1695 redderet.
601 1631 753 1695 Promisit
769 1631 854 1695 hanc
870 1647 982 1696 nostro
994 1633 1109 1696 Flacco
1121 1653 1254 1718 operam

185 1757 272 1822 saepe
288 1735 324 1798 in
340 1737 579 1800 commentariis
603 1737 669 1801 suis
694 1736 735 1802 ad
756 1737 893 1801 Statium
913 1737 1080 1820 Bamhius5
1100 1737 1157 1801 sed
1179 1759 1256 1802 cum

186 1838 324 1904 insutus
339 1841 409 1904 niu
427 1841 635 1905 eruditissimi
651 1819 1156 1923 ssrssossu,ve11nterciait
1175 1840 1255 1904 inus

187 1945 365 2034 scriptum,
377 1947 429 2010 vel
441 1948 542 2012 avire
555 1945 802 2037 occupatissimo
816 1948 972 2012 elaborari
987 1948 1123 2035 nequiit.
1137 1945 1201 2012 Sed
1214 1946 1255 2010 ad

188 2051 253 2116 hoc
273 2075 356 2142 opus
377 2052 650 2142 aggrediendum,
672 2077 770 2119 nemo
791 2055 942 2118 arcuatis
962 2055 1061 2118 literis
1079 2054 1180 2144 magis
1200 2075 1254 2117 ac-

188 2159 415 2224 commodatus
435 2160 568 2248 reperiri
586 2162 761 2249 potuisset,
784 2183 882 2248 quarn
899 2161 948 2224 vir
964 2161 996 2223 in
1012 2160 1117 2248 poetis
1133 2159 1254 2223 utrius—

188 2285 253 2350 que
268 2265 387 2354 linguae
402 2267 654 2348 versatissimus,
671 2267 823 2331 Nicolaus
842 2266 1013 2352 Heinsius,
1032 2266 1090 2353 qui
1104 2265 1256 2329 tamieli·

189 2370 279 2452 citer,
292 2393 407 2436 omnes
418 2373 504 2455 fere,
518 2395 600 2461 quos
614 2374 741 2437 Latium
754 2373 849 2437 nobis
861 2373 1051 2452 transmisit,
1066 2371 1256 2460 explanavit.

189 2476 260 2539 lam
296 2475 481 2542 adolescens
510 2478 600 2543 hunc
630 2479 710 2563 sibi,
738 2479 877 2544 lectione
902 2477 1079 2542 identidem
1102 2479 1256 2567 repetita,

190 2604 347 2669 perquam
364 2583 550 2649 familiarem
559 2583 768 2666 reddiderat,
790 2608 851 2649 nec
864 2607 979 2649 eorum
995 2606 1120 2648 morem
1135 2607 1257 2672 sequu-

191 2703 244 2750 tus
257 2703 345 2772 erat,
362 2690 421 2779 qui
436 2705 507 2754 tum
519 2688 650 2754 demum
663 2689 704 2754 ad
720 2691 909 2777 scriptorem
923 2688 1096 2777 quemdam
1109 2690 1256 2752 animum

189 2793 370 2880 appellunt,
380 2818 482 2884 quum
492 2796 605 2862 rident
614 2795 824 2886 typographis
833 2797 867 2859 in
882 2811 1024 2859 mentem
1033 2795 1160 2876 venire,
1173 2795 1256 2884 typis

190 2923 267 2963 eunt
290 2900 481 2967 describere.
503 2903 587 2968 Sunt
606 2901 692 2966 enirn
712 2900 809 2965 hodie
826 2901 954 2965 venales
972 2898 1117 2988 quaedam
1136 2900 1257 2965 sentili-

191 3020 367 3070 teratorum
380 3008 510 3090 animae,
524 3029 597 3094 quae
610 3029 741 3096 operam
756 3027 848 3069 suam
861 3004 1071 3093 typographis
1086 3027 1146 3092 pro
1160 3005 1256 3069 folio-

190 3135 264 3176 rum
285 3136 424 3178 numero
441 3113 645 3197 addicentes,
661 3113 815 3179 omnibus
835 3112 1065 3200 scriptoribus,
1085 3112 1141 3198 qui
1161 3133 1256 3177 recu·

189 3218 326 3299 duntur,
339 3242 456 3285 manus
469 3243 543 3285 suas
556 3219 741 3284 admovent.
761 3219 853 3299 Quos
868 3217 975 3281 inutili
986 3217 1146 3305 farragine
1157 3216 1258 3280 adno-

189 3327 372 3409 tationum,
390 3326 536 3414 undique
555 3347 775 3408 corrasarum,
791 3324 898 3388 omnis
920 3323 996 3388 artis
1018 3322 1137 3388 criticoe
1153 3322 1258 3411 ignari

189 3447 345 3513 onerant,
361 3447 395 3496 et
405 3455 506 3520 saepe,
524 3447 563 3497 ut
574 3454 693 3522 pueros
709 3447 742 3495 et
753 3430 919 3526 imperitos
932 3430 1060 3509 fallant,
1079 3429 1212 3492 iconum
1225 3446 1257 3492 et

190 3539 424 3603 numismatum
446 3538 610 3604 lenocinio
643 3553 819 3618 exornant,
844 3537 942 3600 etita
966 3535 1039 3598 orbi
1063 3534 1256 3600 obtrudunt.

189 3645 259 3708 Alia
275 3660 344 3708 erat
358 3645 439 3708 ratic
461 3644 521 3716 riri
542 3644 752 3725 nobilissimi,
771 3643 828 3731 qui
851 3665 869 3705 a
889 3641 1027 3728 pueritia
1050 3641 1257 3706 severissimae

189 3749 366 3839 discipliuae
386 3751 582 3832 innutritus,
603 3748 722 3815 deinde
739 3747 902 3837 perraria
919 3747 1051 3827 itinera,
1068 3769 1105 3810 ea
1118 3748 1257 3835 conqui-

190 3857 305 3921 siverat
315 3880 355 3922 ex
367 3859 592 3946 manuscriptis
606 3855 768 3945 praesidia,
789 3855 910 3943 quibus
924 3853 1071 3918 munitus
1082 3854 1167 3917 hanc
1178 3876 1257 3940 prc-

189 3963 327 4027 vinciam
355 3963 416 4028 rite
443 3962 669 4027 administrare
696 3976 813 4049 posset.
838 3959 902 4026 Sed
928 3959 1049 4023 infelici
1073 3960 1180 4042 furto,
1201 3981 1260 4046 per

188 4067 364 4131 Lauernam
384 4089 551 4156 rapacem,
571 4066 744 4147 omnibus,
764 4087 836 4152 quae
858 4065 1048 4153 collegerat,
1064 4063 1195 4144 ablatis,
1212 4063 1259 4127 vi-

189 4168 326 4234 debatur
341 4170 448 4234 omnis
467 4169 535 4249 ejus
551 4170 614 4234 viri
631 4167 721 4231 labor
734 4165 955 4248 intercidisse,
974 4166 1007 4229 ni
1023 4164 1174 4229 extremis
1186 4164 1261 4227 vite

188 4272 300 4354 annis,
313 4270 445 4338 aliunde
458 4270 577 4336 iterum
590 4268 783 4358 comparatis
798 4267 966 4349 subsidiis,
979 4266 1191 4332 intermissam
1202 4287 1259 4329 cus
