<?xml version="1.0" encoding="UTF-8"?>
<!DOCTYPE html PUBLIC "-//W3C//DTD XHTML 1.0 Transitional//EN"
    "http://www.w3.org/TR/xhtml1/DTD/xhtml1-transitional.dtd">
<html xmlns="http://www.w3.org/1999/xhtml" xml:lang="en" lang="en">
 <head>
  <title>
</title>
<meta http-equiv="Content-Type" content="text/html;charset=utf-8" />
  <meta name='ocr-system' content='tesseract 3.04.00' />
  <meta name='ocr-capabilities' content='ocr_page ocr_carea ocr_par ocr_line ocrx_word'/>
</head>
<body>
  <div class='ocr_page' id='page_1' title='image "./cvaleriiflaccis00apolgoog_0133.png"; bbox 0 0 3192 5128; ppageno 0'>
   <div class='ocr_carea' id='block_1_1' title="bbox 367 467 1137 584">
    <p class='ocr_par' dir='ltr' id='par_1_1' title="bbox 367 467 1137 584">
     <span class='ocr_line' id='line_1_1' title="bbox 367 467 1137 584; baseline -0.005 -4"><span class='ocrx_word' id='word_1_1' title='bbox 367 533 463 584; x_wconf 69' lang='lat' dir='ltr'><strong>exau</strong></span> <span class='ocrx_word' id='word_1_2' title='bbox 684 467 835 574; x_wconf 79' lang='lat' dir='ltr'><strong>emm</strong></span> <span class='ocrx_word' id='word_1_3' title='bbox 863 506 1137 579; x_wconf 74' lang='lat' dir='ltr'><strong>nennium</strong></span> 
     </span>
    </p>
   </div>
   <div class='ocr_carea' id='block_1_2' title="bbox 366 633 1444 1680">
    <p class='ocr_par' dir='ltr' id='par_1_2' title="bbox 366 633 1444 1680">
     <span class='ocr_line' id='line_1_2' title="bbox 366 633 1439 724; baseline -0.003 -18"><span class='ocrx_word' id='word_1_4' title='bbox 366 641 483 706; x_wconf 86' lang='lat' dir='ltr'><strong>Balbus</strong></span> <span class='ocrx_word' id='word_1_5' title='bbox 496 638 581 702; x_wconf 87' lang='lat' dir='ltr'><strong>Setia</strong></span> <span class='ocrx_word' id='word_1_6' title='bbox 594 636 715 700; x_wconf 85' lang='lat' dir='ltr'><strong>scilieet</strong></span> <span class='ocrx_word' id='word_1_7' title='bbox 730 633 906 719; x_wconf 87' lang='lat' dir='ltr'><strong>oriundus,</strong></span> <span class='ocrx_word' id='word_1_8' title='bbox 926 637 1073 724; x_wconf 80' lang='lat' dir='ltr'><strong>quamvis</strong></span> <span class='ocrx_word' id='word_1_9' title='bbox 1089 635 1124 703; x_wconf 92' lang='lat' dir='ltr'><strong>id</strong></span> <span class='ocrx_word' id='word_1_10' title='bbox 1139 636 1317 724; x_wconf 84' lang='lat' dir='ltr'><strong>aliquando</strong></span> <span class='ocrx_word' id='word_1_11' title='bbox 1331 639 1439 703; x_wconf 83' lang='lat' dir='ltr'><strong>fallere</strong></span> 
     </span>
     <span class='ocr_line' id='line_1_3' title="bbox 367 740 1439 832; baseline -0.003 -21"><span class='ocrx_word' id='word_1_12' title='bbox 367 745 598 812; x_wconf 79' lang='lat' dir='ltr'><strong>addiderimus.</strong></span> <span class='ocrx_word' id='word_1_13' title='bbox 618 740 777 831; x_wconf 90' lang='lat' dir='ltr'><strong>Lepidum</strong></span> <span class='ocrx_word' id='word_1_14' title='bbox 801 757 910 806; x_wconf 87' lang='lat' dir='ltr'><strong>autem</strong></span> <span class='ocrx_word' id='word_1_15' title='bbox 930 757 995 823; x_wconf 86' lang='lat' dir='ltr'><strong>est,</strong></span> <span class='ocrx_word' id='word_1_16' title='bbox 1015 741 1105 830; x_wconf 93' lang='lat' dir='ltr'><strong>quod</strong></span> <span class='ocrx_word' id='word_1_17' title='bbox 1125 741 1266 806; x_wconf 86' lang='lat' dir='ltr'><strong>Flaviani</strong></span> <span class='ocrx_word' id='word_1_18' title='bbox 1284 745 1439 832; x_wconf 86' lang='lat' dir='ltr'><strong>temporis</strong></span> 
     </span>
     <span class='ocr_line' id='line_1_4' title="bbox 366 847 1439 934; baseline -0.005 -15"><span class='ocrx_word' id='word_1_19' title='bbox 366 851 507 920; x_wconf 83' lang='lat' dir='ltr'><strong>adducat</strong></span> <span class='ocrx_word' id='word_1_20' title='bbox 525 849 560 914; x_wconf 91' lang='lat' dir='ltr'><strong>in</strong></span> <span class='ocrx_word' id='word_1_21' title='bbox 582 847 766 934; x_wconf 83' lang='lat' dir='ltr'><strong>exemplum</strong></span> <span class='ocrx_word' id='word_1_22' title='bbox 785 848 822 911; x_wconf 88' lang='lat' dir='ltr'><strong>T.</strong></span> <span class='ocrx_word' id='word_1_23' title='bbox 843 848 1004 912; x_wconf 84' lang='lat' dir='ltr'><strong>Plautium</strong></span> <span class='ocrx_word' id='word_1_24' title='bbox 1024 847 1190 914; x_wconf 85' lang='lat' dir='ltr'><strong>Silvanum</strong></span> <span class='ocrx_word' id='word_1_25' title='bbox 1207 849 1439 932; x_wconf 86' lang='lat' dir='ltr'><strong>AEmilianum,</strong></span> 
     </span>
     <span class='ocr_line' id='line_1_5' title="bbox 367 951 1439 1047; baseline -0.001 -26"><span class='ocrx_word' id='word_1_26' title='bbox 367 981 471 1047; x_wconf 91' lang='lat' dir='ltr'><strong>quum</strong></span> <span class='ocrx_word' id='word_1_27' title='bbox 490 955 600 1045; x_wconf 87' lang='lat' dir='ltr'><strong>pueris</strong></span> <span class='ocrx_word' id='word_1_28' title='bbox 616 969 763 1035; x_wconf 85' lang='lat' dir='ltr'><strong>constet,</strong></span> <span class='ocrx_word' id='word_1_29' title='bbox 784 951 866 1016; x_wconf 92' lang='lat' dir='ltr'><strong>illud</strong></span> <span class='ocrx_word' id='word_1_30' title='bbox 883 953 1037 1017; x_wconf 90' lang='lat' dir='ltr'><strong>ultimum</strong></span> <span class='ocrx_word' id='word_1_31' title='bbox 1054 975 1175 1018; x_wconf 90' lang='lat' dir='ltr'><strong>nomen</strong></span> <span class='ocrx_word' id='word_1_32' title='bbox 1195 978 1264 1019; x_wconf 87' lang='lat' dir='ltr'><strong>esse</strong></span> <span class='ocrx_word' id='word_1_33' title='bbox 1282 953 1439 1022; x_wconf 80' lang='lat' dir='ltr'><strong>indicium</strong></span> 
     </span>
     <span class='ocr_line' id='line_1_6' title="bbox 367 1059 1440 1152; baseline -0.005 -21"><span class='ocrx_word' id='word_1_34' title='bbox 367 1063 574 1152; x_wconf 83' lang='lat' dir='ltr'><strong>adoptionis,</strong></span> <span class='ocrx_word' id='word_1_35' title='bbox 591 1061 696 1149; x_wconf 81' lang='lat' dir='ltr'><strong>qualia</strong></span> <span class='ocrx_word' id='word_1_36' title='bbox 712 1075 823 1147; x_wconf 84' lang='lat' dir='ltr'><strong>aperte</strong></span> <span class='ocrx_word' id='word_1_37' title='bbox 839 1059 993 1122; x_wconf 80' lang='lat' dir='ltr'>Heinsius</span> <span class='ocrx_word' id='word_1_38' title='bbox 1011 1076 1190 1149; x_wconf 79' lang='lat' dir='ltr'><strong>exceperat.</strong></span> <span class='ocrx_word' id='word_1_39' title='bbox 1207 1061 1270 1126; x_wconf 85' lang='lat' dir='ltr'><strong>Sed</strong></span> <span class='ocrx_word' id='word_1_40' title='bbox 1288 1083 1350 1126; x_wconf 89' lang='lat' dir='ltr'><strong>nec</strong></span> <span class='ocrx_word' id='word_1_41' title='bbox 1369 1085 1440 1126; x_wconf 90' lang='lat' dir='ltr'><strong>me-</strong></span> 
     </span>
     <span class='ocr_line' id='line_1_7' title="bbox 367 1165 1442 1258; baseline -0.003 -23"><span class='ocrx_word' id='word_1_42' title='bbox 367 1171 441 1236; x_wconf 90' lang='lat' dir='ltr'><strong>liori</strong></span> <span class='ocrx_word' id='word_1_43' title='bbox 456 1168 521 1234; x_wconf 88' lang='lat' dir='ltr'><strong>lide</strong></span> <span class='ocrx_word' id='word_1_44' title='bbox 532 1165 652 1234; x_wconf 89' lang='lat' dir='ltr'><strong>deinde</strong></span> <span class='ocrx_word' id='word_1_45' title='bbox 664 1187 725 1255; x_wconf 89' lang='lat' dir='ltr'><strong>pro</strong></span> <span class='ocrx_word' id='word_1_46' title='bbox 739 1187 797 1228; x_wconf 89' lang='lat' dir='ltr'><strong>sua</strong></span> <span class='ocrx_word' id='word_1_47' title='bbox 810 1165 970 1230; x_wconf 88' lang='lat' dir='ltr'><strong>sententia</strong></span> <span class='ocrx_word' id='word_1_48' title='bbox 982 1165 1114 1230; x_wconf 82' lang='lat' dir='ltr'><strong>adducit</strong></span> <span class='ocrx_word' id='word_1_49' title='bbox 1125 1167 1333 1258; x_wconf 76' lang='lat' dir='ltr'><strong>pignorium,</strong></span> <span class='ocrx_word' id='word_1_50' title='bbox 1349 1169 1442 1256; x_wconf 89' lang='lat' dir='ltr'><strong>quasi</strong></span> 
     </span>
     <span class='ocr_line' id='line_1_8' title="bbox 368 1269 1443 1361; baseline 0.002 -23"><span class='ocrx_word' id='word_1_51' title='bbox 368 1277 421 1340; x_wconf 89' lang='lat' dir='ltr'><strong>ille</strong></span> <span class='ocrx_word' id='word_1_52' title='bbox 440 1276 476 1338; x_wconf 90' lang='lat' dir='ltr'><strong>in</strong></span> <span class='ocrx_word' id='word_1_53' title='bbox 493 1274 577 1342; x_wconf 88' lang='lat' dir='ltr'><strong>libro</strong></span> <span class='ocrx_word' id='word_1_54' title='bbox 597 1271 640 1336; x_wconf 90' lang='lat' dir='ltr'><strong>de</strong></span> <span class='ocrx_word' id='word_1_55' title='bbox 658 1269 848 1360; x_wconf 83' lang='lat' dir='ltr'><strong>Originibus</strong></span> <span class='ocrx_word' id='word_1_56' title='bbox 867 1269 1046 1353; x_wconf 80' lang='lat' dir='ltr'><strong>Patavinis,</strong></span> <span class='ocrx_word' id='word_1_57' title='bbox 1062 1295 1134 1361; x_wconf 89' lang='lat' dir='ltr'><strong>pag.</strong></span> <span class='ocrx_word' id='word_1_58' title='bbox 1153 1274 1234 1352; x_wconf 83' lang='lat'><strong>113,</strong></span> <span class='ocrx_word' id='word_1_59' title='bbox 1249 1290 1387 1340; x_wconf 83' lang='lat' dir='ltr'><strong>testetur</strong></span> <span class='ocrx_word' id='word_1_60' title='bbox 1402 1297 1443 1340; x_wconf 84' lang='lat' dir='ltr'><strong>ex</strong></span> 
     </span>
     <span class='ocr_line' id='line_1_9' title="bbox 368 1374 1442 1468; baseline -0.001 -22"><span class='ocrx_word' id='word_1_61' title='bbox 368 1381 510 1468; x_wconf 78' lang='lat' dir='ltr'><strong>antiquis</strong></span> <span class='ocrx_word' id='word_1_62' title='bbox 529 1376 727 1443; x_wconf 87' lang='lat' dir='ltr'><strong>editionibus</strong></span> <span class='ocrx_word' id='word_1_63' title='bbox 746 1376 850 1444; x_wconf 82' lang='lat' dir='ltr'><strong>nostri</strong></span> <span class='ocrx_word' id='word_1_64' title='bbox 864 1374 983 1440; x_wconf 82' lang='lat' dir='ltr'><strong>Valerii</strong></span> <span class='ocrx_word' id='word_1_65' title='bbox 1006 1377 1148 1465; x_wconf 84' lang='lat' dir='ltr'><strong>liquere,</strong></span> <span class='ocrx_word' id='word_1_66' title='bbox 1170 1381 1320 1445; x_wconf 83' lang='lat' dir='ltr'><strong>Flaccum</strong></span> <span class='ocrx_word' id='word_1_67' title='bbox 1341 1380 1442 1444; x_wconf 85' lang='lat' dir='ltr'><strong>fuisse</strong></span> 
     </span>
     <span class='ocr_line' id='line_1_10' title="bbox 369 1483 1443 1581; baseline -0.001 -28"><span class='ocrx_word' id='word_1_68' title='bbox 369 1487 537 1568; x_wconf 87' lang='lat' dir='ltr'><strong>Setinum,</strong></span> <span class='ocrx_word' id='word_1_69' title='bbox 554 1508 622 1549; x_wconf 91' lang='lat' dir='ltr'><strong>non</strong></span> <span class='ocrx_word' id='word_1_70' title='bbox 636 1483 846 1581; x_wconf 78' lang='lat' dir='ltr'><strong>Patauinum,</strong></span> <span class='ocrx_word' id='word_1_71' title='bbox 861 1505 964 1571; x_wconf 90' lang='lat' dir='ltr'><strong>quum</strong></span> <span class='ocrx_word' id='word_1_72' title='bbox 977 1483 1031 1547; x_wconf 90' lang='lat' dir='ltr'><strong>ille</strong></span> <span class='ocrx_word' id='word_1_73' title='bbox 1042 1485 1126 1550; x_wconf 90' lang='lat' dir='ltr'><strong>nihil</strong></span> <span class='ocrx_word' id='word_1_74' title='bbox 1136 1484 1290 1570; x_wconf 87' lang='lat' dir='ltr'><strong>affirmet,</strong></span> <span class='ocrx_word' id='word_1_75' title='bbox 1304 1487 1362 1552; x_wconf 88' lang='lat' dir='ltr'><strong>sed</strong></span> <span class='ocrx_word' id='word_1_76' title='bbox 1373 1488 1443 1552; x_wconf 79' lang='lat' dir='ltr'><strong>haec</strong></span> 
     </span>
     <span class='ocr_line' id='line_1_11' title="bbox 370 1589 1444 1680; baseline -0.003 -20"><span class='ocrx_word' id='word_1_77' title='bbox 370 1610 499 1663; x_wconf 87' lang='lat' dir='ltr'><strong>tantum</strong></span> <span class='ocrx_word' id='word_1_78' title='bbox 510 1592 615 1657; x_wconf 88' lang='lat' dir='ltr'><strong>dicat:</strong></span> <span class='ocrx_word' id='word_1_79' title='bbox 634 1590 729 1656; x_wconf 71' lang='lat' dir='ltr'><strong>caan</strong></span> <span class='ocrx_word' id='word_1_80' title='bbox 743 1589 780 1654; x_wconf 89' lang='lat' dir='ltr'><em>V</em></span> <span class='ocrx_word' id='word_1_81' title='bbox 774 1589 890 1656; x_wconf 65' lang='lat' dir='ltr'><strong>aurea</strong></span> <span class='ocrx_word' id='word_1_82' title='bbox 903 1589 1057 1670; x_wconf 78' lang='lat' dir='ltr'><strong>Flaccus,</strong></span> <span class='ocrx_word' id='word_1_83' title='bbox 1074 1593 1132 1680; x_wconf 83' lang='lat' dir='ltr'><strong>qui</strong></span> <span class='ocrx_word' id='word_1_84' title='bbox 1140 1593 1358 1680; x_wconf 64' lang='lat' dir='ltr'><strong>Argonautica</strong></span> <span class='ocrx_word' id='word_1_85' title='bbox 1370 1597 1444 1657; x_wconf 85' lang='lat' dir='ltr'><strong>scri·</strong></span> 
     </span>
    </p>
   </div>
   <div class='ocr_carea' id='block_1_3' title="bbox 365 1694 1562 1790">
    <p class='ocr_par' dir='ltr' id='par_1_3' title="bbox 365 1694 1562 1790">
     <span class='ocr_line' id='line_1_12' title="bbox 365 1694 1562 1790; baseline -0.003 -25"><span class='ocrx_word' id='word_1_86' title='bbox 365 1701 449 1790; x_wconf 82' lang='lat' dir='ltr'><strong>psit,</strong></span> <span class='ocrx_word' id='word_1_87' title='bbox 467 1721 511 1763; x_wconf 87' lang='lat' dir='ltr'><strong>an</strong></span> <span class='ocrx_word' id='word_1_88' title='bbox 528 1694 762 1784; x_wconf 80' lang='lat' dir='ltr'><strong>nostrnssuerit</strong></span> <span class='ocrx_word' id='word_1_89' title='bbox 769 1744 781 1777; x_wconf 94' lang='lat'><strong>,</strong></span> <span class='ocrx_word' id='word_1_90' title='bbox 796 1695 916 1761; x_wconf 81' lang='lat' dir='ltr'><strong>dubito.</strong></span> <span class='ocrx_word' id='word_1_91' title='bbox 930 1697 1066 1786; x_wconf 84' lang='lat' dir='ltr'><strong>Antiqui</strong></span> <span class='ocrx_word' id='word_1_92' title='bbox 1079 1697 1155 1760; x_wconf 80' lang='lat' dir='ltr'><strong>libri</strong></span> <span class='ocrx_word' id='word_1_93' title='bbox 1167 1699 1309 1764; x_wconf 78' lang='lat' dir='ltr'><strong>Setinum</strong></span> <span class='ocrx_word' id='word_1_94' title='bbox 1320 1723 1443 1766; x_wconf 56' lang='lat' dir='ltr'><strong>truncum</strong></span> <span class='ocrx_word' id='word_1_95' title='bbox 1559 1699 1562 1704; x_wconf 86' lang='grc'><strong>’</strong></span> 
     </span>
    </p>
   </div>
   <div class='ocr_carea' id='block_1_4' title="bbox 342 1799 1455 4327">
    <p class='ocr_par' dir='ltr' id='par_1_4' title="bbox 342 1799 1455 4327">
     <span class='ocr_line' id='line_1_13' title="bbox 364 1799 1442 1896; baseline -0.001 -27"><span class='ocrx_word' id='word_1_96' title='bbox 364 1819 472 1896; x_wconf 81' lang='lat' dir='ltr'><strong>pant:</strong></span> <span class='ocrx_word' id='word_1_97' title='bbox 487 1817 559 1872; x_wconf 80' lang='lat' dir='ltr'><strong>crat</strong></span> <span class='ocrx_word' id='word_1_98' title='bbox 576 1814 684 1866; x_wconf 78' lang='lat' dir='ltr'><strong>autem</strong></span> <span class='ocrx_word' id='word_1_99' title='bbox 706 1801 793 1865; x_wconf 82' lang='lat' dir='ltr'><strong>Setia</strong></span> <span class='ocrx_word' id='word_1_100' title='bbox 815 1804 849 1864; x_wconf 88' lang='lat' dir='ltr'><strong>in</strong></span> <span class='ocrx_word' id='word_1_101' title='bbox 869 1823 952 1889; x_wconf 79' lang='lat' dir='ltr'><strong>agro</strong></span> <span class='ocrx_word' id='word_1_102' title='bbox 972 1822 1127 1883; x_wconf 79' lang='lat' dir='ltr'><strong>remano,</strong></span> <span class='ocrx_word' id='word_1_103' title='bbox 1134 1799 1245 1888; x_wconf 82' lang='lat' dir='ltr'><strong>ferax</strong></span> <span class='ocrx_word' id='word_1_104' title='bbox 1263 1803 1337 1866; x_wconf 88' lang='lat' dir='ltr'><strong>boni</strong></span> <span class='ocrx_word' id='word_1_105' title='bbox 1354 1806 1442 1885; x_wconf 80' lang='lat' dir='ltr'><strong>vini,</strong></span> 
     </span>
     <span class='ocr_line' id='line_1_14' title="bbox 370 1905 1445 2001; baseline -0.001 -27"><span class='ocrx_word' id='word_1_106' title='bbox 370 1909 459 2001; x_wconf 84' lang='lat' dir='ltr'><strong>quod</strong></span> <span class='ocrx_word' id='word_1_107' title='bbox 467 1910 607 1978; x_wconf 78' lang='lat' dir='ltr'><strong>Setinum</strong></span> <span class='ocrx_word' id='word_1_108' title='bbox 622 1905 759 1987; x_wconf 78' lang='lat' dir='ltr'><strong>dicitur3</strong></span> <span class='ocrx_word' id='word_1_109' title='bbox 776 1929 861 1970; x_wconf 90' lang='lat' dir='ltr'><strong>nunc</strong></span> <span class='ocrx_word' id='word_1_110' title='bbox 875 1929 953 1974; x_wconf 80' lang='lat' dir='ltr'><strong>vero</strong></span> <span class='ocrx_word' id='word_1_111' title='bbox 966 1919 1012 1970; x_wconf 84' lang='lat' dir='ltr'><strong>est</strong></span> <span class='ocrx_word' id='word_1_112' title='bbox 1025 1905 1134 1971; x_wconf 77' lang='lat' dir='ltr'><strong>Sanno.</strong></span> <span class='ocrx_word' id='word_1_113' title='bbox 1147 1905 1278 1972; x_wconf 75' lang='lat' dir='ltr'><strong>Iudicat</strong></span> <span class='ocrx_word' id='word_1_114' title='bbox 1292 1909 1329 1973; x_wconf 72' lang='lat' dir='ltr'><strong>ic</strong></span> <span class='ocrx_word' id='word_1_115' title='bbox 1337 1923 1368 1974; x_wconf 82' lang='lat' dir='ltr'><strong>et</strong></span> <span class='ocrx_word' id='word_1_116' title='bbox 1377 1911 1445 1973; x_wconf 84' lang='lat' dir='ltr'><strong>Ila·</strong></span> 
     </span>
     <span class='ocr_line' id='line_1_15' title="bbox 371 2011 1443 2104; baseline -0.004 -22"><span class='ocrx_word' id='word_1_117' title='bbox 371 2017 465 2082; x_wconf 60' lang='lat' dir='ltr'><strong>mnus</strong></span> <span class='ocrx_word' id='word_1_118' title='bbox 477 2015 525 2080; x_wconf 88' lang='lat' dir='ltr'><strong>ad</strong></span> <span class='ocrx_word' id='word_1_119' title='bbox 537 2011 685 2078; x_wconf 62' lang='lat' dir='ltr'><strong>Marem.</strong></span> <span class='ocrx_word' id='word_1_120' title='bbox 702 2011 756 2077; x_wconf 76' lang='lat' dir='ltr'><strong>tib.</strong></span> <span class='ocrx_word' id='word_1_121' title='bbox 771 2014 807 2094; x_wconf 89' lang='lat'><strong>1,</strong></span> <span class='ocrx_word' id='word_1_122' title='bbox 823 2013 885 2100; x_wconf 80' lang='lat' dir='ltr'><strong>Ep.</strong></span> <span class='ocrx_word' id='word_1_123' title='bbox 901 2037 954 2100; x_wconf 83' lang='lat'><strong>77.</strong></span> <span class='ocrx_word' id='word_1_124' title='bbox 966 2012 1044 2076; x_wconf 75' lang='lat' dir='ltr'><strong>Fuit</strong></span> <span class='ocrx_word' id='word_1_125' title='bbox 1053 2013 1180 2102; x_wconf 66' lang='lat' dir='ltr'><strong>quidem</strong></span> <span class='ocrx_word' id='word_1_126' title='bbox 1190 2015 1325 2078; x_wconf 83' lang='lat' dir='ltr'><strong>Flaccus</strong></span> <span class='ocrx_word' id='word_1_127' title='bbox 1328 2028 1426 2104; x_wconf 80' lang='lat' dir='ltr'><strong>pocta</strong></span> <span class='ocrx_word' id='word_1_128' title='bbox 1432 2065 1443 2097; x_wconf 94' lang='lat'><strong>,</strong></span> 
     </span>
     <span class='ocr_line' id='line_1_16' title="bbox 342 2119 1444 2208; baseline -0.004 -20"><span class='ocrx_word' id='word_1_129' title='bbox 342 2121 348 2136; x_wconf 89' lang='lat'>&#39;</span> <span class='ocrx_word' id='word_1_130' title='bbox 372 2125 547 2194; x_wconf 73' lang='lat' dir='ltr'><strong>Pacaunus</strong></span> <span class='ocrx_word' id='word_1_131' title='bbox 567 2122 696 2184; x_wconf 81' lang='lat' dir='ltr'><strong>natione</strong></span> <span class='ocrx_word' id='word_1_132' title='bbox 705 2167 716 2200; x_wconf 93' lang='lat'>‚</span> <span class='ocrx_word' id='word_1_133' title='bbox 736 2141 850 2188; x_wconf 79' lang='lat' dir='ltr'><strong>verum</strong></span> <span class='ocrx_word' id='word_1_134' title='bbox 866 2119 950 2184; x_wconf 75' lang='lat' dir='ltr'><strong>nihil</strong></span> <span class='ocrx_word' id='word_1_135' title='bbox 957 2131 1113 2208; x_wconf 66' lang='lat' dir='ltr'><strong>praetcrea</strong></span> <span class='ocrx_word' id='word_1_136' title='bbox 1129 2119 1170 2184; x_wconf 80' lang='lat' dir='ltr'><strong>de</strong></span> <span class='ocrx_word' id='word_1_137' title='bbox 1185 2122 1243 2184; x_wconf 81' lang='lat' dir='ltr'><strong>isto</strong></span> <span class='ocrx_word' id='word_1_138' title='bbox 1256 2125 1377 2185; x_wconf 79' lang='lat' dir='ltr'><strong>setheus.</strong></span> <span class='ocrx_word' id='word_1_139' title='bbox 1392 2125 1444 2186; x_wconf 85' lang='lat' dir='ltr'><strong>An</strong></span> 
     </span>
     <span class='ocr_line' id='line_1_17' title="bbox 372 2224 1446 2316; baseline 0 -24"><span class='ocrx_word' id='word_1_140' title='bbox 372 2229 445 2311; x_wconf 90' lang='lat' dir='ltr'><strong>ille,</strong></span> <span class='ocrx_word' id='word_1_141' title='bbox 461 2227 519 2316; x_wconf 92' lang='lat' dir='ltr'><strong>qui</strong></span> <span class='ocrx_word' id='word_1_142' title='bbox 533 2225 681 2306; x_wconf 86' lang='lat' dir='ltr'><strong>dubitat,</strong></span> <span class='ocrx_word' id='word_1_143' title='bbox 695 2240 832 2289; x_wconf 87' lang='lat' dir='ltr'><strong>testatur</strong></span> <span class='ocrx_word' id='word_1_144' title='bbox 851 2224 918 2288; x_wconf 89' lang='lat' dir='ltr'><strong>hoe</strong></span> <span class='ocrx_word' id='word_1_145' title='bbox 937 2225 1079 2312; x_wconf 84' lang='lat' dir='ltr'><strong>liquere,</strong></span> <span class='ocrx_word' id='word_1_146' title='bbox 1096 2225 1130 2288; x_wconf 90' lang='lat' dir='ltr'><strong>id</strong></span> <span class='ocrx_word' id='word_1_147' title='bbox 1146 2241 1211 2309; x_wconf 88' lang='lat' dir='ltr'><strong>est,</strong></span> <span class='ocrx_word' id='word_1_148' title='bbox 1229 2243 1354 2290; x_wconf 89' lang='lat' dir='ltr'><strong>certum</strong></span> <span class='ocrx_word' id='word_1_149' title='bbox 1376 2250 1446 2292; x_wconf 90' lang='lat' dir='ltr'><strong>esse</strong></span> 
     </span>
     <span class='ocr_line' id='line_1_18' title="bbox 374 2329 1447 2419; baseline -0.001 -21"><span class='ocrx_word' id='word_1_150' title='bbox 374 2351 407 2400; x_wconf 91' lang='lat' dir='ltr'><strong>et</strong></span> <span class='ocrx_word' id='word_1_151' title='bbox 420 2348 569 2398; x_wconf 80' lang='lat' dir='ltr'><strong>comtare</strong></span> <span class='ocrx_word' id='word_1_152' title='bbox 580 2354 620 2395; x_wconf 86' lang='lat' dir='ltr'><strong>ex</strong></span> <span class='ocrx_word' id='word_1_153' title='bbox 631 2331 773 2418; x_wconf 83' lang='lat' dir='ltr'><strong>antiquis</strong></span> <span class='ocrx_word' id='word_1_154' title='bbox 785 2329 984 2395; x_wconf 87' lang='lat' dir='ltr'><strong>editionibus</strong></span> <span class='ocrx_word' id='word_1_155' title='bbox 995 2329 1008 2393; x_wconf 71' lang='grc' dir='ltr'><strong><em>Ρ</em></strong></span> <span class='ocrx_word' id='word_1_156' title='bbox 1019 2331 1126 2394; x_wconf 89' lang='lat' dir='ltr'><strong>lmmo</strong></span> <span class='ocrx_word' id='word_1_157' title='bbox 1138 2331 1316 2419; x_wconf 80' lang='lat' dir='ltr'><strong>prudenter</strong></span> <span class='ocrx_word' id='word_1_158' title='bbox 1327 2333 1447 2397; x_wconf 86' lang='lat' dir='ltr'><strong>doctis·</strong></span> 
     </span>
     <span class='ocr_line' id='line_1_19' title="bbox 375 2434 1445 2526; baseline -0.001 -24"><span class='ocrx_word' id='word_1_159' title='bbox 375 2440 476 2502; x_wconf 79' lang='lat' dir='ltr'><strong>simus</strong></span> <span class='ocrx_word' id='word_1_160' title='bbox 492 2435 663 2526; x_wconf 86' lang='lat' dir='ltr'><strong>Pignorius</strong></span> <span class='ocrx_word' id='word_1_161' title='bbox 678 2457 747 2498; x_wconf 87' lang='lat' dir='ltr'><strong>rem</strong></span> <span class='ocrx_word' id='word_1_162' title='bbox 766 2435 800 2498; x_wconf 89' lang='lat' dir='ltr'><strong>in</strong></span> <span class='ocrx_word' id='word_1_163' title='bbox 822 2434 932 2499; x_wconf 91' lang='lat' dir='ltr'><strong>medio</strong></span> <span class='ocrx_word' id='word_1_164' title='bbox 949 2435 1121 2523; x_wconf 87' lang='lat' dir='ltr'><strong>relinquit,</strong></span> <span class='ocrx_word' id='word_1_165' title='bbox 1139 2457 1247 2523; x_wconf 85' lang='lat' dir='ltr'><strong>neque</strong></span> <span class='ocrx_word' id='word_1_166' title='bbox 1262 2437 1357 2502; x_wconf 88' lang='lat' dir='ltr'><strong>etiam</strong></span> <span class='ocrx_word' id='word_1_167' title='bbox 1371 2460 1445 2526; x_wconf 89' lang='lat' dir='ltr'><strong>per-</strong></span> 
     </span>
     <span class='ocr_line' id='line_1_20' title="bbox 374 2541 1447 2629; baseline -0.001 -20"><span class='ocrx_word' id='word_1_168' title='bbox 374 2565 489 2608; x_wconf 81' lang='lat' dir='ltr'><strong>suasus</strong></span> <span class='ocrx_word' id='word_1_169' title='bbox 498 2543 645 2624; x_wconf 88' lang='lat' dir='ltr'><strong>videtur,</strong></span> <span class='ocrx_word' id='word_1_170' title='bbox 660 2541 813 2606; x_wconf 87' lang='lat' dir='ltr'><strong>eumdem</strong></span> <span class='ocrx_word' id='word_1_171' title='bbox 825 2543 928 2606; x_wconf 86' lang='lat' dir='ltr'><strong>fuisse</strong></span> <span class='ocrx_word' id='word_1_172' title='bbox 938 2541 1106 2625; x_wconf 85' lang='lat' dir='ltr'><strong>Flaccum,</strong></span> <span class='ocrx_word' id='word_1_173' title='bbox 1121 2565 1219 2629; x_wconf 91' lang='lat' dir='ltr'><strong>quem</strong></span> <span class='ocrx_word' id='word_1_174' title='bbox 1230 2543 1383 2610; x_wconf 82' lang='lat' dir='ltr'><strong>Martialis</strong></span> <span class='ocrx_word' id='word_1_175' title='bbox 1395 2567 1447 2608; x_wconf 88' lang='lat' dir='ltr'><strong>ce·</strong></span> 
     </span>
     <span class='ocr_line' id='line_1_21' title="bbox 374 2648 1447 2736; baseline 0 -20"><span class='ocrx_word' id='word_1_176' title='bbox 374 2651 491 2732; x_wconf 82' lang='lat' dir='ltr'><strong>lebrat3</strong></span> <span class='ocrx_word' id='word_1_177' title='bbox 501 2649 587 2714; x_wconf 81' lang='lat' dir='ltr'><strong>forte</strong></span> <span class='ocrx_word' id='word_1_178' title='bbox 596 2649 673 2736; x_wconf 90' lang='lat' dir='ltr'><strong>quia</strong></span> <span class='ocrx_word' id='word_1_179' title='bbox 683 2671 723 2713; x_wconf 85' lang='lat' dir='ltr'><strong>ex</strong></span> <span class='ocrx_word' id='word_1_180' title='bbox 732 2671 795 2712; x_wconf 88' lang='lat' dir='ltr'><strong>usu</strong></span> <span class='ocrx_word' id='word_1_181' title='bbox 807 2648 978 2712; x_wconf 85' lang='lat' dir='ltr'><strong>cornmuni</strong></span> <span class='ocrx_word' id='word_1_182' title='bbox 987 2671 1063 2718; x_wconf 87' lang='lat' dir='ltr'><strong>eum</strong></span> <span class='ocrx_word' id='word_1_183' title='bbox 1073 2648 1210 2713; x_wconf 86' lang='lat' dir='ltr'><strong>Balbum</strong></span> <span class='ocrx_word' id='word_1_184' title='bbox 1221 2651 1291 2732; x_wconf 86' lang='lat' dir='ltr'><strong>,vel</strong></span> <span class='ocrx_word' id='word_1_185' title='bbox 1298 2652 1447 2716; x_wconf 88' lang='lat' dir='ltr'><strong>Setinum</strong></span> 
     </span>
     <span class='ocr_line' id='line_1_22' title="bbox 352 2753 1447 2844; baseline 0 -23"><span class='ocrx_word' id='word_1_186' title='bbox 352 2791 355 2798; x_wconf 95' lang='lat'>·</span> <span class='ocrx_word' id='word_1_187' title='bbox 373 2757 524 2822; x_wconf 88' lang='lat' dir='ltr'><strong>debuisse</strong></span> <span class='ocrx_word' id='word_1_188' title='bbox 539 2757 647 2820; x_wconf 84' lang='lat' dir='ltr'><strong>vocari</strong></span> <span class='ocrx_word' id='word_1_189' title='bbox 661 2753 1008 2820; x_wconf 83' lang='lat' dir='ltr'><strong>credebat.·Cavillatio</strong></span> <span class='ocrx_word' id='word_1_190' title='bbox 1030 2755 1128 2818; x_wconf 88' lang='lat' dir='ltr'><strong>etiam</strong></span> <span class='ocrx_word' id='word_1_191' title='bbox 1146 2772 1211 2839; x_wconf 90' lang='lat' dir='ltr'><strong>est,</strong></span> <span class='ocrx_word' id='word_1_192' title='bbox 1234 2757 1324 2844; x_wconf 90' lang='lat' dir='ltr'><strong>quod</strong></span> <span class='ocrx_word' id='word_1_193' title='bbox 1345 2757 1447 2824; x_wconf 88' lang='lat' dir='ltr'><strong>Hein-</strong></span> 
     </span>
     <span class='ocr_line' id='line_1_23' title="bbox 375 2851 1447 2952; baseline 0 -24"><span class='ocrx_word' id='word_1_194' title='bbox 375 2866 459 2928; x_wconf 84' lang='lat' dir='ltr'><strong>sium</strong></span> <span class='ocrx_word' id='word_1_195' title='bbox 477 2862 548 2927; x_wconf 82' lang='lat' dir='ltr'><strong>falsi</strong></span> <span class='ocrx_word' id='word_1_196' title='bbox 566 2877 698 2952; x_wconf 82' lang='lat' dir='ltr'><strong>arguat,</strong></span> <span class='ocrx_word' id='word_1_197' title='bbox 716 2862 796 2950; x_wconf 89' lang='lat' dir='ltr'><strong>quia-</strong></span> <span class='ocrx_word' id='word_1_198' title='bbox 810 2862 904 2950; x_wconf 77' lang='lat' dir='ltr'><strong>plura</strong></span> <span class='ocrx_word' id='word_1_199' title='bbox 923 2861 1057 2925; x_wconf 87' lang='lat' dir='ltr'><strong>nomina</strong></span> <span class='ocrx_word' id='word_1_200' title='bbox 1079 2860 1203 2926; x_wconf 85' lang='lat' dir='ltr'><strong>dixerat</strong></span> <span class='ocrx_word' id='word_1_201' title='bbox 1223 2861 1291 2928; x_wconf 86' lang='lat' dir='ltr'><strong>dari</strong></span> <span class='ocrx_word' id='word_1_202' title='bbox 1312 2851 1447 2946; x_wconf 85' lang='lat' dir='ltr'><strong>Flacco,</strong></span> 
     </span>
     <span class='ocr_line' id='line_1_24' title="bbox 376 2965 1449 3058; baseline -0.001 -25"><span class='ocrx_word' id='word_1_203' title='bbox 376 2992 479 3058; x_wconf 85' lang='lat' dir='ltr'><strong>quum</strong></span> <span class='ocrx_word' id='word_1_204' title='bbox 499 2991 605 3033; x_wconf 91' lang='lat' dir='ltr'><strong>unum</strong></span> <span class='ocrx_word' id='word_1_205' title='bbox 627 2983 756 3034; x_wconf 89' lang='lat' dir='ltr'><strong>tantum</strong></span> <span class='ocrx_word' id='word_1_206' title='bbox 775 2965 945 3049; x_wconf 86' lang='lat' dir='ltr'><strong>habuerit,</strong></span> <span class='ocrx_word' id='word_1_207' title='bbox 964 2967 1139 3054; x_wconf 87' lang='lat' dir='ltr'><strong>etreliqua</strong></span> <span class='ocrx_word' id='word_1_208' title='bbox 1160 2969 1299 3049; x_wconf 80' lang='lat' dir='ltr'><strong>firerint,</strong></span> <span class='ocrx_word' id='word_1_209' title='bbox 1320 2992 1449 3056; x_wconf 74' lang='lat' dir='ltr'><strong>preno-</strong></span> 
     </span>
     <span class='ocr_line' id='line_1_25' title="bbox 376 3071 1449 3166; baseline -0.002 -26"><span class='ocrx_word' id='word_1_210' title='bbox 376 3099 450 3140; x_wconf 87' lang='lat' dir='ltr'><strong>men</strong></span> <span class='ocrx_word' id='word_1_211' title='bbox 463 3124 472 3157; x_wconf 96' lang='lat'><strong>,</strong></span> <span class='ocrx_word' id='word_1_212' title='bbox 487 3097 671 3166; x_wconf 84' lang='lat' dir='ltr'><strong>cognomen</strong></span> <span class='ocrx_word' id='word_1_213' title='bbox 683 3089 716 3137; x_wconf 91' lang='lat' dir='ltr'><strong>et</strong></span> <span class='ocrx_word' id='word_1_214' title='bbox 727 3095 890 3162; x_wconf 81' lang='lat' dir='ltr'><strong>agnomen</strong></span> <span class='ocrx_word' id='word_1_215' title='bbox 904 3095 913 3136; x_wconf 83' lang='lat' dir='ltr'><strong>t</strong></span> <span class='ocrx_word' id='word_1_216' title='bbox 931 3073 1024 3159; x_wconf 87' lang='lat' dir='ltr'><strong>quasi</strong></span> <span class='ocrx_word' id='word_1_217' title='bbox 1037 3071 1071 3134; x_wconf 91' lang='lat' dir='ltr'><strong>id</strong></span> <span class='ocrx_word' id='word_1_218' title='bbox 1085 3072 1265 3160; x_wconf 82' lang='lat' dir='ltr'><strong>ignorasset</strong></span> <span class='ocrx_word' id='word_1_219' title='bbox 1277 3075 1449 3155; x_wconf 86' lang='lat' dir='ltr'><strong>Heinsius,</strong></span> 
     </span>
     <span class='ocr_line' id='line_1_26' title="bbox 377 3178 1448 3266; baseline -0.003 -19"><span class='ocrx_word' id='word_1_220' title='bbox 377 3182 524 3247; x_wconf 82' lang='lat' dir='ltr'><strong>sedeunt</strong></span> <span class='ocrx_word' id='word_1_221' title='bbox 540 3205 610 3246; x_wconf 81' lang='lat' dir='ltr'><strong>arno</strong></span> <span class='ocrx_word' id='word_1_222' title='bbox 625 3178 784 3244; x_wconf 78' lang='lat' dir='ltr'><strong>uocabulo</strong></span> <span class='ocrx_word' id='word_1_223' title='bbox 801 3179 852 3241; x_wconf 86' lang='lat' dir='ltr'><strong>illa</strong></span> <span class='ocrx_word' id='word_1_224' title='bbox 865 3179 975 3242; x_wconf 90' lang='lat' dir='ltr'><strong>omnia</strong></span> <span class='ocrx_word' id='word_1_225' title='bbox 988 3178 1140 3241; x_wconf 81' lang='lat' dir='ltr'><strong>volumus</strong></span> <span class='ocrx_word' id='word_1_226' title='bbox 1157 3179 1448 3266; x_wconf 86' lang='lat' dir='ltr'><strong>comprehendere,</strong></span> 
     </span>
     <span class='ocr_line' id='line_1_27' title="bbox 377 3283 1449 3380; baseline -0.002 -28"><span class='ocrx_word' id='word_1_227' title='bbox 377 3311 582 3380; x_wconf 84' lang='lat' dir='ltr'><strong>praenomen,</strong></span> <span class='ocrx_word' id='word_1_228' title='bbox 603 3309 742 3366; x_wconf 89' lang='lat' dir='ltr'><strong>nomen,</strong></span> <span class='ocrx_word' id='word_1_229' title='bbox 759 3300 819 3350; x_wconf 88' lang='lat' dir='ltr'><strong>etc.</strong></span> <span class='ocrx_word' id='word_1_230' title='bbox 845 3307 887 3348; x_wconf 90' lang='lat' dir='ltr'><strong>an</strong></span> <span class='ocrx_word' id='word_1_231' title='bbox 907 3305 977 3348; x_wconf 89' lang='lat' dir='ltr'><strong>non</strong></span> <span class='ocrx_word' id='word_1_232' title='bbox 998 3283 1110 3347; x_wconf 88' lang='lat' dir='ltr'><strong>liceret</strong></span> <span class='ocrx_word' id='word_1_233' title='bbox 1125 3285 1187 3347; x_wconf 88' lang='lat' dir='ltr'><strong>sub</strong></span> <span class='ocrx_word' id='word_1_234' title='bbox 1207 3307 1287 3348; x_wconf 87' lang='lat' dir='ltr'><strong>voce</strong></span> <span class='ocrx_word' id='word_1_235' title='bbox 1299 3287 1449 3374; x_wconf 88' lang='lat' dir='ltr'><strong>generis,</strong></span> 
     </span>
     <span class='ocr_line' id='line_1_28' title="bbox 378 3388 1451 3482; baseline -0.003 -22"><span class='ocrx_word' id='word_1_236' title='bbox 378 3417 493 3466; x_wconf 84' lang='lat' dir='ltr'><strong>omnes</strong></span> <span class='ocrx_word' id='word_1_237' title='bbox 514 3392 636 3482; x_wconf 89' lang='lat' dir='ltr'><strong>species</strong></span> <span class='ocrx_word' id='word_1_238' title='bbox 655 3389 952 3480; x_wconf 89' lang='lat' dir='ltr'><strong>comprehendere,</strong></span> <span class='ocrx_word' id='word_1_239' title='bbox 971 3405 1005 3453; x_wconf 85' lang='lat' dir='ltr'><strong>et</strong></span> <span class='ocrx_word' id='word_1_240' title='bbox 1021 3388 1128 3454; x_wconf 89' lang='lat' dir='ltr'><strong>dicere</strong></span> <span class='ocrx_word' id='word_1_241' title='bbox 1143 3390 1285 3478; x_wconf 81' lang='lat' dir='ltr'><strong>aliquem</strong></span> <span class='ocrx_word' id='word_1_242' title='bbox 1299 3392 1451 3457; x_wconf 86' lang='lat' dir='ltr'><strong>habuisse</strong></span> 
     </span>
     <span class='ocr_line' id='line_1_29' title="bbox 378 3497 1452 3589; baseline -0.002 -25"><span class='ocrx_word' id='word_1_243' title='bbox 378 3500 633 3589; x_wconf 75' lang='lat' dir='ltr'><strong>plurinomina,</strong></span> <span class='ocrx_word' id='word_1_244' title='bbox 644 3497 678 3561; x_wconf 89' lang='lat' dir='ltr'><strong>id</strong></span> <span class='ocrx_word' id='word_1_245' title='bbox 691 3513 755 3579; x_wconf 91' lang='lat' dir='ltr'><strong>est,</strong></span> <span class='ocrx_word' id='word_1_246' title='bbox 767 3517 970 3586; x_wconf 85' lang='lat' dir='ltr'><strong>praenomen,</strong></span> <span class='ocrx_word' id='word_1_247' title='bbox 985 3517 1124 3576; x_wconf 82' lang='lat' dir='ltr'><strong>nomen,</strong></span> <span class='ocrx_word' id='word_1_248' title='bbox 1136 3519 1337 3585; x_wconf 90' lang='lat' dir='ltr'><strong>cognomen,</strong></span> <span class='ocrx_word' id='word_1_249' title='bbox 1350 3519 1452 3587; x_wconf 83' lang='lat' dir='ltr'><strong>agno·</strong></span> 
     </span>
     <span class='ocr_line' id='line_1_30' title="bbox 379 3602 1453 3671; baseline -0.003 0"><span class='ocrx_word' id='word_1_250' title='bbox 379 3607 482 3671; x_wconf 79' lang='lat' dir='ltr'><strong>men?</strong></span> <span class='ocrx_word' id='word_1_251' title='bbox 496 3622 528 3670; x_wconf 87' lang='lat' dir='ltr'><strong>et</strong></span> <span class='ocrx_word' id='word_1_252' title='bbox 546 3627 588 3667; x_wconf 87' lang='lat' dir='ltr'><strong>an</strong></span> <span class='ocrx_word' id='word_1_253' title='bbox 608 3603 683 3668; x_wconf 89' lang='lat' dir='ltr'><strong>ideo</strong></span> <span class='ocrx_word' id='word_1_254' title='bbox 701 3603 771 3667; x_wconf 83' lang='lat' dir='ltr'><strong>falsi</strong></span> <span class='ocrx_word' id='word_1_255' title='bbox 793 3603 916 3667; x_wconf 89' lang='lat' dir='ltr'><strong>cri-men</strong></span> <span class='ocrx_word' id='word_1_256' title='bbox 935 3603 1006 3666; x_wconf 80' lang='lat' dir='ltr'><strong>viro</strong></span> <span class='ocrx_word' id='word_1_257' title='bbox 1028 3602 1126 3667; x_wconf 87' lang='lat' dir='ltr'><strong>docto</strong></span> <span class='ocrx_word' id='word_1_258' title='bbox 1143 3603 1304 3666; x_wconf 83' lang='lat' dir='ltr'><strong>intentare</strong></span> <span class='ocrx_word' id='word_1_259' title='bbox 1320 3603 1453 3668; x_wconf 76' lang='lat' dir='ltr'><strong>liceret?</strong></span> 
     </span>
     <span class='ocr_line' id='line_1_31' title="bbox 379 3706 1451 3800; baseline -0.004 -24"><span class='ocrx_word' id='word_1_260' title='bbox 379 3714 450 3776; x_wconf 76' lang='lat' dir='ltr'><strong>hmo</strong></span> <span class='ocrx_word' id='word_1_261' title='bbox 458 3710 592 3800; x_wconf 83' lang='lat' dir='ltr'><strong>puerilia</strong></span> <span class='ocrx_word' id='word_1_262' title='bbox 607 3725 640 3773; x_wconf 92' lang='lat' dir='ltr'><strong>et</strong></span> <span class='ocrx_word' id='word_1_263' title='bbox 653 3709 761 3773; x_wconf 81' lang='lat' dir='ltr'><strong>inania</strong></span> <span class='ocrx_word' id='word_1_264' title='bbox 772 3731 847 3773; x_wconf 86' lang='lat' dir='ltr'><strong>vere</strong></span> <span class='ocrx_word' id='word_1_265' title='bbox 863 3723 950 3772; x_wconf 87' lang='lat' dir='ltr'><strong>sunt.</strong></span> <span class='ocrx_word' id='word_1_266' title='bbox 964 3707 1016 3771; x_wconf 93' lang='lat' dir='ltr'><strong>De</strong></span> <span class='ocrx_word' id='word_1_267' title='bbox 1026 3706 1211 3786; x_wconf 80' lang='lat' dir='ltr'><strong>conjectura</strong></span> <span class='ocrx_word' id='word_1_268' title='bbox 1221 3729 1299 3772; x_wconf 86' lang='lat' dir='ltr'><strong>vero</strong></span> <span class='ocrx_word' id='word_1_269' title='bbox 1309 3708 1451 3792; x_wconf 87' lang='lat' dir='ltr'><strong>Heinsii,</strong></span> 
     </span>
     <span class='ocr_line' id='line_1_32' title="bbox 381 3813 1453 3905; baseline -0.003 -23"><span class='ocrx_word' id='word_1_270' title='bbox 381 3818 473 3905; x_wconf 85' lang='lat' dir='ltr'><strong>quasi</strong></span> <span class='ocrx_word' id='word_1_271' title='bbox 486 3817 616 3882; x_wconf 86' lang='lat' dir='ltr'><strong>Setinus</strong></span> <span class='ocrx_word' id='word_1_272' title='bbox 632 3815 750 3880; x_wconf 86' lang='lat' dir='ltr'><strong>Balbus</strong></span> <span class='ocrx_word' id='word_1_273' title='bbox 760 3864 768 3898; x_wconf 94' lang='lat'><strong>,</strong></span> <span class='ocrx_word' id='word_1_274' title='bbox 780 3815 831 3880; x_wconf 86' lang='lat' dir='ltr'><strong>vel</strong></span> <span class='ocrx_word' id='word_1_275' title='bbox 844 3813 961 3878; x_wconf 83' lang='lat' dir='ltr'><strong>Balbus</strong></span> <span class='ocrx_word' id='word_1_276' title='bbox 974 3814 1104 3879; x_wconf 87' lang='lat' dir='ltr'><strong>Setinus</strong></span> <span class='ocrx_word' id='word_1_277' title='bbox 1116 3863 1124 3897; x_wconf 98' lang='lat'><strong>,</strong></span> <span class='ocrx_word' id='word_1_278' title='bbox 1137 3813 1234 3879; x_wconf 82' lang='lat' dir='ltr'><strong>fuerit</strong></span> <span class='ocrx_word' id='word_1_279' title='bbox 1245 3813 1365 3878; x_wconf 88' lang='lat' dir='ltr'><strong>codicis</strong></span> <span class='ocrx_word' id='word_1_280' title='bbox 1376 3837 1453 3903; x_wconf 89' lang='lat' dir='ltr'><strong>pos-</strong></span> 
     </span>
     <span class='ocr_line' id='line_1_33' title="bbox 380 3914 1454 4002; baseline -0.004 -14"><span class='ocrx_word' id='word_1_281' title='bbox 380 3945 485 3988; x_wconf 85' lang='lat' dir='ltr'><strong>sessor</strong></span> <span class='ocrx_word' id='word_1_282' title='bbox 502 3921 554 3985; x_wconf 85' lang='lat' dir='ltr'><strong>vel</strong></span> <span class='ocrx_word' id='word_1_283' title='bbox 571 3919 763 3987; x_wconf 89' lang='lat' dir='ltr'><strong>emendator</strong></span> <span class='ocrx_word' id='word_1_284' title='bbox 776 3920 900 4001; x_wconf 83' lang='lat' dir='ltr'><strong>Flacci,</strong></span> <span class='ocrx_word' id='word_1_285' title='bbox 917 3919 999 3983; x_wconf 90' lang='lat' dir='ltr'><strong>nihil</strong></span> <span class='ocrx_word' id='word_1_286' title='bbox 1016 3914 1154 4002; x_wconf 82' lang='lat' dir='ltr'><strong>definio,</strong></span> <span class='ocrx_word' id='word_1_287' title='bbox 1171 3918 1229 3984; x_wconf 84' lang='lat' dir='ltr'><strong>sed</strong></span> <span class='ocrx_word' id='word_1_288' title='bbox 1245 3942 1317 3984; x_wconf 85' lang='lat' dir='ltr'><strong>eam</strong></span> <span class='ocrx_word' id='word_1_289' title='bbox 1332 3919 1367 3982; x_wconf 91' lang='lat' dir='ltr'><strong>in</strong></span> <span class='ocrx_word' id='word_1_290' title='bbox 1386 3943 1454 3984; x_wconf 87' lang='lat' dir='ltr'><strong>me·</strong></span> 
     </span>
     <span class='ocr_line' id='line_1_34' title="bbox 382 4023 1452 4116; baseline -0.004 -22"><span class='ocrx_word' id='word_1_291' title='bbox 382 4027 439 4094; x_wconf 92' lang='lat' dir='ltr'><strong>dio</strong></span> <span class='ocrx_word' id='word_1_292' title='bbox 452 4027 623 4116; x_wconf 86' lang='lat' dir='ltr'><strong>relinquo,</strong></span> <span class='ocrx_word' id='word_1_293' title='bbox 641 4027 718 4115; x_wconf 86' lang='lat' dir='ltr'><strong>quia</strong></span> <span class='ocrx_word' id='word_1_294' title='bbox 734 4049 801 4090; x_wconf 91' lang='lat' dir='ltr'><strong>non</strong></span> <span class='ocrx_word' id='word_1_295' title='bbox 819 4027 932 4114; x_wconf 91' lang='lat' dir='ltr'><strong>liquet.</strong></span> <span class='ocrx_word' id='word_1_296' title='bbox 951 4027 1001 4088; x_wconf 90' lang='lat' dir='ltr'><strong>De</strong></span> <span class='ocrx_word' id='word_1_297' title='bbox 1018 4025 1121 4113; x_wconf 87' lang='lat' dir='ltr'><strong>ipsius</strong></span> <span class='ocrx_word' id='word_1_298' title='bbox 1137 4039 1241 4114; x_wconf 71' lang='lat' dir='ltr'><strong>poetae</strong></span> <span class='ocrx_word' id='word_1_299' title='bbox 1256 4026 1321 4094; x_wconf 72' lang='lat' dir='ltr'><strong>rita</strong></span> <span class='ocrx_word' id='word_1_300' title='bbox 1335 4040 1368 4089; x_wconf 90' lang='lat' dir='ltr'><strong>et</strong></span> <span class='ocrx_word' id='word_1_301' title='bbox 1378 4023 1452 4090; x_wconf 75' lang='lat' dir='ltr'><strong>fatis</strong></span> 
     </span>
     <span class='ocr_line' id='line_1_35' title="bbox 381 4129 1453 4222; baseline -0.003 -25"><span class='ocrx_word' id='word_1_302' title='bbox 381 4155 450 4199; x_wconf 86' lang='lat' dir='ltr'><strong>non</strong></span> <span class='ocrx_word' id='word_1_303' title='bbox 461 4133 562 4222; x_wconf 50' lang='lat' dir='ltr'><strong>mame</strong></span> <span class='ocrx_word' id='word_1_304' title='bbox 572 4132 668 4198; x_wconf 86' lang='lat' dir='ltr'><strong>nobis</strong></span> <span class='ocrx_word' id='word_1_305' title='bbox 678 4148 823 4214; x_wconf 83' lang='lat' dir='ltr'><strong>constat3</strong></span> <span class='ocrx_word' id='word_1_306' title='bbox 835 4132 903 4196; x_wconf 90' lang='lat' dir='ltr'><strong>sola</strong></span> <span class='ocrx_word' id='word_1_307' title='bbox 916 4131 1011 4195; x_wconf 87' lang='lat' dir='ltr'><strong>nobis</strong></span> <span class='ocrx_word' id='word_1_308' title='bbox 1025 4129 1066 4196; x_wconf 89' lang='lat' dir='ltr'><strong>de</strong></span> <span class='ocrx_word' id='word_1_309' title='bbox 1077 4132 1161 4220; x_wconf 82' lang='lat' dir='ltr'><strong>stylo</strong></span> <span class='ocrx_word' id='word_1_310' title='bbox 1173 4131 1261 4213; x_wconf 87' lang='lat' dir='ltr'><strong>ejus,</strong></span> <span class='ocrx_word' id='word_1_311' title='bbox 1275 4147 1308 4195; x_wconf 88' lang='lat' dir='ltr'><strong>et</strong></span> <span class='ocrx_word' id='word_1_312' title='bbox 1321 4131 1453 4221; x_wconf 85' lang='lat' dir='ltr'><strong>ingenio</strong></span> 
     </span>
     <span class='ocr_line' id='line_1_36' title="bbox 381 4235 1455 4327; baseline -0.004 -24"><span class='ocrx_word' id='word_1_313' title='bbox 381 4235 561 4303; x_wconf 76' lang='lat' dir='ltr'><strong>aesdmandi</strong></span> <span class='ocrx_word' id='word_1_314' title='bbox 580 4237 672 4327; x_wconf 88' lang='lat' dir='ltr'><strong>copia</strong></span> <span class='ocrx_word' id='word_1_315' title='bbox 687 4254 736 4302; x_wconf 84' lang='lat' dir='ltr'><strong>est</strong></span> <span class='ocrx_word' id='word_1_316' title='bbox 750 4238 878 4320; x_wconf 80' lang='lat' dir='ltr'><strong>relicta3</strong></span> <span class='ocrx_word' id='word_1_317' title='bbox 897 4236 990 4314; x_wconf 80' lang='lat' dir='ltr'><strong>cujus</strong></span> <span class='ocrx_word' id='word_1_318' title='bbox 1011 4237 1231 4302; x_wconf 84' lang='lat' dir='ltr'><strong>excellentiam</strong></span> <span class='ocrx_word' id='word_1_319' title='bbox 1250 4237 1455 4302; x_wconf 81' lang='lat' dir='ltr'><strong>celebrarunt</strong></span> 
     </span>
    </p>
   </div>
   <div class='ocr_carea' id='block_1_5' title="bbox 0 0 1621 5128">
    <p class='ocr_par' dir='ltr' id='par_1_5' title="bbox 0 0 1621 5128">
     <span class='ocr_line' id='line_1_37' title="bbox 0 0 1621 5128; baseline 0 0"><span class='ocrx_word' id='word_1_320' title='bbox 0 0 1621 5128; x_wconf 95' lang='lat' dir='ltr'><strong> </strong></span> 
     </span>
    </p>
   </div>
  </div>
 </body>
</html>
