3198 5106
413 537 675 608 PRAEFATIO
704 539 958 648 SECUNDA.
1141 559 1222 612 cnm

143 671 250 750 bant,
272 667 362 732 utin
378 666 496 732 Ovidio
513 683 545 734 et
557 668 627 733 aliis
640 668 780 752 lactum,
803 659 939 758 egregiae
951 684 1027 734 sunt
1044 668 1226 754 editiones;

146 775 211 841 sed
227 775 288 840 ubi
305 774 472 840 minorum
490 775 637 865 gentium
658 777 850 841 mercenarii
874 792 1073 845 correctores
1089 777 1224 844 morunt

142 882 292 972 praefecti
310 880 530 963 editionibus,
555 882 623 946 iere
642 881 764 948 nullius
781 899 860 947 sunt
874 882 980 970 pretii.
997 882 1221 949 broukhusius

141 987 191 1052 ad
203 988 353 1075 Propert.
365 986 416 1068 11,
427 1009 494 1068 ru,
509 985 568 1074 76,
583 1002 676 1052 notet
696 986 731 1051 in
749 986 866 1052 Aldina
879 985 1010 1051 officina
1023 989 1143 1054 multos
1157 989 1219 1054 bo·
1320 1073 1322 1082 Ι

7 1169 8 1180 ¹
142 1115 210 1158 nos
226 1109 375 1158 auctores
387 1093 473 1157 molo
485 1093 663 1182 mangonio
674 1115 733 1182 per
746 1094 836 1159 Hier.
848 1093 1024 1158 Avantiurn
1038 1116 1107 1161 esse
1118 1096 1220 1162 inter·

142 1200 288 1287 polatos.
304 1199 414 1282 Quare
429 1209 599 1288 nunquam
612 1197 654 1264 de
665 1199 825 1264 universis
836 1199 911 1264 Aldi
925 1198 1123 1266 editionibus
1135 1201 1221 1282 diju-

146 1302 343 1387 dicandum,
364 1327 425 1370 nee
447 1327 517 1369 uno
541 1305 648 1394 pretio
671 1327 786 1370 omnes
808 1303 986 1388 babendae,
1005 1305 1062 1370 sed
1080 1309 1221 1397 singulas

146 1425 302 1476 excutere
318 1433 377 1500 par
395 1426 459 1493 est,
472 1426 506 1475 ct
521 1410 709 1476 emendatas
726 1410 928 1502 distinguere
945 1433 963 1475 n
978 1412 1112 1478 vitiosis.
1131 1414 1243 1496 Quid(

146 1514 191 1580 de
213 1517 326 1606 graecis
349 1515 419 1598 eius
440 1513 652 1581 editionibus
659 1515 787 1581 dieam?
809 1538 882 1604 quae
903 1518 1075 1582 meximarn
1096 1535 1221 1606 partem

146 1637 227 1684 sunt
243 1637 480 1703 monstruose,
501 1643 561 1686 nec
576 1611 799 1686 obemcterum
813 1637 999 1704 venustate,
1028 1645 1090 1688 nec
1108 1642 1221 1688 ernen-

146 1727 230 1792 datis
246 1727 442 1792 lectionibus
456 1727 749 1792 commendabiles:
762 1745 988 1815 quoscumque
1000 1727 1127 1794 codices
1139 1730 1220 1795 Mss

147 1831 249 1919 (nam
263 1833 391 1921 primus
408 1834 477 1898 fere
488 1829 600 1898 Groeca
611 1831 773 1897 excudere
784 1831 900 1920 coepit)
916 1849 1031 1898 nactus
1047 1849 1134 1915 eret,
1154 1850 1219 1899 sta·

148 1938 210 2002 tim
224 1961 294 2002 non
313 1938 447 2002 collatos
460 1961 539 2002 cum·
550 1938 617 2003 aliis
643 1937 740 2026 (nam
754 1936 824 2017 ejus
840 1955 1011 2025 paupertas
1025 1940 1079 2003 vix
1092 1939 1220 2027 copiam

147 2045 331 2110 multorum
348 2043 566 2132 sufficiebat),
580 2066 649 2130 non
665 2043 841 2108 recensitos
851 2043 928 2108 viris
941 2043 1046 2109 doctis
1060 2044 1157 2109 dabat
1170 2067 1222 2110 ex·

147 2150 343 2233 cutiendos‚
360 2151 419 2216 sed
435 2149 632 2238 quotidianis
645 2141 784 2214 cilicino
798 2151 1086 2216 sue—mercenariis
1102 2151 1220 2238 raptim
1319 2213 1320 2218 ,

148 2257 377 2346 corrigendos,
392 2257 451 2346 qni
464 2257 589 2346 ubique
600 2255 828 2338 offendebant,
850 2255 1019 2344 quodlibet
1033 2280 1094 2346 pro
1111 2259 1219 2345 quoli-
1320 2311 1323 2324 ,

147 2361 204 2426 bet
224 2364 456 2451 supponebant
465 2387 480 2445 3·
492 2386 560 2427 non
578 2361 764 2452 petiebatur
780 2362 868 2425 enim
888 2383 1013 2426 moram
1035 2364 1104 2444 ejus
1129 2363 1220 2428 lesti-

149 2469 255 2551 natio,
285 2485 318 2533 et
344 2491 415 2533 rem
441 2469 597 2534 creditis
622 2469 793 2534 codicibus
809 2468 954 2533 fadcndi
972 2491 1044 2558 spes
1067 2491 1219 2558 praeceps.

150 2573 343 2664 Exemplum
359 2592 393 2640 et
407 2575 643 2641 documentum
660 2574 729 2655 ejus
745 2575 809 2656 rei,
835 2597 876 2638 ne
895 2591 1016 2640 temere
1032 2574 1113 2662 quid
1129 2573 1218 2648 offir-

149 2702 251 2745 masse
264 2680 443 2763 rideamne
457 2682 665 2746 manifestum
679 2697 729 2746 est
739 2681 905 2746 Plutarchi
919 2679 1018 2745 editio
1025 2679 1157 2774 Aldine,
1173 2683 1217 2748 ita

150 2785 318 2875 depravata
336 2803 370 2852 et
386 2787 563 2868 mendosa,
581 2803 619 2850 ut
635 2787 688 2850 vix
713 2809 827 2851 sensus
850 2785 928 2850 inde
950 2785 1066 2850 confici
1092 2789 1217 2874 possit:

152 2893 262 2956 similis
279 2892 393 2974 etium,
412 2893 489 2957 licet
502 2892 601 2980 poulo
622 2891 755 2973 melior,
778 2891 922 2954 Athenaei
945 2905 978 2954 et
998 2891 1076 2954 aliae.
1096 2893 1218 2955 Cosan-
1243 2897 1247 2908 '

150 2998 276 3080 bonus,
301 2999 335 3061 in
356 2999 545 3087 praeletione
562 2996 603 3063 ad
626 2997 837 3076 Athenaeum‚
861 2995 956 3077 dicit,
976 2995 1098 3060 Aulum
1121 3019 1219 3086 neque

138 3101 266 3191 seb'cem
277 3103 466 3192 satisfecisse
477 3107 508 3167 e'a
521 3101 736 3168 namueeadis
751 3100 984 3189 exemplaribus
994 3099 1090 3188 (quia
1101 3123 1219 3190 nempe

150 3208 278 3273 modico
292 3209 397 3298 pretio
419 3209 560 3299 vulgaria
577 3207 821 3296 comparebat),
839 3228 938 3294 oeque
953 3208 989 3269 in
1004 3205 1220 3270 enuntiatione

150 3315 319 3379 εᾶιῖὼιιιιιιι
335 3317 412 3379 satas
427 3329 624 3380 arsurumne
643 3314 758 3401 Neque
774 3312 890 3376 melius
906 3313 969 3375 fuit
986 3312 1088 3376 fatum
1101 3311 1219 3376 editio·

151 3441 227 3484 num
243 3421 422 3509 primarum
442 3421 483 3485 ab
499 3419 568 3485 aliis
586 3419 795 3510 typographis
816 3419 851 3482 in
869 3418 938 3482 aliis
958 3418 1105 3506 partibus
1120 3419 1218 3484 ltaliae

151 3543 350 3608 curetarum,
378 3543 416 3590 nt
444 3526 508 3590 boc
534 3524 676 3590 ostendit
703 3523 815 3589 multis
845 3523 1000 3611 exemplis
1026 3524 1150 3590 Simon.
1183 3525 1220 3589 ἰιι

151 3631 302 3696 Bibliotb.
321 3632 460 3714 Critica,
478 3648 502 3697 t.
525 3633 559 3714 l,
579 3653 649 3719 cap.
670 3654 721 3718 17,
735 3629 822 3695 etde
838 3629 899 3694 boe
913 3630 1108 3719 negligentia
1125 3630 1220 3694 luere

151 3737 310 3800 eontinuae
323 3737 462 3824 querelae
478 3757 553 3799 vere
567 3734 741 3800 doctorum
752 3735 898 3798 virorum
909 3757 917 3798 ε
927 3755 1033 3797 ιιιιιιιιι
1046 3733 1217 3800 audiemus

151 3865 238 3906 nuno
257 3842 453 3918 Dumium,
469 3842 570 3930 Epist.
587 3844 608 3918 4
627 3839 668 3906 ad
686 3839 839 3904 boeium:
857 3841 941 3903 nosti
961 3839 1104 3927 querelas
1127 3843 1216 3904 uiro·

150 3969 217 4013 rum
243 3947 410 4012 doctorum
430 3969 524 4035 super
541 3947 719 4010 monstrosis
743 3943 860 4008 Aldine·
880 3944 1215 4032 codicis·(Plutarcbi)

151 4055 277 4118 modis.
305 4054 402 4118 Plura
421 4077 515 4118 nunc
527 4076 595 4117 non
617 4051 720 4132 addo;
739 4051 794 4115 bic
810 4052 901 4114 enim
917 4051 1010 4116 locus
1025 4052 1084 4116 istu
1100 4049 1220 4139 agendi

152 4159 274 4248 plenius
292 4180 359 4223 non
376 4160 504 4225 videtur
520 4184 528 4225 z
548 4159 650 4225 videri
666 4172 773 4246 potest
783 4176 815 4222 et
829 4157 937 4222 Barth.
953 4155 995 4221 ad
1009 4155 1099 4222 Statii
1110 4157 1216 4220 Theb.

152 4265 203 4348 lv,
222 4283 268 4332 vs.
286 4288 362 4356 717,
384 4284 416 4332 et
434 4265 475 4334 ad
492 4266 660 4332 Claudien.
676 4263 777 4332 Laud.
794 4263 915 4332 Stiliclr.
934 4265 1022 4347 l,'in
1036 4263 1220 4356 principio,
