3226 5114
412 555 997 632 uncoraurmonnm.1v.
1174 573 1235 640 305
1281 527 1285 536 ²

217 680 281 746 Sed
297 681 382 747 redit
394 702 538 753 extremo
555 689 685 756 tandem
704 694 738 756 in
755 717 812 760 sua
828 698 920 763 litora
931 702 1049 768 Tauro.
1121 679 1125 686 ι

263 797 332 860 Jam
345 799 563 890 Mariandynis
575 804 714 871 advertit
726 812 846 898 puppis
859 817 981 897 arenis,

217 911 324 997 Atque
340 912 424 976 celer
438 928 538 980 terras
555 940 730 1008 regemque
745 924 884 1010 exquirit
897 927 1036 1013 Echion,

219 1025 311 1088 Dicta
325 1025 449 1093 ferens:
467 1028 567 1095 lectos
581 1031 665 1097 fama
678 1051 727 1098 est
739 1036 766 1099 si
780 1039 920 1104 nominis
934 1063 1079 1131 uuquam
1198 1073 1237 1124 7³⁵

218 1141 379 1206 Haemonii
396 1143 533 1211 subiisse
546 1149 651 1231 viros,
668 1149 723 1216 det
738 1151 832 1217 litora
849 1153 950 1221 fessis.

218 1257 421 1345 Approperat
433 1260 537 1349 Lycus
552 1263 669 1330 auditis
687 1267 811 1332 laetatus
826 1270 972 1355 Achivis,

217 1372 267 1434 Ac
282 1370 379 1435 simul
392 1371 590 1459 AEsoniden,
605 1401 802 1468 omnemque
818 1382 852 1446 in
871 1386 958 1475 regia
970 1389 1101 1456 turbam

218 1485 316 1548 Tecta
336 1487 453 1570 trahit,¹
465 1490 565 1555 modo
581 1492 742 1580 Bebryciis
758 1494 887 1582 praelixa
903 1503 1049 1590 tropaeis5

218 1598 307 1670 Mitis
324 1602 407 1666 etin
424 1602 539 1668 mediis
558 1605 676 1670 effatur
692 1609 766 1671 talia
784 1610 909 1678 Graiis:
1201 1647 1239 1694 740
1306 1631 1307 1636 ’

218 1745 231 1772 s
241 1713 337 1779 Haud
349 1732 471 1782 temere
483 1735 549 1783 est:
566 1719 633 1785 sato
649 1719 761 1786 dimun
776 1747 852 1788 reor
869 1727 911 1790 ad
928 1750 999 1793 mea
1013 1749 1121 1800 vectos

219 1829 328 1895 Litora
344 1851 420 1912 vos,
435 1830 548 1895 odium
565 1832 684 1919 quibus
702 1849 800 1922 atque
817 1837 929 1902 eadem
943 1842 990 1906 ira
1005 1845 1143 1913 fruentis

166 1939 168 1942 ’
217 1943 395 2033 Rebryciae,
410 1967 557 2033 saevaque
578 1969 671 2035 pares
689 1946 730 2011 de
748 1967 845 2037 gente
858 1954 1026 2046 triumphi.

218 2057 314 2121 Certa
331 2055 409 2121 fides
425 2059 558 2138 animis,
573 2058 661 2123 idem
677 2061 796 2147 quibus
813 2064 926 2131 incidit
941 2069 1051 2138 bostis.

216 2171 286 2236 Nos
300 2195 432 2259 quoque
442 2221 451 2254 ,
461 2195 521 2237 nos
534 2175 710 2261 Amycum,
720 2191 811 2241 santo
820 2183 935 2266 procul
950 2185 1030 2250 orbe
1041 2193 1177 2276 remoti,
1203 2218 1239 2266 7⁴⁵

215 2286 398 2367 Sensimus,
412 2303 445 2351 et
460 2288 549 2352 saevis
564 2287 663 2353 frater
681 2290 761 2353 mihi
777 2293 869 2357 tirsus
887 2299 1002 2362 arenis.

203 2487 257 2548 732.
269 2489 315 2533 Sed
324 2489 395 2542 νεᾰϋ,
414 2499 459 2534 etc.
470 2489 542 2535 Abest
553 2490 590 2535 bic
602 2505 682 2536 veram
698 2491 722 2537 in
733 2496 795 2539 lunt.
805 2497 890 2544 Mater.
905 2498 957 2545 ald.
974 2505 1074 2566 lingent.
1085 2535 1115 2544 --
1127 2514 1178 2572 733⁸
1187 2517 1239 2563 sm

172 2568 267 2627 Μῶμε
287 2565 356 2612 diuus
375 2567 462 2611 avertit.
481 2568 571 2614 Borion.
589 2567 642 2614 sod.
657 2569 712 2616 Jam
730 2573 824 2632 Minyas
841 2574 992 2626 dimasenis.
1008 2582 1239 2654 muntelingun.

171 2645 214 2706 qui
226 2659 304 2691 veram
315 2644 369 2691 leot.
385 2644 484 2706 protulit
498 2659 527 2690 ex
540 2645 588 2692 Plo.
598 2647 689 2706 -736,
704 2651 835 2698 Harmonia.
855 2655 930 2702 Vatis.
942 2659 1032 2706 bonon,
1047 2673 1071 2709 et
1086 2665 1152 2712 Can.
1167 2673 1237 2719 codd,

172 2724 226 2784 737.
245 2726 279 2770 At
293 2733 407 2785 properat.
425 2725 516 2770 Boron.
526 2723 579 2770 cod.
596 2733 620 2770 et
638 2725 692 2771 edd.
710 2736 764 2774 anto
779 2729 843 2776 Carr.
862 2758 893 2767 ·-
903 2741 970 2794 «74¹-
988 2741 1055 2784 Haud
1072 2753 1154 2791 semem
1165 2749 1238 2807 faceo,

171 2804 262 2848 Bonan.
276 2801 330 2848 eod.
342 2804 372 2846 H.
383 2811 399 2846 t.
411 2811 444 2846 est
451 2801 530 2862 sacto.
547 2804 638 2848 Bonon-
653 2804 664 2848 Ι
680 2811 704 2850 et
722 2805 753 2851 ll.
764 2831 795 2841 -
810 2815 862 2867 742.
880 2815 956 2874 Atque
971 2815 1005 2860 ad
1012 2833 1040 2862 ea
1056 2821 1116 2866 mira
1123 2825 1150 2883 s.
1162 2828 1237 2876 vatic,

171 2880 225 2928 cod.
243 2881 292 2928 Vos
308 2880 383 2926 divum
399 2880 484 2943 quibus
496 2889 565 2944 atque
580 2897 608 2926 ea
624 2881 683 2926 mira
692 2885 714 2940 f.
735 2885 824 2932 Boron.
840 2887 893 2934 cod.
915 2890 1032 2940 honour.
1053 2901 1099 2945 Vos
1119 2902 1195 2949 odium
1213 2923 1236 2969 q.

169 2971 240 3023 atqua
251 2960 328 3006 cadon
338 2961 397 3006 mira
404 2959 428 3020 f.
442 2962 532 3006 Boron.
544 2961 575 3020 ll.
586 2963 665 3022 Atque
676 2976 703 3005 ea
712 2963 792 3022 curas.
804 2966 869 3011 lunt.
878 2969 963 3018 Moser.
978 2974 1031 3020 ard,
1043 2976 1143 3038 lingunt.
1152 2982 1238 3030 Veram

130 3075 132 3079 .
170 3039 225 3084 lert.
234 3039 284 3099 jam
295 3038 350 3084 olim
359 3038 456 3085 dederat
463 3037 599 3084 Sabellicus.
610 3063 642 3073 —
653 3039 704 3100 746.
721 3041 795 3086 Lissus
805 3045 890 3090 arenis.
899 3045 988 3096 Vitiosa
1004 3051 1094 3100 Boron.
1110 3057 1135 3111 Ι,
1146 3068 1169 3104 et
1183 3061 1235 3110 alin

171 3125 226 3164 rute
243 3119 344 3182 Rogant.
354 3118 397 3165 En.

207 3282 267 3354 733.
287 3282 405 3337 Veniunt
417 3281 451 3334 sd
464 3301 524 3336 oras
532 3286 680 3348 Mariasdy·
721 3289 792 3352 pais,
807 3287 897 3359 spoliis
908 3304 1001 3346 ornata
1013 3298 1160 3352 recentibus
1172 3320 1235 3372 geu·

169 3381 256 3414 norum
266 3362 432 3432 Argonauta.
453 3366 545 3416 Echion
555 3379 632 3416 cerras
643 3383 681 3414 re·
701 3371 708 3386 ·
725 3365 758 3417 tis
770 3366 926 3442 Bebryciae.-

167 3460 274 3509 gamquo
293 3443 412 3508 exquirit,
432 3444 515 3502 dicta,
538 3441 679 3506 mandata,
759 3451 822 3512 741.
840 3451 916 3499 Haud
929 3463 1017 3502 umere
1030 3467 1079 3513 est,
1093 3473 1148 3506 non
1167 3457 1235 3511 forte

162 3521 265 3588 stratas,
275 3517 348 3589 quod
361 3519 457 3572 iecerat
466 3537 562 3591 supra,
576 3520 624 3586 134
636 3557 644 3583 ‚
654 3531 680 3572 et
724 3522 830 3577 fortuna
844 3526 958 3590 factum,
968 3529 1085 3600 setlfato,
1097 3533 1234 3591 voluntate

168 3611 259 3670 postea
272 3598 359 3651 saciet.
723 3599 824 3655 divum.
1053 3608 1054 3620 ¹

205 3679 266 3746 736.
275 3681 386 3729 Nominis
394 3678 678 3738 Haemomtvimsffhes-
759 3687 819 3750 744.
836 3686 974 3753 Certafides
987 3689 1090 3748 asinus,
1104 3693 1167 3746 idem
1181 3699 1234 3761 qui.

170 3759 253 3822 salos,
268 3761 291 3808 si
296 3773 405 3826 utiquam
407 3758 484 3826 sama
495 3773 538 3817 est,
550 3755 678 3810 audiverit
721 3763 764 3810 bus
775 3763 943 3819 ineidithosris
950 3784 961 3824 ,·
974 3763 1116 3819 amicitiam
1132 3769 1234 3826 facilius

168 3856 224 3900 rex,
232 3841 342 3896 subiisse,
352 3841 394 3890 dee
402 3840 474 3888 litora
475 3838 567 3904 sessis,
582 3855 677 3890 suavem
722 3838 834 3902 ineunt,
854 3838 1011 3911 fideliusque
1030 3858 1158 3912 servant,
1188 3853 1234 3921 qui

167 3917 299 3986 permittat
312 3916 452 3988 appellere.
722 3916 842 3984 eumdem
855 3917 954 3970 babent
962 3919 1074 3976 hostem.

160 3991 161 3994 Ἴ
204 3997 262 4062 738.
277 3999 411 4048 AEsonideu
427 4015 572 4061 ,omnemque
584 3999 676 4046 aemam
760 3995 818 4065 765·
832 4002 910 4048 Tanto
922 4001 990 4058 orbe,
1009 4011 1062 4052 tam
1077 4016 1178 4058 remota
1191 4027 1233 4066 re.

168 4079 257 4136 nabit,
270 4076 305 4127 ita
321 4075 477 4147 hospitalis,
490 4086 520 4127 ut
535 4093 588 4126 nou
601 4075 678 4126 Jaso-
722 4075 844 4144 gione....
855 4079 989 4137 sensimus,
999 4091 1120 4134 notanter
1133 4082 1233 4140 clema·
1300 4094 1303 4104 '

168 4171 230 4207 nem
242 4153 342 4216 solum,
351 4155 396 4208 sed
408 4154 515 4208 comites
524 4171 615 4206 omnes
623 4173 678 4206 nou
723 4171 774 4224 gna
783 4155 948 4218 calamitate,
958 4154 1074 4222 damno,
1082 4175 1234 4234 usurpatum

169 4247 222 4285 tam
238 4232 349 4297 invitet,
367 4219 447 4305 quam
467 4245 558 4305 cogat,
570 4237 595 4286 in
608 4237 678 4302 regia
723 4236 791 4284 sevis
798 4235 892 4301 frater,
906 4235 1019 4300 Otreus,
1039 4241 1178 4307 rnrlufitsus
1193 4257 1233 4297 est

166 4327 245 4374 tecta,
274 4317 346 4363 inodo
364 4317 483 4378 Bebryciis
500 4317 609 4383 prefixa
627 4327 678 4364 tro·
723 4316 1059 4388 metueremus-supra,
1074 4321 1131 4370 161.

276 4395 303 4462 1.
1020 4422 1061 4463 so
