3192 5128
391 500 648 572 PRAEFATIO
679 499 930 574 SECUNDA.
1076 527 1198 576 <nunust

113 627 322 712 Meitaitius,
338 628 398 694 sed
414 653 482 696 nou
498 647 538 696 ut
552 653 572 696 s
587 651 622 696 ee
637 629 834 718 inspectam,
857 631 915 698 sed
939 654 979 698 ex
996 633 1133 700 Geeoeti
1149 637 1199 702 bi·

113 734 286 800 bliotheee
303 752 437 818 notem,
453 739 552 802 refert
567 761 602 826 p.
617 735 693 802 338.
708 737 902 804 Incredibile
915 755 1002 804 oerte
1015 741 1096 806 mihi
1111 742 1216 828 vide,

113 856 192 924 tor,
220 841 304 907 tenti
327 842 415 908 visos
438 842 568 908 Meterii
587 843 856 920 commentarios,
871 859 909 908 ut
924 845 1009 910 intra
1026 846 1198 914 biennium

114 967 173 1010 eos
191 963 345 1036 repetere
358 947 479 1014 Bndius
493 971 551 1038 spe
570 950 653 1014 lucri
670 949 750 1014 certi
765 947 866 1014 fuerit
879 949 1011 1016 adactus
1021 969 1038 1035 ,’
1054 976 1115 1018 nec
1130 971 1196 1022 tem

115 1056 242 1146 cupide
250 1056 436 1123 divenditos
444 1073 542 1149 puto,
552 1081 656 1148 quum
670 1074 704 1122 et
713 1056 812 1122 bodie
823 1058 857 1121 in
871 1080 939 1124 non
953 1061 1064 1148 paucis
1076 1064 1199 1128 aucum

116 1163 220 1228 nibus
238 1187 295 1229 eos
310 1165 477 1254 expositos
488 1165 635 1230 viderim.
655 1164 765 1247 Quare
782 1164 891 1253 potius
910 1165 1069 1245 conjicere
1088 1167 1198 1236 liceret

117 1270 260 1334 minime
277 1271 455 1360 placuisse,
474 1294 577 1360 quum
595 1270 765 1360 prodirent
781 1270 943 1358 primum,
959 1275 998 1336 A.
1018 1271 1121 1360 1517,
1136 1275 1198 1341 hos

117 1376 395 1454 commentarios,
405 1375 465 1445 sed
476 1376 712 1468 typographos,
721 1393 760 1441 ut
771 1375 982 1466 cupiditatem
994 1377 1089 1461 libri,
1106 1381 1198 1468 quasi

118 1497 186 1548 tem
205 1482 274 1548 cito
297 1481 470 1566 divenditi,
488 1484 666 1548 excitarent
682 1481 906 1571 captoribus,
923 1483 1074 1550 tralatitie
1089 1485 1197 1575 impo-

119 1589 226 1654 suisse
242 1588 377 1671 fraude,
395 1606 449 1671 et,
466 1605 506 1654 ut
527 1611 619 1654 nove
637 1587 758 1670 merci,
781 1609 906 1655 novum
926 1589 1056 1656 titulum
1075 1613 1197 1679 propo·

119 1695 244 1763 misse:
266 1693 325 1759 scd
341 1709 375 1759 et
390 1695 462 1762 elim
476 1694 557 1760 mibi
574 1694 722 1759 tenebre
740 1692 964 1761 offunduntur
980 1717 1019 1760 ex
1035 1697 1198 1762 Carrionis

120 1800 226 1882 notis,
246 1800 306 1888 qui
326 1797 502 1888 aliquando
524 1798 585 1888 (ut
601 1797 644 1863 ad
660 1798 717 1862 lib.
731 1799 763 1880 l,
781 1801 843 1878 41,
861 1798 1009 1885 esttibi)
1031 1797 1197 1888 duplicem

120 1904 339 1970 Perisiensern
351 1903 529 1970 editionem
544 1919 720 1987 memorat,
741 1905 971 1986 vetustiorem,
987 1921 1020 1970 et
1035 1907 1196 1972 recentio-

122 2033 213 2093 rem3
229 2033 304 2100 quie
326 2031 368 2076 an
385 2010 451 2074 siut
468 2009 543 2074 duee
559 2009 620 2073 illae
639 2009 847 2090 Meserienn,
867 2031 908 2074 an
930 2032 1014 2090 une,
1029 2025 1063 2079 et
1077 2010 1196 2079 deinde

122 2118 238 2200 abere,
252 2119 294 2183 A.
312 2114 414 2195 1532,
428 2115 520 2199 irs-8,
539 2138 639 2205 quem
653 2114 822 2180 Fabricius
836 2113 946 2181 laudnt
960 2137 978 2180 e
992 2117 1134 2182 Colineeo
1145 2140 1197 2183 cu·

123 2237 243 2306 ratum,
260 2222 302 2288 de
324 2245 390 2312 que
407 2245 485 2287 mox
503 2221 700 2303 dicendum,
722 2221 845 2288 nescio.
864 2220 1034 2286 Vetustnm
1055 2222 1196 2310 aliquem

123 2329 336 2395 Perisiensem
361 2329 473 2394 laudet
489 2329 639 2394 Bertbius
663 2328 704 2394 ad
719 2328 919 2398 StetTheb.
933 2329 975 2410 V,
993 2329 1054 2411 62,
1075 2317 1195 2418 etipse

124 2435 284 2503 idisenus
307 2435 349 2501 ed
368 2436 424 2500 lib.
439 2437 473 2517 1,
486 2459 524 2523 7,
541 2435 705 2512 meminit,
722 2435 793 2500 sine
814 2433 969 2516 nomine,
985 2434 1121 2516 alicujus
1139 2435 1195 2499 bo-

124 2543 239 2625 minis,
264 2543 359 2624 cujus
383 2563 483 2631 opera
495 2541 643 2606 Valerius
664 2541 794 2606 Parisiis
819 2540 994 2606 novissime
1018 2539 1196 2629 impressus

124 2664 190 2732 est,
207 2649 344 2738 ejusque
359 2671 461 2740 unges
476 2648 615 2714 refutet:
635 2649 692 2736 qui
709 2647 782 2736 quis
794 2646 836 2711 sit
847 2646 996 2735 ignorare
1008 2669 1060 2709 me
1071 2646 1195 2731 fateor,

124 2771 156 2820 et
168 2756 287 2820 vellem
302 2756 473 2844 perspicue
489 2755 590 2844 magis
604 2754 668 2818 boc
684 2753 874 2841 explicuisse
886 2752 973 2816 viros
985 2750 1120 2835 doctos3
1135 2774 1196 2818 nec

124 2860 173 2926 bis
199 2861 345 2950 expediri
367 2885 420 2928 me
445 2883 542 2951 posse
567 2859 685 2942 video,
710 2859 773 2923 nisi
795 2859 928 2923 fortuna
952 2858 1040 2946 ipsos
1064 2857 1193 2922 codices

124 2968 225 3032 oculis
250 2968 417 3034 obtulerit.
439 2967 588 3032 Edidisse
605 2989 684 3031 vero
697 2965 873 3032 Menenium
889 2985 966 3030 suos
991 2980 1195 3029 commente-

124 3075 207 3156 rios,
222 3091 399 3164 antequem
416 3074 526 3140 videre
546 3091 658 3162 posset
671 3073 821 3161 Peptistae
835 3070 883 3136 Pii
900 3068 1099 3151 editionem,
1118 3068 1195 3136 inde
1335 3143 1338 3150 ¹

124 3182 279 3263 conjicio,
296 3182 373 3270 quia
392 3179 435 3246 ad
450 3180 482 3246 d.
499 3181 577 3246 XIV
599 3178 736 3244 Kalend.
759 3178 855 3244 Febr.
874 3176 1018 3242 emisisse
1045 3198 1080 3240 se
1103 3191 1196 3242 notat

124 3285 239 3352 lindius
250 3335 260 3370 ,
271 3287 322 3351 Pii
331 3309 410 3352 vero
421 3287 528 3352 editor
538 3287 621 3352 xlx
632 3285 793 3350 Kalliai.
807 3282 954 3364 ejusdem
963 3282 1040 3347 enni
1054 3281 1194 3371 praefert.

126 3393 234 3476 Quare
250 3395 402 3484 nequis,
420 3396 479 3460 ubi
498 3395 595 3458 Pium
619 3415 638 3457 n
662 3394 805 3461 Meeerio
823 3392 915 3456 citeri
931 3390 1067 3473 viderit,
1087 3389 1196 3456 credat

124 3501 214 3568 illum
240 3521 316 3594 post
339 3505 436 3570 Pium
455 3526 552 3570 snum
578 3503 851 3571 commentarium
871 3501 1106 3568 concinnasse:
1122 3523 1195 3589 quae

124 3609 210 3674 enim
226 3611 322 3693 citet,
338 3627 420 3676 sunt
431 3633 471 3675 ex
488 3609 736 3674 Adnotnmentis
755 3607 822 3689 Pii,
848 3629 920 3694 quae
943 3609 982 3672 A.
1013 3605 1098 3684 1504
1121 3628 1196 3694 pro·

124 3713 220 3782 diiese
240 3739 319 3783 mox
334 3716 527 3784 ridebimus.
544 3716 597 3781 Sic
618 3739 690 3804 quae
710 3713 821 3780 laudet
835 3712 878 3778 ed
892 3713 948 3776 lib.
968 3713 1024 3793 11,
1045 3713 1131 3799 627,
1157 3735 1196 3779 ex

124 3841 150 3884 c.
163 3809 571 3901 156Adnotemeotorum‚
584 3843 657 3908 quer
667 3821 734 3901 111,
747 3818 828 3900 438,
838 3833 872 3881 et
879 3819 936 3900 tv,
951 3816 1031 3898 428,
1042 3840 1084 3884 ex
1093 3841 1121 3882 c.
1134 3816 1195 3896 148

124 3943 201 3992 sunt
215 3929 335 4016 petita,
359 3930 455 3994 etita
476 3929 510 3992 in
527 3928 597 3994 eliis
612 3927 701 3992 locis.
719 3923 901 3991 Adfectavit
918 3945 997 3988 vero
1018 3923 1073 3988 hic
1089 3923 1195 3988 Maee-

123 4034 189 4098 rius
214 4057 343 4100 rnorem
364 4051 511 4100 veterum
535 4035 751 4122 interpretum
777 4047 810 4095 et
829 4029 1094 4111 scholiastarum,
1112 4051 1195 4117 quos

124 4161 236 4205 omues
254 4143 325 4206 fere
337 4142 434 4231 primi
446 4155 617 4230 poetarum
633 4141 827 4227 interpretes
842 4138 876 4202 in
893 4135 983 4201 Italic
998 4133 1195 4202 aestuabas·

124 4259 193 4328 tur,
211 4263 244 4311 et
262 4269 346 4336 seepe
362 4247 644 4336 impudentissime
660 4261 694 4308 et
707 4245 826 4332 mnaso
838 4265 936 4332 opera
953 4239 1194 4328 compilabant,
