3226 5114
349 543 410 605 252
652 542 687 603 C.
711 539 902 602 VALERlI
931 538 1105 602 FLACCI

390 653 530 729 174-198.
547 657 611 709 Iam
628 649 703 708 redit
716 671 733 708 e
746 649 824 710 silvis
833 657 960 728 Amycus
973 653 1066 729 gigas;
1079 649 1254 710 furibundus
1266 653 1420 714 invehitur

386 751 416 806 in
441 747 581 819 advenas,
605 759 635 805 et
655 745 850 824 jactabundus
875 760 1017 827 provocat
1040 747 1078 805 ad
1103 767 1246 826 pugnam,
1270 771 1414 828 199·²²¹·

386 845 522 904 Certatim
536 843 574 902 ad
585 863 686 902 manus
698 844 888 904 conserendas
901 845 1055 921 insurgunt
1068 848 1257 922 Argonautae;
1272 850 1417 924 praevenit

387 956 480 1000 tamen
496 960 595 999 omnes
608 941 726 1014 Pollux,
742 943 849 1019 quem,
861 961 965 1020 puguae
982 960 1012 998 se
1027 941 1214 1014 offerentem,
1230 957 1264 1000 ut
1275 943 1418 1020 juvenem

386 1037 546 1096 imberbem
573 1039 760 1117 contemptim
785 1038 894 1113 habet,
921 1051 950 1096 et
976 1036 1072 1096 illudit
1097 1042 1239 1116 Amycus,
1267 1041 1415 1098 aaa-251.

387 1135 510 1212 Utrique
537 1154 614 1192 nunc
636 1134 762 1194 induunt
785 1149 906 1208 castus,
930 1149 960 1194 et
982 1154 1078 1212 pugna
1099 1135 1288 1194 committitur
1309 1150 1416 1210 atrox,

387 1230 467 1308 cujus
479 1244 598 1290 eventus
610 1227 724 1290 'tandem
736 1233 761 1290 is
772 1245 830 1304 est,
845 1245 878 1290 nt
889 1236 1015 1308 Amycus
1025 1231 1150 1289 Pollucis
1162 1230 1331 1290 dexteritate
1344 1253 1415 1290 con-

387 1328 516 1399 ficiatur,
534 1327 678 1395 uba-324.
692 1323 834 1386 Laetantes
849 1342 879 1386 et
894 1326 1098 1406 gratulabundi
1111 1329 1251 1386 victorem
1264 1329 1415 1409 excipiunt

386 1424 473 1498 socii,
490 1444 572 1482 sacra
590 1424 645 1482 diis
661 1425 784 1497 faciunt,
802 1426 972 1503 epulantur,
988 1425 1129 1493 325-343.
1146 1431 1266 1485 Postero
1281 1426 1328 1485 die
1344 1448 1415 1506 per-

385 1523 506 1581 veniunt
518 1522 555 1581 ad
569 1529 746 1602 Bosporum,
756 1523 837 1602 quod
847 1543 953 1582 nomen
966 1525 1041 1582 freto
1052 1523 1094 1581 illi
1107 1523 1228 1582 adhaesit
1240 1545 1276 1583 ex
1290 1525 1414 1583 transitu

386 1625 450 1691 Ius,
472 1619 553 1696 cujus
568 1620 627 1678 fata
646 1620 767 1698 Orphea
780 1633 930 1678 canentem
944 1632 1030 1698 poeta
1045 1619 1156 1678 inducit
1170 1620 1251 1678 suavi
1266 1619 1413 1698 episodio,

387 1717 535 1786 344-421.
551 1722 666 1775 Aurora
687 1731 842 1796 surgente,
859 1715 895 1775 ad
918 1716 1005 1774 litora
1024 1715 1172 1794 Thynnaea
1186 1715 1341 1788 accedunt,
1361 1708 1432 1775 ubi

386 1811 512 1884 Phinea,
525 1811 656 1870 Thraciae
670 1814 740 1871 olim
753 1833 866 1890 regem,
883 1825 1052 1890 vatemque,
1068 1811 1240 1884 offendunt,
1252 1812 1319 1889 qui,
1331 1813 1413 1890 quod

386 1929 491 1967 arcana
517 1909 598 1968 Jovis
625 1911 830 1988 evulgaverat,
855 1928 914 1967 non
935 1909 1027 1968 oculis
1051 1922 1162 1967 tantum
1185 1909 1333 1986 privatus,
1360 1910 1412 1968 sed

385 2007 580 2084 Harpyiarum
598 2007 685 2066 etiam
703 2008 860 2086 rapacitate
879 2021 908 2066 et
924 2008 1026 2065 foetore
1041 2004 1216 2065 intolerabili
1234 2009 1323 2065 multa
1340 2007 1413 2066 huo—

385 2123 477 2181 usque
489 2123 658 2182 perpessus,
672 2107 749 2163 inter
759 2111 941 2184 Argonautas
957 2106 1078 2164 fortasse
1092 2102 1260 2162 liberatores
1274 2105 1343 2162 olim
1355 2104 1415 2163 sibi

384 2200 542 2277 promissos
555 2200 654 2259 adesse
667 2201 841 2280 suspicatus,
856 2201 934 2260 baud
950 2201 1037 2259 lalsus
1053 2199 1107 2258 sibi
1120 2213 1199 2259 vates
1213 2201 1283 2272 luit,
1297 2205 1416 2259 Boreae-

386 2317 443 2373 que
454 2297 543 2368 lilios,
552 2298 656 2356 'Calain
669 2311 698 2356 ct
713 2303 816 2369 Zeten,
837 2318 962 2376 quornm
973 2317 1104 2356 sororem
1114 2297 1144 2354 in
1159 2297 1343 2355 matrimonio
1359 2297 1414 2356 ha-

384 2391 500 2464 buerat,
514 2393 662 2453 advenisse
676 2396 757 2453 laetus
768 2393 895 2467 audivit,
911 2395 1052 2464 lna-1464.
1069 2401 1243 2471 Argonautae
1255 2393 1334 2452 bono
1346 2414 1413 2452 eum

385 2490 481 2548 animo
492 2510 553 2549 esse
562 2490 681 2568 jubent,
693 2491 851 2570 mediisque
864 2493 944 2552 lectis
955 2492 1114 2569 accipiunt,
1126 2505 1159 2548 ut
1171 2490 1207 2548 ab
1218 2491 1413 2568 Harpyiarum

385 2587 494 2645 insultu
508 2587 673 2646 defendant.
685 2587 799 2663 Quibus
811 2607 878 2646 mox
890 2586 1067 2646 irruentibus
1079 2588 1172 2646 Calais
1185 2601 1214 2646 et
1225 2593 1306 2646 Zetes
1317 2589 1414 2645 insur-

386 2695 471 2761 gunt,
487 2703 593 2760 easque
605 2682 720 2742 abactas
732 2684 768 2742 ad
781 2685 895 2743 lonium
907 2704 999 2763 usque
1010 2703 1088 2741 mare
1099 2697 1322 2762 persequuntur,
1339 2685 1414 2751 46&

386 2780 456 2838 528.
469 2781 521 2840 His
541 2782 581 2840 ita
599 2783 739 2860 peractis,
757 2783 824 2840 Jovi
843 2801 924 2840 sacra
939 2781 1048 2840 faciunt
1059 2787 1246 2859 Argonautae,
1264 2780 1413 2858 dapesque

385 2891 537 2957 apponunt
547 2879 656 2938 Phineo
668 2891 736 2957 post
748 2881 866 2958 longum
878 2893 992 2958 tempus
1003 2881 1114 2956 quietas
1127 2892 1157 2936 et
1167 2897 1263 2956 puras.
1279 2883 1357 2936 Dum
1372 2879 1415 2936 ita

387 2975 472 3051 genio
485 2975 630 3052 indulget,
652 2980 740 3034 lason
756 2975 844 3035 abeo
861 2975 946 3054 petit,
959 2987 992 3034 ut
1005 2973 1196 3047 vaticinandi,
1213 2994 1270 3051 qua
1285 2974 1412 3052 polleat,

388 3085 464 3143 arte,
481 3072 578 3130 futura
597 3086 626 3130 et
640 3070 697 3131 sibi
710 3074 891 3151 praenuntiet.
912 3071 1003 3132 Dictis
1020 3085 1104 3150 paret
1124 3071 1261 3142 Phineus,
1279 3083 1322 3142 et,
1342 3090 1416 3129 non-

388 3169 488 3240 nullis,
510 3169 632 3256 maxime
649 3170 685 3228 ad
703 3171 831 3246 Cyaneas
844 3182 958 3247 petras,
969 3169 1105 3247 periculis
1121 3168 1274 3246 superatis,
1289 3166 1415 3226 feliciter

386 3264 423 3322 ad
444 3264 596 3324 Phasidem
616 3279 823 3343 perventurum
841 3285 903 3323 esse
917 3265 1085 3334 confirmat,
1105 3263 1243 3339 529-625.
1262 3269 1327 3322 Jam
1340 3283 1415 3320 vero

386 3363 443 3419 iter
455 3361 651 3439 prosequendi
666 3375 779 3439 tempus
794 3360 893 3420 adesse
907 3375 986 3419 ratus
1003 3365 1091 3418 Jason
1107 3359 1201 3418 socios
1214 3379 1318 3418 navem
1334 3360 1415 3417 revi-

386 3471 448 3516 sere
456 3455 554 3535 jubet,
567 3470 611 3529 et,
625 3469 712 3535 portu
726 3457 777 3514 vix
789 3457 906 3529 relicto,
921 3457 1044 3514 famosas
1060 3456 1122 3514 illas
1136 3455 1319 3533 conspiciunt
1333 3459 1413 3532 Cya-

387 3573 473 3626 neas,
489 3567 622 3631 stupent,
642 3567 766 3634 pavent;
784 3553 919 3612 hortante
935 3552 1050 3611 tandem
1071 3564 1101 3610 et
1118 3573 1219 3610 manus
1239 3551 1414 3610 admovente

386 3658 509 3722 Jasone,
519 3652 642 3724 intratu,
656 3671 859 3729 summumque
873 3651 980 3710 adeunt
994 3650 1166 3727 periculum.
1176 3647 1288 3708 Adsunt
1299 3647 1362 3706 deae
1377 3668 1415 3706 ex
1498 3683 1502 3693 ·

387 3749 519 3808 machina
539 3755 615 3809 Juno
636 3763 665 3808 et
684 3752 793 3822 Pallas,
813 3769 872 3828 quo
890 3750 938 3822 fit,
950 3760 1001 3820 ut,
1023 3761 1152 3806 extrema
1170 3759 1282 3806 tantum
1303 3747 1415 3827 puppis

388 3861 470 3928 parte
488 3860 635 3918 truncata,
649 3849 731 3907 navis
745 3847 865 3918 evadat,
880 3847 1021 3918 fiad-¹702.
1036 3850 1111 3904 Tum
1123 3858 1247 3923 pergunt
1263 3845 1350 3902 litora
1369 3845 1414 3901 le-

387 3964 455 4021 gere
468 3945 554 4002 Ponti
567 3946 687 4018 Euxini,
702 3944 784 4022 cujus
800 3943 961 4022 amplitudo
978 3940 1165 4013 describitur,
1181 3943 1321 4014 7⁰3·73²·
1333 3945 1414 3998 Tan-

386 4041 452 4100 ‹lem
463 4043 636 4120 perveniunt
649 4043 685 4101 ad
697 4042 916 4119 Mariandynus,
929 4040 981 4100 ubi
989 4046 1084 4117 Lycus
1096 4059 1160 4111 rex,
1175 4059 1268 4116 nuper
1277 4058 1293 4095 e
1301 4036 1415 4114 Bebry-

387 4159 452 4196 cum
468 4140 584 4218 regione
599 4141 693 4198 vietor
707 4140 798 4198 redux
810 4140 897 4221 'laetus
914 4159 963 4197 eos
982 4138 1063 4196 tectis
1088 4136 1268 4218 dapibusque
1286 4134 1413 4213 exeipit,

390 4237 555 4312 qut-762,
