3198 5106
398 557 526 611 cumr
573 541 613 606 P.
639 541 884 614 BURMANNI
913 544 1151 616 PRAEFATIO
1179 543 1408 615 SECUNDA.

399 657 546 734 bererita
562 669 666 758 poetis
681 685 715 736 et
736 671 955 770 mythologie,
975 673 1010 738 in
1027 673 1116 738 idem
1131 672 1228 738 etiam
1247 687 1376 761 tempus
1388 695 1466 740 aros

398 790 431 840 et
450 790 584 862 nepotes
610 775 743 856 conjici,
768 779 1028 867 consanguineos
1056 793 1148 844 utute
1173 777 1271 866 longe
1295 777 1466 844 inferiores

397 879 559 968 prioribus
577 897 615 945 ut
629 881 765 969 aequales
788 882 935 972 adjungi,
952 904 1158 972 concoquere
1181 883 1234 950 rix
1259 905 1355 971 posse
1374 882 1465 948 ride-

399 985 477 1048 bar:
497 985 575 1050 hinc
589 999 655 1050 non'
680 985 807 1054 nudum
824 989 1003 1078 catalogum
1021 986 1185 1070 sufficere,
1206 986 1264 1052 sed
1277 986 1318 1052 dc
1331 987 1466 1078 siugulis

400 1091 580 1158 accuratius
597 1092 760 1181 agendum
777 1093 968 1176 centebam3
983 1109 1083 1182 atque
1099 1093 1144 1158 ita
1160 1094 1280 1158 senaim
1297 1093 1379 1158 mihi
1394 1094 1466 1176 hic,

400 1218 498 1283 quem
510 1197 704 1285 praefationi,
719 1214 756 1265 ut
766 1200 975 1271 necessariam
987 1197 1355 1288 appendicem,adjuugi
1364 1199 1466 1280 volui,

402 1303 626 1394 catalogut(1)
647 1319 824 1386 natusest,
847 1327 946 1392 quern
962 1303 1077 1371 ordine
1090 1304 1255 1370 literarum
1271 1303 1465 1392 dispositum

401 1404 553 1472 exhibere
564 1409 771 1480 utilissimum
781 1409 919 1492 credidi,
930 1425 1043 1474 utnon
1053 1409 1153 1474 modo
1162 1411 1316 1474 continua
1326 1410 1466 1476 lectione

399 1515 468 1595 ejus
482 1513 547 1581 frui
559 1515 661 1602 possit
673 1516 785 1598 lector,
798 1516 857 1580 sed
872 1517 1142 1604 quotiescumque
1155 1515 1197 1582 de
1207 1517 1316 1605 aliquo
1330 1537 1465 1597 eorum,

399 1617 479 1686 dum
494 1635 623 1709 poetam
634 1620 725 1686 hunc
742 1621 794 1688 rel
810 1621 909 1689 alium
926 1620 1013 1687 idem
1029 1638 1259 1711 argumentum
1275 1637 1466 1686 tractantem

396 1741 516 1806 versat,
530 1723 659 1790 edoceri
674 1727 766 1808 velit,
781 1749 821 1790 eo
836 1749 1002 1792 recurrere
1015 1726 1219 1794 commodius
1236 1742 1352 1815 queat,
1365 1749 1464 1816 quam

398 1830 426 1896 ai
445 1831 624 1896 secundum
640 1833 744 1904 Flacci
760 1831 909 1898 ordinem
928 1854 1188 1916 enumeraraem3
1210 1855 1308 1922 quem
1326 1833 1353 1896 si
1368 1833 1461 1920 sequi

399 1937 588 2019 voluissem,
612 1938 787 2004 evolvenda
805 1961 933 2028 semper
947 1962 1062 2029 magna
1075 1955 1153 2028 'pars
1178 1938 1314 2028 catalogi
1336 1939 1464 2021 fuisset,

399 2059 439 2107 ut
450 2043 520 2126 ille,
540 2066 637 2133 quem
653 2062 811 2132 quaereret
827 2045 938 2130 lector,
953 2045 1173 2112 inveniretur:
1192 2060 1226 2110 et
1238 2061 1347 2110 tamen
1359 2043 1466 2132 place·

399 2149 455 2214 bat
472 2172 555 2239 saepe
567 2141 676 2214 animo
690 2150 855 2218 Valerium
871 2151 981 2238 aequi,
1003 2151 1079 2238 quia
1096 2151 1187 2216 illum
1206 2153 1408 2239 Argonautas
1422 2151 1466 2215 ita

400 2253 566 2320 ordinasse
577 2277 636 2343 per
648 2257 736 2343 paria
750 2254 936 2337 credebam,
950 2271 988 2319 ut
998 2277 1068 2320 uno
1083 2255 1199 2320 ordine
1215 2254 1256 2321 ad
1268 2278 1395 2320 remum
1413 2279 1466 2320 aa·

401 2359 514 2424 dentes
532 2361 698 2450 jungeret3
725 2361 769 2426 ita
786 2361 873 2426 enim
889 2360 1057 2426 Telamoni
1077 2377 1110 2424 et
1130 2360 1263 2427 Herculi
1285 2359 1465 2449 principem

403 2464 552 2530 attribuit
572 2467 694 2547 locum,
711 2465 789 2530 huic
803 2465 973 2548 dextrum,
990 2466 1035 2532 illi
1057 2466 1174 2532 laetum
1190 2465 1272 2530 latus
1295 2467 1385 2532 uaria
1406 2466 1466 2532 ad·

399 2570 546 2658 signans,
560 2585 593 2636 et
608 2569 726 2638 dende
738 2572 908 2638 Asteriona
922 2586 955 2637 et
964 2571 1097 2638 Talaum
1110 2593 1323 2660 componens,
1335 2573 1465 2660 reliquis

400 2675 553 2742 omnibus
570 2675 686 2744 ordine
701 2699 798 2742 auum
814 2675 967 2745 adscribit
982 2678 1114 2758 locum,
1141 2675 1246 2742 donec
1269 2676 1309 2741 ad
1329 2677 1465 2744 norissi-

400 2801 492 2846 tutun
508 2781 662 2871 remigem
682 2779 775 2847 Idam
793 2781 985 2870 pervenerit.
1003 2783 1098 2848 Tunc
1118 2781 1206 2846 enirn
1223 2803 1279 2846 eos
1303 2799 1464 2850 recenset,

402 2885 459 2972 qul
475 2907 494 2950 a
509 2886 689 2977 remigandi
705 2885 837 2976 quidem
847 2907 983 2954 munere
991 2887 1159 2970 vacabant,
1167 2887 1224 2956 sed
1232 2886 1274 2954 ad
1289 2889 1368 2954 alios
1386 2909 1464 2954 usus

400 3003 493 3056 erant
507 2991 677 3062 destinati:
691 2991 794 3082 qualis
810 2993 872 3058 luit
884 2995 1050 3082 Lynceus,
1063 2995 1119 3082 qui
1130 2994 1317 3062 acutissimo
1327 2995 1399 3060 risu
1412 3017 1466 3060 ex·

401 3097 543 3184 ploraret
555 3114 588 3164 et
603 3114 704 3166 terras
719 3114 752 3164 ct
764 3114 857 3179 asna,
868 3097 1066 3187 doceretque
1078 3099 1226 3189 Tiphyn,
1240 3118 1398 3188 qraantum
1413 3101 1466 3166 illa

401 3199 572 3288 distarent,
583 3219 641 3268 aut
651 3204 885 3292 propinquiora
897 3221 1019 3288 estent3
1031 3206 1132 3270 Calais
1149 3222 1182 3272 et
1195 3206 1396 3272 Zethesrelis
1410 3208 1467 3272 rni-

402 3307 538 3374 niatrare
561 3309 735 3392 jubentur;
763 3310 896 3399 Orpheo
917 3310 1065 3398 celeustoe
1094 3329 1200 3400 partes
1227 3314 1464 3402 imponuntur3

402 3411 548 3500 Iphiclus
566 3425 605 3478 ut
626 3428 733 3481 rector
754 3429 794 3482 et
811 3417 955 3483 monitor
969 3417 1144 3497 juvenibus
1164 3420 1359 3508 apponitur3
1375 3419 1466 3507 Argo

404 3539 481 3584 curu
491 3517 580 3584 uaris
593 3519 818 3602 committitrn,
830 3536 864 3586 et
876 3522 1006 3590 tandem
1015 3524 1139 3612 Tiphys
1150 3525 1240 3590 claro
1253 3523 1464 3612 preponitur.
1571 3554 1573 3558 ·

404 3620 486 3703 Quae
499 3623 757 3712 Argonautarum
774 3623 936 3692 ordinatio
950 3627 1118 3717 ingenium
1134 3630 1231 3696 etiarn
1245 3645 1348 3716 poetae
1361 3628 1465 3694 nostri

336 3722 342 3745 ¹
403 3725 561 3810 declarat3
582 3727 639 3796 sed
660 3728 789 3796 lectoria
813 3732 1077 3800 commodumst
1100 3735 1220 3800 aulius
1237 3732 1325 3800 aliud
1348 3734 1464 3812 suasit,

403 3853 500 3918 quem
521 3833 685 3902 laboribus
703 3839 871 3904 nostriset
893 3841 979 3905 curis
1000 3841 1160 3908 fautorem
1181 3841 1377 3906 benevolum
1394 3841 1465 3908 fore

400 3959 502 4003 voveo
518 3955 552 4006 et
566 3963 690 4029 precor.
705 3943 828 4026 Laida,
842 3945 903 4010 lral.
915 3945 1068 4025 januariis
1082 3949 1296 4013 clnlnccmr.

435 4119 477 4190 (1)
496 4119 566 4174 Vide
574 4121 646 4176 bunc
655 4125 803 4196 catalogum
812 4125 839 4178 iu
850 4128 968 4200 sequenti
977 4126 1121 4180 volumine.
1132 4127 1183 4180 En.

710 4303 1154 4336 Q
