3122 5126
406 533 491 582 xxvr
806 507 1064 618 PRAEFATIO
1092 513 1095 518 ’

405 639 549 730 Ingentis
563 638 710 726 proiecto
726 637 838 704 AEnem
852 661 970 728 corpus
986 638 1158 703 Charontis
1177 637 1356 706 umbratica
1376 641 1470 704 navis

404 745 567 833 suscepit3
600 766 731 834 gemens
758 744 911 832 quidem,
942 767 1003 810 nec
1025 761 1134 809 tamen
1157 745 1249 808 oneri
1272 745 1470 811 concedens.

403 852 482 917 Vela
497 865 623 933 autem,
644 849 763 937 quibus
780 850 865 914 inter
880 848 1096 939 navigandum
1113 848 1255 929 utimur,
1273 871 1350 913 sane
1366 873 1470 939 quam

403 981 500 1047 parva
521 972 619 1038 sunt,
642 954 700 1020 sed
720 955 826 1042 plena.
852 956 972 1018 Futura
990 953 1127 1017 aliorum
1143 953 1234 1018 facile
1248 955 1368 1034 majora
1384 978 1471 1019 con-

400 1066 492 1146 jicio,
513 1063 540 1127 si
554 1063 649 1126 latius
663 1059 804 1125 fimbrias
820 1058 977 1124 diducent
987 1059 1093 1123 alieno
1105 1075 1215 1124 auctas
1234 1058 1471 1144 additamento3

402 1169 459 1234 sed
477 1191 548 1257 quoe
561 1168 663 1232 serius
677 1189 775 1254 quam
791 1165 932 1230 mendici
946 1187 1056 1252 peram
1067 1187 1144 1228 aura
1159 1164 1335 1230 adventitia
1348 1166 1469 1232 AEolus

402 1275 542 1362 impleat.
562 1275 614 1336 Tu
632 1294 727 1352 vero,
745 1271 772 1334 si
786 1293 804 1334 a
819 1292 917 1358 prora
936 1270 977 1334 ad
990 1270 1127 1358 puppim
1146 1267 1256 1334 omnia
1274 1269 1361 1351 juste
1372 1294 1469 1336 vcon·

400 1379 558 1468 spexeris,
573 1376 725 1441 nonnihil
738 1376 822 1440 forte
837 1375 1016 1456 discernes,
1031 1375 1121 1463 quod
1135 1375 1317 1464 ingressum
1330 1400 1467 1467 persua·

401 1484 539 1566 deat,et
548 1504 680 1548 cursum
688 1483 760 1546 vita
769 1480 1038 1570 compendiosum
1050 1482 1138 1546 inter
1147 1503 1334 1548 numerosas
1347 1483 1468 1547 mundi
1522 1555 1527 1565 ,

399 1591 555 1681 procellas
584 1587 724 1670 adjuvet.
747 1588 833 1652 Velis
863 1588 951 1652 enim
979 1587 1142 1675 remisque
1168 1588 1320 1653 omnibus
1343 1589 1469 1678 jugiter

399 1696 580 1776 innitimur,
594 1716 661 1781 quo
679 1693 815 1757 celerius
833 1691 1044 1775 accedamus,
1056 1693 1145 1758 unde
1162 1716 1265 1783 agnus
1285 1695 1401 1759 missus
1415 1710 1469 1759 est

316 1825 318 1834 ·
399 1823 499 1865 aureo
526 1801 642 1864 vellere
664 1798 809 1887 insignis.
832 1799 902 1862 Illic
925 1801 1069 1888 supremi
1091 1816 1141 1864 est
1163 1815 1247 1864 meta
1273 1800 1408 1881 laboris,
1432 1815 1468 1864 et

400 1922 486 1971 certa
501 1905 647 1993 requies,
666 1926 738 1992 quaa
755 1925 859 1990 quum
878 1904 913 1968 in
936 1905 1089 1969 omnibus
1106 1907 1276 1992 quaeritur,
1299 1928 1334 1969 se
1357 1907 1468 1970 solum
1533 1971 1537 1978 ,

399 1995 531 2076 delectis
547 2011 593 2074 ibi
609 2011 731 2098 patitur
744 2008 861 2091 videri3
876 2012 937 2072 nec
951 2032 1007 2073 cor
1020 2009 1199 2097 quiescere,
1216 2011 1404 2100 priusquam
1424 2032 1467 2074 eo

349 2137 351 2142 ·
398 2135 534 2182 ventum
557 2116 615 2199 sit,
642 2138 681 2179 ex
703 2130 736 2179 te
757 2115 932 2180 noscimus.
955 2115 1006 2178 Ibi
1026 2116 1119 2180 litora
1139 2117 1317 2208 reperimus
1341 2116 1465 2198 amica,

399 2223 518 2310 quibus
535 2222 635 2286 fessos
658 2223 762 2285 levare
783 2222 928 2304 animos,
956 2237 1118 2310 quassatas
1133 2238 1216 2287 rates
1235 2245 1404 2309 reparare,
1431 2238 1467 2285 et

398 2327 489 2416 quod
506 2351 552 2410 ¹ex
575 2327 763 2392 brevissimo
782 2341 928 2414 superest
941 2327 1072 2409 viatico,
1092 2329 1220 2392 suavius
1236 2327 1379 2409 nacturi,
1399 2327 1466 2390 lin-

398 2455 497 2521 quere
510 2430 687 2523 gaudemus
700 2451 710 2496 ⁴:
724 2447 827 2520 utque
842 2431 1078 2496 nobilissimum
1092 2449 1141 2496 est
1154 2433 1204 2496 tui
1216 2432 1389 2520 Augustini
1403 2453 1466 2496 eu·

397 2539 537 2629 logium,
549 2538 733 2625 inquietum
746 2553 794 2601 est
807 2559 864 2600 cor
875 2537 1074 2621 humanum,
1086 2537 1192 2602 donec
1203 2537 1243 2601 ad
1254 2560 1330 2601 eum
1344 2537 1466 2618 veniat,

396 2665 462 2731 praa
483 2643 575 2723 cujus
591 2642 736 2706 bonitate
754 2643 841 2706 nulla
859 2656 907 2704 est
923 2664 1038 2730 regum
1054 2643 1229 2706 litoralium
1242 2643 1360 2730 gratia,
1374 2643 1468 2706 nulla

396 2748 605 2836 hospitalitas.
632 2749 675 2811 Et
694 2771 821 2812 nerem
839 2762 895 2811 tuo
912 2747 1020 2812 studio
1036 2748 1203 2836 indignam
1221 2747 1359 2835 proferri
1381 2771 1471 2811 con-

395 2853 494 2934 jicias,
506 2852 597 2942 quod
608 2853 714 2941 poesis
729 2853 913 2917 dulcissima
925 2852 1019 2916 nobis
1031 2851 1182 2941 effigiavit
1195 2845 1291 2917 velim
1308 2850 1346 2940 (si
1357 2851 1466 2940 lubet)

396 2953 504 3018 divine
533 2969 698 3020 cantatum
722 2954 882 3020 existimes
901 2979 908 3021 :
927 2954 1207 3043 persuadeasque,
1234 2978 1301 3018 non
1326 2955 1465 3018 minoris

396 3081 465 3123 esse
479 3057 647 3123 industriae
657 3059 823 3148 AEgyptias
841 3059 1085 3149 superstitiones
1099 3060 1133 3122 in
1150 3061 1361 3124 Christianam
1385 3060 1464 3123 reli·
1526 3109 1528 3116 .

396 3165 543 3252 gionem,
562 3165 702 3251 poeticas
715 3165 837 3229 fabulas
851 3167 886 3228 in
902 3166 1068 3229 veritatem
1082 3165 1317 3255 Evangelicam,
1330 3163 1465 3228 menda·

396 3269 444 3332 cia
456 3269 566 3332 Graeca
576 3269 611 3331 in
624 3268 791 3332 historiam
805 3271 953 3352 latinam,
968 3293 1066 3358 quam
1079 3269 1270 3352 ludibrium,
1285 3268 1463 3358 propudia,

396 3373 554 3454 insultus,
572 3395 769 3460 crucemque
781 3390 814 3438 et
826 3376 970 3463 spineam
983 3397 1137 3439 coronam
1149 3375 1265 3463 (modo
1277 3397 1385 3438 rerum
1400 3377 1464 3438 col·

396 3479 476 3544 latio
487 3500 578 3565 aeque
590 3478 790 3567 admittatur)
802 3479 836 3543 in
851 3481 980 3546 laudem
990 3483 1051 3546 Dei
1063 3482 1187 3569 Optimi
1198 3481 1348 3562 Maximi,
1360 3481 1465 3546 hono-

398 3605 487 3664 rem,
500 3598 532 3646 et
543 3583 676 3672 gloriam
689 3582 702 3670 (
709 3600 747 3648 ut
762 3583 889 3672 decuit)
902 3587 1107 3652 convertisse.
1128 3588 1345 3674 Compertum-
1353 3601 1462 3648 autem

399 3687 458 3752 tibi
467 3703 532 3770 est,
545 3710 642 3776 quam
654 3711 772 3778 magno
785 3706 818 3754 et
827 3691 915 3779 gravi
925 3693 1070 3779 periculo
1083 3714 1171 3756 mare
1181 3692 1244 3755 hoc
1253 3691 1462 3772 immensum,

399 3794 485 3876 lere,
499 3795 698 3876 inconstans,
708 3811 740 3891 et
748 3797 977 3883 procellosum,
990 3799 1088 3861 soleat
1100 3797 1256 3886 navigari:
1266 3795 1357 3884 quod
1368 3789 1463 3860 mon·

398 3900 472 3964 stris
488 3899 640 3983 infinitis,
660 3901 893 3978 calamitatibus
912 3903 1148 3990 aerumnisque,
1170 3918 1202 3966 et
1221 3901 1346 3966 damnis
1360 3903 1463 3965 abun·

399 4003 479 4069 dans
489 4007 759 4088 cumulatissimis,
770 4030 836 4072 non
852 4009 908 4073 abs
921 4032 955 4074 re
969 4008 1192 4088 formidamus,
1203 4007 1266 4088 cui,
1278 4006 1339 4072 sub
1351 4006 1462 4096 primae

398 4111 498 4177 aetatis
524 4114 714 4202 crepusculo
730 4114 783 4178 vix
808 4117 891 4200 nati,
912 4116 1061 4204 cymbam
1086 4113 1247 4180 credimus
1270 4113 1460 4194 informem,

398 4217 545 4300 sutilem,
558 4234 591 4283 et
611 4219 741 4308 plenam
758 4219 930 4306 rimarum,
950 4221 1011 4288 hac
1033 4238 1065 4286 et
1084 4221 1156 4291 illac
1174 4218 1329 4286 fluentem
1340 4267 1351 4301 ,
1363 4239 1460 4306 quam
1478 4217 1483 4227 '
