3198 5106
347 439 525 510 TESTIM.
552 442 617 510 DE
641 442 847 512 VALERIO
873 441 1061 511 FLACCO.
1161 461 1242 508 ooxr

258 625 459 693 mansion.
477 623 699 688 Sosuoronros
720 648 761 687 on
777 644 861 688 unus
879 618 1032 703 Paravu,
1046 645 1108 686 ms.
1125 623 1161 701 1,

544 753 645 794 crass.
659 754 717 810 ιιι,
740 753 811 794 rso.
831 728 881 793 55.

223 914 287 995 Qui
312 913 439 978 Valerio
456 913 568 976 Flacco
591 925 702 977 nostro
719 914 852 994 Setiam,
874 912 1032 1000 oppidum
1044 912 1243 998 Campaniae,

180 1020 314 1108 patriam
328 1018 427 1082 fuisse
446 1017 603 1100 credunt,
621 1034 804 1107 sequuntur
815 1018 860 1082 illi
878 1017 1009 1106 quidem
1023 1017 1242 1096 conjecturam

128 1163 132 1170 ·
180 1125 381 1216 cognominis
397 1124 517 1204 Setini3
538 1125 628 1210 quasi
643 1121 678 1188 id
691 1125 801 1212 patriae
817 1145 882 1188 suae
897 1145 1017 1186 nomen
1034 1124 1093 1204 sit,
1109 1144 1176 1184 non
1194 1123 1242 1184 fa-

180 1231 285 1296 miliae.
315 1229 415 1318 Atqui
442 1247 519 1294 sane
543 1232 700 1296 falluntur
722 1231 870 1296 maxime.
897 1233 1032 1294 Constat
1055 1229 1141 1292 enim
1167 1247 1241 1291 eum

179 1337 276 1400 fuisse
290 1335 502 1419 Patauinum,
518 1338 569 1400 vel
588 1356 627 1400 ex
643 1337 872 1425 epigrammate
891 1336 960 1401 val.
982 1335 1118 1400 Martial.
1131 1336 1164 1414 Ι,
1179 1354 1241 1419 79,

179 1440 234 1508 ubi
255 1465 358 1532 quum
381 1444 494 1509 dolens
517 1446 728 1533 conqueritur
752 1444 897 1525 nullum,
920 1467 978 1508 suo
1004 1457 1115 1523 aetate,
1134 1463 1243 1528 neque

179 1550 355 1630 honorem,
371 1572 478 1637 neque
491 1551 661 1638 praemium
673 1551 776 1614 Musis
791 1573 876 1631 esse,
890 1549 947 1614 sed
962 1569 1023 1637 pro
1035 1548 1189 1612 tribunali
1208 1549 1242 1610 in

178 1655 265 1736 foro,
283 1671 316 1719 et
330 1655 364 1717 in
379 1653 507 1734 judiciis
521 1653 751 1720 tantummodo
769 1655 891 1742 acquiri
907 1677 1022 1743 posse,
1047 1652 1176 1717 dicens:

315 1814 339 1861 Ο
356 1812 416 1862 mibi
434 1829 564 1872 curarum,
581 1825 628 1862 ete.

178 1960 308 2022 flaccus
330 1959 417 2022 inter
436 1981 491 2024 eos
511 1976 643 2048 poetas,
661 1961 717 2047 qui
742 1959 872 2024 heroica
889 1958 1161 2038 decantaverunt,
1180 1956 1242 2020 suit

175 2062 295 2144 judicio
310 2065 460 2128 omnium
476 2063 704 2146 admirandus,
724 2067 751 2130 si
769 2082 893 2152 spectes
910 2079 1033 2152 quanto
1058 2064 1084 2126 is
1108 2062 1242 2151 spiritu,

179 2187 210 2234 ct
231 2187 353 2260 quanta
375 2171 526 2236 felicitate
543 2174 578 2236 in
600 2172 774 2238 scribendo
799 2173 941 2237 carmine
961 2172 1082 2236 caeteris
1105 2183 1244 2258 praestet.

179 2276 238 2341 Hic
249 2293 298 2341 est
311 2277 465 2359 Flaccus,
480 2277 571 2358 cujus
589 2295 819 2366 praematurum
836 2279 962 2341 obitum
978 2275 1115 2360 Quintil.
1129 2275 1185 2338 lib.
1197 2276 1243 2356 X,

177 2382 233 2446 ubi
249 2383 351 2447 claros
368 2400 512 2448 oratores
531 2400 782 2466 commemorat,
800 2383 928 2465 dicens,
946 2383 1083 2449 Multum
1103 2405 1200 2472 nuper
1212 2383 1244 2444 in

179 2486 291 2552 Flacco
301 2489 470 2552 annuimus.
491 2489 589 2553 Hunc
601 2512 678 2579 ergo
692 2491 841 2554 futurum
855 2512 1010 2578 magnum
1022 2490 1118 2553 etiam
1135 2503 1244 2564 orato·¹

176 2616 263 2675 rem,
282 2593 405 2658 nedum
420 2611 548 2684 poetam
560 2593 716 2662 illustrem
734 2595 953 2678 Quintilianus
967 2595 1057 2660 haud
1068 2595 1147 2658 falso
1162 2617 1245 2659 conm

176 2697 299 2776 jecerat
317 2699 366 2764 De
386 2699 450 2763 hoc
467 2699 597 2764 Valerio
609 2699 741 2781 Flacco,
753 2699 913 2778 Tortelius
931 2701 1053 2790 ingenii
1071 2699 1243 2764 aestimator

178 2805 327 2888 eximius,
346 2805 402 2869 ubi
418 2805 459 2870 de
476 2807 700 2894 Argonauticis
713 2805 842 2887 scribit,
857 2807 901 2870 ita
917 2805 1243 2870 honorificentissime

178 2910 336 2997 loquitur:
347 2910 548 2975 Clarissimus
567 2909 620 2974 ille
638 2926 733 2999 poeta
745 2909 891 2974 Valerius
901 2911 1034 2975 Flaccus
1048 2909 1159 2974 divino
1176 2933 1245 2973 oar·

178 3018 264 3081 mine
283 3039 352 3080 rem
377 3039 510 3081 omnem
521 3019 782 3106 Argonautarum
800 3017 960 3105 explicuit.
979 3017 1114 3083 Exstant
1133 3032 1241 3080 autem

177 3121 259 3186 illius
279 3123 423 3211 praeclari
439 3123 545 3212 operis
566 3123 641 3187 libri
658 3140 733 3188 octo
751 3124 792 3189 ad
805 3124 947 3188 reditum
965 3147 1067 3212 usque
1081 3124 1217 3187 heroum
1232 3147 1241 3205 3

177 3229 291 3317 reliqui
311 3249 407 3312 vero,
425 3229 476 3295 rel
496 3231 603 3295 amissi
620 3255 716 3314 casu,
734 3249 772 3296 ut
785 3231 895 3297 multis
917 3228 1050 3312 accidit,
1067 3231 1118 3294 vel
1137 3217 1242 3318 poetae‘

157 3327 158 3332 ¹
177 3351 280 3399 morte
291 3335 461 3424 intercepti
470 3354 556 3402 sunt.
567 3337 752 3426 Scripturus
764 3355 832 3402 erat
845 3338 949 3402 multo
956 3339 1065 3428 plures
1078 3337 1194 3418 libros,
1208 3353 1241 3400 et

175 3443 295 3523 majora
315 3459 485 3530 poemata,
511 3444 573 3507 nisi
595 3467 683 3508 mors
700 3444 923 3534 intempestiva
942 3445 1033 3508 illum
1059 3443 1154 3507 nobis
1180 3443 1242 3506 eri-

175 3548 305 3633 puisset.
327 3547 465 3612 Videtur
486 3563 595 3612 autem
617 3550 652 3612 in
677 3549 744 3630 his,
769 3571 841 3637 quae
865 3551 1010 3639 scripsit,
1032 3548 1250 3638 Apollonium.

173 3652 358 3734 Rhodium,
371 3675 438 3718 non
451 3652 680 3719 tantummodo
692 3672 885 3744 argumento
896 3657 1022 3745 operis,
1036 3679 1150 3720 rerum
1164 3655 1241 3744 ipsis

173 3759 268 3823 etiam
283 3758 493 3842 carminibus,
501 3759 703 3850 expressisse.
713 3759 804 3849 Opus
816 3782 914 3825 suum
926 3761 978 3826 alii
991 3761 1170 3842 conjiciunt
1183 3760 1241 3825 de·

173 3863 315 3930 dicatum
331 3863 430 3928 fuisse
443 3863 631 3929 Domitiano
643 3865 775 3946 Caesari3
791 3866 844 3929 alii
853 3889 930 3931 vero
937 3865 1133 3955 Vespasiano
1143 3867 1241 3955 patri,

172 3994 274 4059 quum
291 3971 327 4034 in
345 3970 533 4058 praefatione
549 3971 649 4058 ipsius
669 3971 776 4060 operis
796 3971 903 4036 dicat:

296 4113 370 4176 Eripe
382 4129 422 4160 me
432 4114 546 4178 populis,
557 4125 580 4163 et
592 4114 691 4164 habenti
703 4113 787 4162 nubila
799 4126 881 4172 terrae,

296 4203 384 4249 Sancte
396 4203 474 4249 Pater.
