3198 5106
362 572 363 580 ¹
396 552 651 623 PRAEFATIO
684 554 940 625 SECUNDA.
1090 575 1202 622 centn

22 745 24 776 ,
124 684 226 748 loniae
238 681 471 772 Allobrogum-3
484 698 523 746 ut
536 683 652 748 titulus
668 683 752 764 fert,
765 682 853 771 apud
867 681 993 746 Esaiam
1008 681 1054 746 Le
1069 681 1204 762 Preme,-

22 805 23 808 ’
127 791 268 864 Schotto
286 788 441 854 adscribit
465 789 552 854 illam
577 788 755 855 editionem
776 789 945 870 barthius,
962 788 1019 876 qui
1036 805 1117 854 tunc
1135 788 1203 853 Ad·

126 897 271 962 versario
284 894 532 977 sua-scribebat,
547 895 604 960 lib.
617 897 634 960 l
646 895 727 960 Adr.
741 918 769 959 c.
797 919 847 982 17,
860 909 901 982 et]
913 895 1002 976 XIV,
1016 895 1054 977 6,
1070 911 1102 959 et
1116 895 1202 959 alibi.

129 1002 281 1069 Valerius
294 1001 391 1066 etiam
402 999 547 1065 Andreas
560 1016 593 1066 et
606 1001 781 1090 Alegambe
797 1001 832 1064 in
849 1001 1030 1090 catalogum
1048 1023 1204 1088 operum,

129 1132 148 1172 a
160 1108 302 1173 Schotto
308 1106 482 1189 editorum,
492 1106 577 1172 hanc
586 1105 762 1172 editionem
770 1107 963 1171 retulerunt.
974 1106 1069 1170 Notae
1077 1107 1205 1171 Schotti

129 1213 346 1294 brevissime,
360 1228 393 1276 et
407 1211 518 1276 omnia
536 1213 605 1276 fere
619 1210 685 1292 jam
704 1212 739 1276 in
757 1211 858 1276 libros
874 1211 1147 1276 Observationum
1163 1212 1204 1276 ab

130 1344 171 1387 eo
187 1321 305 1386 collata
322 1334 426 1385 erant.
448 1320 616 1386 Haecvero
638 1318 739 1385 editio
763 1341 849 1384 noro
871 1319 987 1400 titulo,
1004 1319 1062 1406 qui
1080 1341 1203 1383 annum

134 1426 235 1513 1689,
255 1442 289 1491 ct
308 1425 521 1490 Patisiensem
536 1424 778 1515 typographum
801 1426 970 1504 mentitur,
986 1425 1082 1489 nobis
1106 1425 1203 1491 etiam

131 1531 334 1613 obtruditur,
350 1529 407 1595 sed
424 1531 458 1594 in
476 1553 541 1618 qua
556 1531 652 1614 nihil,
669 1531 732 1596 nisi
746 1529 907 1613 indicem,
922 1545 1085 1596 mutatum
1103 1530 1205 1596 lector

132 1639 283 1728 reperiet.

175 1745 322 1826 Eodem,
336 1747 375 1810 A.
394 1747 488 1832 1617,
503 1767 621 1810 novam
639 1743 817 1809 editionem
840 1745 934 1807 itt-12
953 1742 1078 1807 miravit
1093 1744 1204 1806 Iustus

135 1850 378 1940 Zinzerlingus‚
395 1849 605 1940 Thuringus,
627 1849 683 1915 JC.
707 1847 860 1938 Lugduni
884 1848 918 1911 in
946 1847 1073 1928 Galliis,
1095 1847 1152 1934 qui
1175 1861 1207 1910 et

134 1956 261 2022 Scholia
270 1957 379 2045 priora
391 1956 555 2020 Carrionis
564 1955 630 2021 suis
643 1955 729 2020 notis
741 1954 905 2043 premisit,
913 1975 986 2041 quae
992 1952 1093 2017 editio
1100 1973 1204 2039 quum

134 2062 296 2126 rarissima
312 2061 370 2138 sit,
385 2061 465 2125 etin
483 2083 661 2150 paucorum
679 2060 830 2125 manibus
843 2076 1002 2141 versetur,
1017 2074 1110 2122 notas
1127 2057 1205 2121 Zin-

135 2168 270 2257 zerlingi
285 2168 382 2232 etiam
402 2167 517 2233 excudi
532 2168 727 2232 curavimus.
746 2167 945 2255 Conscriptoe
957 2188 1035 2230 vero
1051 2164 1112 2228 illac
1129 2179 1206 2227 sunt

136 2274 210 2337 satis
229 2273 405 2338 festinante
421 2296 539 2356 manu,
553 2273 634 2338 dum
652 2273 923 2364 peregrinaretur,
938 2287 971 2337 et
987 2294 1026 2336 ex
1043 2270 1206 2359 prioribus

137 2379 239 2462 notis,
264 2402 345 2468 quas
372 2379 543 2467 ampliores
570 2394 646 2444 ante
670 2377 868 2444 decennium
894 2378 1124 2457 concinnatas,
1146 2375 1206 2440 sibi

136 2487 268 2573 periisse
278 2501 461 2575 putaverat:
473 2485 531 2550 sed
541 2508 645 2574 quum
658 2483 811 2573 quedam
817 2497 1048 2572 recuperasset,
1059 2481 1136 2546 inde
1147 2482 1209 2545 fra·

137 2605 268 2678 gmenta
282 2591 336 2654 illa
349 2591 463 2656 lectori
477 2590 662 2654 exhibuisse
677 2588 810 2654 sedicit.
820 2589 923 2654 Multa
937 2588 971 2652 in
986 2588 1025 2652 iis
1037 2603 1126 2668 sunt,
1137 2609 1209 2674 quae
1260 2663 1261 2666 Ἴ

138 2697 170 2760 in
185 2697 392 2762 Promulside
405 2697 604 2762 Critieorum
616 2696 809 2776 juvenilium
826 2694 979 2784 Lugduni
992 2697 1032 2759 A.
1048 2693 1132 2758 1610
1144 2693 1208 2774 jam

138 2804 333 2893 vulgaverat.
345 2803 407 2868 Hic
418 2825 496 2866 vero
506 2801 729 2891 Zinzerlingus
741 2799 803 2865 sub
816 2801 949 2864 nomine
958 2798 1074 2863 lodoci
1085 2797 1209 2863 Sinceri
1222 2809 1226 2816 '

139 2911 235 2973 etiam
248 2908 353 2974 edidit
364 2907 570 2974 itinerarium
585 2906 709 2987 Galliae,
720 2921 758 2969 ut
769 2905 865 2970 docet
875 2905 1048 2969 Richterus
1060 2904 1093 2965 in
1106 2903 1208 2990 Epist.

139 3015 250 3079 Select.
265 3037 327 3101 9ο,
341 3030 374 3079 et
389 3013 539 3078 barthius
554 3035 632 3076 eum
647 3011 689 3076 ad
703 3009 817 3075 Claud.
833 3011 868 3073 in
883 3009 1020 3096 Eutrop.
1036 3008 1071 3090 I,
1082 3006 1161 3094 295,
1177 3022 1211 3070 et
1281 3017 1283 3022 '

140 3120 186 3202 11,
204 3120 286 3206 239,
307 3118 399 3188 etad
420 3119 524 3184 Theb.
542 3120 575 3200 Ι,
593 3118 677 3199 461,
695 3133 729 3182 et
745 3115 838 3193 alibi,
854 3114 1016 3180 lodocum
1040 3113 1209 3177 Sincerum

140 3243 240 3290 vemt.
253 3225 645 3291 Celeberrimos-Graevius
664 3223 706 3288 ad
720 3222 823 3288 Cicer.
834 3220 876 3285 de
888 3218 983 3285 offic.
995 3221 1045 3302 ΙΙ,
1060 3243 1091 3306 7,
1107 3218 1209 3284 civem

142 3355 236 3396 suum
251 3348 285 3396 et
297 3331 479 3421 politissimi
495 3330 618 3420 ingenii
631 3329 801 3394 hominem
817 3327 940 3392 meritis
957 3325 1108 3390 laudibus
1125 3325 1208 3389 cele·

142 3437 222 3504 brat.
234 3439 279 3503 Et
292 3454 379 3502 certe
389 3437 519 3502 videtur
532 3459 572 3501 cx
585 3436 717 3526 ingenio
733 3435 802 3516 ejus
818 3435 1004 3515 conjectum
1016 3433 1085 3520 capi
1097 3453 1210 3519 posse,

140 3542 168 3606 si
187 3544 238 3608 vel
263 3542 386 3609 diutius
407 3543 556 3624 vixisset,
573 3542 626 3606 vel
652 3541 821 3606 maturiori
841 3539 965 3620 judicio
993 3539 1131 3628 cogitata
1155 3559 1213 3601 sua

143 3650 342 3740 castigasset,
358 3672 434 3714 eum
450 3669 605 3738 magnum
619 3647 654 3710 in
670 3647 722 3711 his
737 3647 836 3712 literis
850 3667 973 3710 nomen
989 3658 1213 3732 consequutu-

143 3762 215 3819 run't
228 3756 340 3821 fuisse.
1023 3767 1026 3770 ’

183 3861 234 3927 Ab
251 3885 291 3928 eo
304 3865 372 3926 fere
385 3878 532 3950 tempore
545 3860 781 3926 cessaruntriri
795 3858 902 3940 docti,
915 3879 1023 3947 neque
1038 3858 1212 3946 quisquam

143 3989 256 4031 manus
278 3967 423 4033 admovit
446 3983 550 4056 poetae
574 3983 707 4047 nostro,
727 3965 831 4031 donec
854 3965 1045 4051 Lampertus
1075 3962 1214 4028 Alardus

140 4073 322 4160 producere
338 4075 474 4139 infelicis
489 4073 612 4162 ingenii
628 4073 760 4154 foetum,
774 4073 813 4136 A.
835 4069 936 4151 1630,
954 4091 1022 4132 non
1042 4069 1212 4134 erubesce·

141 4196 209 4243 ret:
224 4203 322 4268 quam
338 4179 514 4246 editionem
533 4181 593 4244 etsi
609 4178 763 4243 omnibus
782 4178 921 4266 palmam
942 4177 1113 4264 praeripere
1136 4197 1212 4238 cen·

142 4302 207 4350 seat
220 4287 426 4368 borrichius,
441 4286 482 4351 de
496 4286 602 4352 Poetis
613 4285 738 4364 latinis,
762 4285 895 4350 Dissert.
907 4284 939 4363 1,
953 4305 984 4374 p.
1000 4282 1061 4357 61,
1079 4280 1214 4366 ejusque
