<?xml version="1.0" encoding="UTF-8"?>
<!DOCTYPE html PUBLIC "-//W3C//DTD XHTML 1.0 Transitional//EN"
    "http://www.w3.org/TR/xhtml1/DTD/xhtml1-transitional.dtd">
<html xmlns="http://www.w3.org/1999/xhtml" xml:lang="en" lang="en">
 <head>
  <title>
</title>
<meta http-equiv="Content-Type" content="text/html;charset=utf-8" />
  <meta name='ocr-system' content='tesseract 3.04.00' />
  <meta name='ocr-capabilities' content='ocr_page ocr_carea ocr_par ocr_line ocrx_word'/>
</head>
<body>
  <div class='ocr_page' id='page_1' title='image "./cvaleriiflaccis00apolgoog_0322.png"; bbox 0 0 3246 5112; ppageno 0'>
   <div class='ocr_carea' id='block_1_1' title="bbox 398 479 1224 585">
    <p class='ocr_par' dir='ltr' id='par_1_1' title="bbox 398 479 1224 585">
     <span class='ocr_line' id='line_1_1' title="bbox 398 479 1224 585; baseline 0.017 -41"><span class='ocrx_word' id='word_1_1' title='bbox 398 479 525 544; x_wconf 91' lang='lat' dir='ltr'><strong>NOVI</strong></span> <span class='ocrx_word' id='word_1_2' title='bbox 557 479 799 548; x_wconf 84' lang='lat' dir='ltr'><strong>EDITORIS</strong></span> <span class='ocrx_word' id='word_1_3' title='bbox 830 483 989 554; x_wconf 85' lang='lat' dir='ltr'><strong>NOTAE.</strong></span> <span class='ocrx_word' id='word_1_4' title='bbox 1183 521 1224 585; x_wconf 87' lang='lat'><em>97</em></span> 
     </span>
    </p>
   </div>
   <div class='ocr_carea' id='block_1_2' title="bbox 126 613 984 847">
    <p class='ocr_par' dir='ltr' id='par_1_2' title="bbox 126 613 984 847">
     <span class='ocr_line' id='line_1_2' title="bbox 199 613 984 682; baseline 0.011 -23"><span class='ocrx_word' id='word_1_5' title='bbox 199 618 231 666; x_wconf 79' lang='lat' dir='ltr'><em>V.</em></span> <span class='ocrx_word' id='word_1_6' title='bbox 250 613 310 682; x_wconf 65' lang='lat'><em>374.</em></span> <span class='ocrx_word' id='word_1_7' title='bbox 332 613 426 678; x_wconf 80' lang='lat' dir='ltr'><em>Quique</em></span> <span class='ocrx_word' id='word_1_8' title='bbox 439 613 599 675; x_wconf 59' lang='lat' dir='ltr'><em>Eyntanthei</em></span> <span class='ocrx_word' id='word_1_9' title='bbox 616 615 743 663; x_wconf 88' lang='lat' dir='ltr'><em>sudantem</em></span> <span class='ocrx_word' id='word_1_10' title='bbox 758 619 868 680; x_wconf 87' lang='lat' dir='ltr'><em>pondere</em></span> <span class='ocrx_word' id='word_1_11' title='bbox 883 623 984 668; x_wconf 76' lang='lat' dir='ltr'><em>monstri</em></span> 
     </span>
     <span class='ocr_line' id='line_1_3' title="bbox 126 693 901 767; baseline 0.006 -23"><span class='ocrx_word' id='word_1_12' title='bbox 126 693 129 702; x_wconf 90' lang='lat'>&#39;</span> <span class='ocrx_word' id='word_1_13' title='bbox 333 697 567 764; x_wconf 69' lang='lat' dir='ltr'><em>Amphitryoniaden</em></span> <span class='ocrx_word' id='word_1_14' title='bbox 586 709 678 763; x_wconf 83' lang='lat' dir='ltr'><em>tegeoeo</em></span> <span class='ocrx_word' id='word_1_15' title='bbox 697 699 779 748; x_wconf 86' lang='lat' dir='ltr'><em>limine</em></span> <span class='ocrx_word' id='word_1_16' title='bbox 797 701 901 767; x_wconf 80' lang='lat' dir='ltr'><em>Cepheus</em></span> 
     </span>
     <span class='ocr_line' id='line_1_4' title="bbox 333 780 654 847; baseline 0.006 -19"><span class='ocrx_word' id='word_1_17' title='bbox 333 780 414 840; x_wconf 80' lang='lat' dir='ltr'><em>Iuvit,</em></span> <span class='ocrx_word' id='word_1_18' title='bbox 431 793 455 830; x_wconf 89' lang='lat' dir='ltr'><em>et</em></span> <span class='ocrx_word' id='word_1_19' title='bbox 466 781 654 847; x_wconf 75' lang='lat' dir='ltr'><em>Amphidamas.</em></span> 
     </span>
    </p>
   </div>
   <div class='ocr_carea' id='block_1_3' title="bbox 162 873 967 971">
    <p class='ocr_par' dir='ltr' id='par_1_3' title="bbox 162 873 967 971">
     <span class='ocr_line' id='line_1_5' title="bbox 162 873 967 971; baseline 0.011 -31"><span class='ocrx_word' id='word_1_20' title='bbox 162 881 249 960; x_wconf 86' lang='lat' dir='ltr'><em>Apoll.</em></span> <span class='ocrx_word' id='word_1_21' title='bbox 268 891 315 944; x_wconf 89' lang='lat' dir='ltr'><em>lib.</em></span> <span class='ocrx_word' id='word_1_22' title='bbox 334 891 363 955; x_wconf 95' lang='lat' dir='ltr'><em>I,</em></span> <span class='ocrx_word' id='word_1_23' title='bbox 387 907 412 941; x_wconf 89' lang='lat' dir='ltr'><em>v.</em></span> <span class='ocrx_word' id='word_1_24' title='bbox 442 893 590 957; x_wconf 84' lang='lat'>161-169:</span> <span class='ocrx_word' id='word_1_25' title='bbox 615 891 666 945; x_wconf 78' lang='lat' dir='ltr'><em>Kal</em></span> <span class='ocrx_word' id='word_1_26' title='bbox 677 873 967 971; x_wconf 61' lang='lat' dir='ltr'><em>phthpytdoipnmte.</em></span> 
     </span>
    </p>
   </div>
   <div class='ocr_carea' id='block_1_4' title="bbox 199 1008 974 1167">
    <p class='ocr_par' dir='ltr' id='par_1_4' title="bbox 199 1008 974 1167">
     <span class='ocr_line' id='line_1_6' title="bbox 199 1008 911 1084; baseline 0.003 -20"><span class='ocrx_word' id='word_1_27' title='bbox 199 1019 231 1065; x_wconf 89' lang='lat' dir='ltr'><em>V.</em></span> <span class='ocrx_word' id='word_1_28' title='bbox 249 1016 311 1084; x_wconf 84' lang='lat'>378.</span> <span class='ocrx_word' id='word_1_29' title='bbox 331 1019 412 1064; x_wconf 75' lang='lat' dir='ltr'><em>Pecnss</em></span> <span class='ocrx_word' id='word_1_30' title='bbox 428 1027 453 1062; x_wconf 86' lang='lat' dir='ltr'><em>et</em></span> <span class='ocrx_word' id='word_1_31' title='bbox 462 1014 579 1077; x_wconf 76' lang='lat' dir='ltr'><em>Eurytion</em></span> <span class='ocrx_word' id='word_1_32' title='bbox 590 1025 685 1062; x_wconf 80' lang='lat' dir='ltr'><em>serrato</em></span> <span class='ocrx_word' id='word_1_33' title='bbox 697 1016 763 1064; x_wconf 86' lang='lat' dir='ltr'><em>colla</em></span> <span class='ocrx_word' id='word_1_34' title='bbox 774 1018 875 1082; x_wconf 85' lang='lat' dir='ltr'><em>capillo,</em></span> <span class='ocrx_word' id='word_1_35' title='bbox 907 1008 911 1016; x_wconf 49' lang='lat'>¹</span> 
     </span>
     <span class='ocr_line' id='line_1_7' title="bbox 322 1098 974 1167; baseline 0.003 -19"><span class='ocrx_word' id='word_1_36' title='bbox 322 1101 396 1163; x_wconf 79' lang='lat' dir='ltr'><em>Quem</em></span> <span class='ocrx_word' id='word_1_37' title='bbox 412 1110 484 1167; x_wconf 88' lang='lat' dir='ltr'><em>pater</em></span> <span class='ocrx_word' id='word_1_38' title='bbox 501 1098 598 1146; x_wconf 84' lang='lat' dir='ltr'><em>Aunios</em></span> <span class='ocrx_word' id='word_1_39' title='bbox 610 1099 721 1148; x_wconf 79' lang='lat' dir='ltr'><em>reducem</em></span> <span class='ocrx_word' id='word_1_40' title='bbox 735 1101 841 1150; x_wconf 82' lang='lat' dir='ltr'><em>tondebit</em></span> <span class='ocrx_word' id='word_1_41' title='bbox 857 1103 894 1152; x_wconf 87' lang='lat' dir='ltr'><em>od</em></span> <span class='ocrx_word' id='word_1_42' title='bbox 906 1117 974 1151; x_wconf 87' lang='lat' dir='ltr'><em>uras.</em></span> 
     </span>
    </p>
   </div>
   <div class='ocr_carea' id='block_1_5' title="bbox 161 1218 1230 1705">
    <p class='ocr_par' dir='ltr' id='par_1_5' title="bbox 161 1218 1230 1705">
     <span class='ocr_line' id='line_1_8' title="bbox 161 1218 1230 1295; baseline 0.005 -23"><span class='ocrx_word' id='word_1_43' title='bbox 161 1221 305 1294; x_wconf 74' lang='lat' dir='ltr'><em>Eurytion,</em></span> <span class='ocrx_word' id='word_1_44' title='bbox 318 1219 473 1283; x_wconf 78' lang='lat' dir='ltr'><em>Locrensis,</em></span> <span class='ocrx_word' id='word_1_45' title='bbox 487 1218 558 1272; x_wconf 84' lang='lat' dir='ltr'><em>filius</em></span> <span class='ocrx_word' id='word_1_46' title='bbox 572 1221 623 1283; x_wconf 91' lang='lat' dir='ltr'><em>Iri,</em></span> <span class='ocrx_word' id='word_1_47' title='bbox 635 1221 738 1274; x_wconf 86' lang='lat' dir='ltr'><em>Actoris</em></span> <span class='ocrx_word' id='word_1_48' title='bbox 752 1241 899 1294; x_wconf 84' lang='lat' dir='ltr'><em>pronepos,</em></span> <span class='ocrx_word' id='word_1_49' title='bbox 912 1235 1037 1295; x_wconf 85' lang='lat' dir='ltr'><em>patruum</em></span> <span class='ocrx_word' id='word_1_50' title='bbox 1050 1226 1164 1284; x_wconf 81' lang='lat' dir='ltr'><em>habebat</em></span> <span class='ocrx_word' id='word_1_51' title='bbox 1173 1234 1230 1287; x_wconf 85' lang='lat' dir='ltr'><em>Me.</em></span> 
     </span>
     <span class='ocr_line' id='line_1_9' title="bbox 163 1303 1227 1383; baseline 0 -25"><span class='ocrx_word' id='word_1_52' title='bbox 163 1306 289 1369; x_wconf 78' lang='lat' dir='ltr'><em>nntium,</em></span> <span class='ocrx_word' id='word_1_53' title='bbox 301 1305 404 1357; x_wconf 86' lang='lat' dir='ltr'><em>Actoris</em></span> <span class='ocrx_word' id='word_1_54' title='bbox 418 1303 518 1366; x_wconf 80' lang='lat' dir='ltr'><em>filiurn,</em></span> <span class='ocrx_word' id='word_1_55' title='bbox 528 1316 554 1356; x_wconf 88' lang='lat' dir='ltr'><em>et</em></span> <span class='ocrx_word' id='word_1_56' title='bbox 564 1303 652 1375; x_wconf 91' lang='lat' dir='ltr'><em>ipsum</em></span> <span class='ocrx_word' id='word_1_57' title='bbox 662 1304 843 1376; x_wconf 81' lang='lat' dir='ltr'><em>Argonautam</em></span> <span class='ocrx_word' id='word_1_58' title='bbox 855 1325 861 1358; x_wconf 95' lang='lat'><strong>:</strong></span> <span class='ocrx_word' id='word_1_59' title='bbox 874 1306 986 1379; x_wconf 84' lang='lat' dir='ltr'><em>proinde</em></span> <span class='ocrx_word' id='word_1_60' title='bbox 999 1309 1129 1383; x_wconf 79' lang='lat' dir='ltr'><em>Eurytion</em></span> <span class='ocrx_word' id='word_1_61' title='bbox 1142 1328 1168 1368; x_wconf 89' lang='lat' dir='ltr'><em>et</em></span> <span class='ocrx_word' id='word_1_62' title='bbox 1177 1316 1227 1370; x_wconf 88' lang='lat' dir='ltr'><em>Pa.</em></span> 
     </span>
     <span class='ocr_line' id='line_1_10' title="bbox 161 1386 1228 1464; baseline 0.008 -23"><span class='ocrx_word' id='word_1_63' title='bbox 161 1390 260 1442; x_wconf 76' lang='lat' dir='ltr'><em>noclus</em></span> <span class='ocrx_word' id='word_1_64' title='bbox 277 1386 409 1460; x_wconf 75' lang='lat' dir='ltr'>patrueles</span> <span class='ocrx_word' id='word_1_65' title='bbox 427 1397 511 1439; x_wconf 85' lang='lat' dir='ltr'><em>erant.</em></span> <span class='ocrx_word' id='word_1_66' title='bbox 528 1387 672 1459; x_wconf 80' lang='lat' dir='ltr'><em>Eurytion,</em></span> <span class='ocrx_word' id='word_1_67' title='bbox 686 1397 716 1439; x_wconf 89' lang='lat' dir='ltr'><em>ut</em></span> <span class='ocrx_word' id='word_1_68' title='bbox 730 1388 812 1441; x_wconf 83' lang='lat' dir='ltr'><em>refert</em></span> <span class='ocrx_word' id='word_1_69' title='bbox 824 1389 962 1454; x_wconf 88' lang='lat' dir='ltr'><em>Valerius,</em></span> <span class='ocrx_word' id='word_1_70' title='bbox 978 1390 1072 1464; x_wconf 82' lang='lat' dir='ltr'><em>longos</em></span> <span class='ocrx_word' id='word_1_71' title='bbox 1086 1395 1173 1450; x_wconf 87' lang='lat' dir='ltr'><em>alebat</em></span> <span class='ocrx_word' id='word_1_72' title='bbox 1187 1417 1228 1454; x_wconf 87' lang='lat' dir='ltr'><em>ca-</em></span> 
     </span>
     <span class='ocr_line' id='line_1_11' title="bbox 162 1469 1227 1548; baseline 0.011 -23"><span class='ocrx_word' id='word_1_73' title='bbox 162 1473 253 1544; x_wconf 86' lang='lat' dir='ltr'><em>pillos,</em></span> <span class='ocrx_word' id='word_1_74' title='bbox 267 1489 334 1544; x_wconf 87' lang='lat' dir='ltr'><em>quos</em></span> <span class='ocrx_word' id='word_1_75' title='bbox 351 1482 426 1544; x_wconf 87' lang='lat' dir='ltr'><em>pater</em></span> <span class='ocrx_word' id='word_1_76' title='bbox 445 1481 552 1524; x_wconf 69' lang='lat' dir='ltr'><em>tornat</em></span> <span class='ocrx_word' id='word_1_77' title='bbox 570 1489 597 1523; x_wconf 88' lang='lat' dir='ltr'><em>se</em></span> <span class='ocrx_word' id='word_1_78' title='bbox 613 1483 673 1541; x_wconf 84' lang='lat' dir='ltr'><em>post</em></span> <span class='ocrx_word' id='word_1_79' title='bbox 690 1469 807 1548; x_wconf 82' lang='lat' dir='ltr'><em>reditum</em></span> <span class='ocrx_word' id='word_1_80' title='bbox 826 1471 874 1526; x_wconf 84' lang='lat' dir='ltr'><em>filii</em></span> <span class='ocrx_word' id='word_1_81' title='bbox 897 1475 980 1528; x_wconf 86' lang='lat' dir='ltr'><em>musis</em></span> <span class='ocrx_word' id='word_1_82' title='bbox 999 1491 1227 1536; x_wconf 85' lang='lat' dir='ltr'><em>consecraturum.</em></span> 
     </span>
     <span class='ocr_line' id='line_1_12' title="bbox 161 1553 1228 1630; baseline 0.006 -20"><span class='ocrx_word' id='word_1_83' title='bbox 161 1559 253 1610; x_wconf 82' lang='lat' dir='ltr'><strong>Peleus</strong></span> <span class='ocrx_word' id='word_1_84' title='bbox 268 1555 359 1609; x_wconf 90' lang='lat' dir='ltr'><em>itidem</em></span> <span class='ocrx_word' id='word_1_85' title='bbox 372 1553 481 1608; x_wconf 85' lang='lat' dir='ltr'><em>Achillis</em></span> <span class='ocrx_word' id='word_1_86' title='bbox 497 1572 602 1607; x_wconf 88' lang='lat' dir='ltr'><em>comam</em></span> <span class='ocrx_word' id='word_1_87' title='bbox 621 1554 746 1624; x_wconf 78' lang='lat' dir='ltr'><em>Sperchio</em></span> <span class='ocrx_word' id='word_1_88' title='bbox 764 1569 883 1610; x_wconf 79' lang='lat' dir='ltr'><em>voverat.</em></span> <span class='ocrx_word' id='word_1_89' title='bbox 896 1556 960 1610; x_wconf 90' lang='lat' dir='ltr'><em>Vid.</em></span> <span class='ocrx_word' id='word_1_90' title='bbox 980 1558 1060 1614; x_wconf 85' lang='lat' dir='ltr'><em>Hom.</em></span> <span class='ocrx_word' id='word_1_91' title='bbox 1070 1563 1102 1615; x_wconf 87' lang='grc' dir='ltr'><em>ΙΙ.</em></span> <span class='ocrx_word' id='word_1_92' title='bbox 1120 1565 1228 1630; x_wconf 80' lang='lat' dir='ltr'><strong>XXIII,</strong></span> 
     </span>
     <span class='ocr_line' id='line_1_13' title="bbox 161 1645 261 1705; baseline 0.02 -12"><span class='ocrx_word' id='word_1_93' title='bbox 161 1661 186 1693; x_wconf 83' lang='lat' dir='ltr'><em>v.</em></span> <span class='ocrx_word' id='word_1_94' title='bbox 203 1645 261 1705; x_wconf 71' lang='lat'><em>146.</em></span> 
     </span>
    </p>
   </div>
   <div class='ocr_carea' id='block_1_6' title="bbox 195 1742 1039 1814">
    <p class='ocr_par' dir='ltr' id='par_1_6' title="bbox 195 1742 1039 1814">
     <span class='ocr_line' id='line_1_14' title="bbox 195 1742 1039 1814; baseline 0.001 -19"><span class='ocrx_word' id='word_1_95' title='bbox 195 1743 231 1794; x_wconf 83' lang='lat' dir='ltr'><em>V.</em></span> <span class='ocrx_word' id='word_1_96' title='bbox 248 1742 308 1795; x_wconf 83' lang='lat'>380.</span> <span class='ocrx_word' id='word_1_97' title='bbox 328 1747 361 1792; x_wconf 85' lang='lat' dir='ltr'><em>Te</em></span> <span class='ocrx_word' id='word_1_98' title='bbox 375 1761 471 1808; x_wconf 86' lang='lat' dir='ltr'><em>quoque</em></span> <span class='ocrx_word' id='word_1_99' title='bbox 487 1745 623 1792; x_wconf 75' lang='lat' dir='ltr'><em>thessalica</em></span> <span class='ocrx_word' id='word_1_100' title='bbox 641 1747 730 1794; x_wconf 86' lang='lat' dir='ltr'><em>Nestor</em></span> <span class='ocrx_word' id='word_1_101' title='bbox 745 1745 808 1810; x_wconf 84' lang='lat' dir='ltr'><em>rapit</em></span> <span class='ocrx_word' id='word_1_102' title='bbox 828 1746 853 1793; x_wconf 86' lang='lat' dir='ltr'><em>irs</em></span> <span class='ocrx_word' id='word_1_103' title='bbox 868 1745 939 1811; x_wconf 83' lang='lat' dir='ltr'><em>freta</em></span> <span class='ocrx_word' id='word_1_104' title='bbox 951 1749 1039 1814; x_wconf 88' lang='lat' dir='ltr'><em>puppis</em></span> 
     </span>
    </p>
   </div>
   <div class='ocr_carea' id='block_1_7' title="bbox 335 1829 421 1876">
    <p class='ocr_par' dir='ltr' id='par_1_7' title="bbox 335 1829 421 1876">
     <span class='ocr_line' id='line_1_15' title="bbox 335 1829 421 1876; baseline -0.023 0"><span class='ocrx_word' id='word_1_105' title='bbox 335 1829 421 1876; x_wconf 82' lang='lat' dir='ltr'><em>Fatua.</em></span> 
     </span>
    </p>
   </div>
   <div class='ocr_carea' id='block_1_8' title="bbox 159 1923 1228 2336">
    <p class='ocr_par' dir='ltr' id='par_1_8' title="bbox 159 1923 1228 2336">
     <span class='ocr_line' id='line_1_16' title="bbox 160 1923 1227 1996; baseline 0.007 -16"><span class='ocrx_word' id='word_1_106' title='bbox 160 1929 253 1980; x_wconf 85' lang='lat' dir='ltr'><em>Nestor</em></span> <span class='ocrx_word' id='word_1_107' title='bbox 271 1925 321 1978; x_wconf 85' lang='lat' dir='ltr'><em>soli</em></span> <span class='ocrx_word' id='word_1_108' title='bbox 339 1925 446 1978; x_wconf 85' lang='lat' dir='ltr'><em>Valerio</em></span> <span class='ocrx_word' id='word_1_109' title='bbox 465 1924 543 1978; x_wconf 90' lang='lat' dir='ltr'><em>debet</em></span> <span class='ocrx_word' id='word_1_110' title='bbox 561 1923 635 1995; x_wconf 89' lang='lat' dir='ltr'><em>quod</em></span> <span class='ocrx_word' id='word_1_111' title='bbox 653 1927 723 1978; x_wconf 89' lang='lat' dir='ltr'><em>inter</em></span> <span class='ocrx_word' id='word_1_112' title='bbox 743 1928 911 1996; x_wconf 78' lang='lat' dir='ltr'><em>Argonautas</em></span> <span class='ocrx_word' id='word_1_113' title='bbox 927 1927 1072 1994; x_wconf 64' lang='lat' dir='ltr'><em>brabantum</em></span> <span class='ocrx_word' id='word_1_114' title='bbox 1090 1944 1118 1984; x_wconf 88' lang='lat' dir='ltr'><em>at</em></span> <span class='ocrx_word' id='word_1_115' title='bbox 1135 1953 1227 1988; x_wconf 84' lang='lat' dir='ltr'><em>ornnes</em></span> 
     </span>
     <span class='ocr_line' id='line_1_17' title="bbox 159 2009 1228 2086; baseline 0.008 -23"><span class='ocrx_word' id='word_1_116' title='bbox 159 2009 270 2083; x_wconf 76' lang='lat' dir='ltr'><em>Mythici</em></span> <span class='ocrx_word' id='word_1_117' title='bbox 283 2009 371 2063; x_wconf 83' lang='lat' dir='ltr'><em>fratris</em></span> <span class='ocrx_word' id='word_1_118' title='bbox 380 2013 436 2083; x_wconf 82' lang='lat' dir='ltr'><em>ejus</em></span> <span class='ocrx_word' id='word_1_119' title='bbox 445 2019 511 2062; x_wconf 89' lang='lat' dir='ltr'><em>natu</em></span> <span class='ocrx_word' id='word_1_120' title='bbox 519 2010 625 2082; x_wconf 87' lang='lat' dir='ltr'><em>majoris</em></span> <span class='ocrx_word' id='word_1_121' title='bbox 636 2009 811 2082; x_wconf 84' lang='lat' dir='ltr'><em>Periclymeni</em></span> <span class='ocrx_word' id='word_1_122' title='bbox 820 2011 1010 2077; x_wconf 86' lang='lat' dir='ltr'><em>meminerunt,</em></span> <span class='ocrx_word' id='word_1_123' title='bbox 1022 2013 1056 2068; x_wconf 88' lang='lat' dir='ltr'><em>de</em></span> <span class='ocrx_word' id='word_1_124' title='bbox 1069 2034 1123 2086; x_wconf 93' lang='lat' dir='ltr'><em>quo</em></span> <span class='ocrx_word' id='word_1_125' title='bbox 1132 2018 1228 2072; x_wconf 85' lang='lat' dir='ltr'><em>Noster</em></span> 
     </span>
     <span class='ocr_line' id='line_1_18' title="bbox 160 2091 1227 2166; baseline 0.007 -19"><span class='ocrx_word' id='word_1_126' title='bbox 160 2096 244 2158; x_wconf 83' lang='lat' dir='ltr'><em>inira,</em></span> <span class='ocrx_word' id='word_1_127' title='bbox 256 2114 281 2148; x_wconf 80' lang='lat' dir='ltr'><em>r.</em></span> <span class='ocrx_word' id='word_1_128' title='bbox 294 2095 355 2148; x_wconf 80' lang='lat'><strong>588.</strong></span> <span class='ocrx_word' id='word_1_129' title='bbox 366 2095 472 2157; x_wconf 88' lang='lat' dir='ltr'><em>Nestor,</em></span> <span class='ocrx_word' id='word_1_130' title='bbox 486 2111 570 2165; x_wconf 89' lang='lat' dir='ltr'><em>quum</em></span> <span class='ocrx_word' id='word_1_131' title='bbox 587 2091 656 2145; x_wconf 88' lang='lat' dir='ltr'><em>binis</em></span> <span class='ocrx_word' id='word_1_132' title='bbox 668 2097 723 2166; x_wconf 85' lang='lat' dir='ltr'><em>jam</em></span> <span class='ocrx_word' id='word_1_133' title='bbox 736 2093 855 2146; x_wconf 82' lang='lat' dir='ltr'><em>atatibus</em></span> <span class='ocrx_word' id='word_1_134' title='bbox 869 2094 1009 2154; x_wconf 84' lang='lat' dir='ltr'><em>hominum</em></span> <span class='ocrx_word' id='word_1_135' title='bbox 1020 2100 1119 2152; x_wconf 84' lang='lat' dir='ltr'><em>exactis</em></span> <span class='ocrx_word' id='word_1_136' title='bbox 1132 2099 1168 2153; x_wconf 88' lang='lat' dir='ltr'><em>ad</em></span> <span class='ocrx_word' id='word_1_137' title='bbox 1181 2103 1227 2154; x_wconf 90' lang='lat' dir='ltr'><em>ob·</em></span> 
     </span>
     <span class='ocr_line' id='line_1_19' title="bbox 160 2175 1226 2250; baseline 0.007 -20"><span class='ocrx_word' id='word_1_138' title='bbox 160 2177 297 2232; x_wconf 80' lang='lat' dir='ltr'><em>ridendam</em></span> <span class='ocrx_word' id='word_1_139' title='bbox 310 2178 418 2250; x_wconf 75' lang='lat' dir='ltr'><em>Troiam</em></span> <span class='ocrx_word' id='word_1_140' title='bbox 431 2177 508 2230; x_wconf 78' lang='lat' dir='ltr'><em>iverit</em></span> <span class='ocrx_word' id='word_1_141' title='bbox 520 2177 575 2247; x_wconf 87' lang='lat' dir='ltr'><em>(r),</em></span> <span class='ocrx_word' id='word_1_142' title='bbox 587 2175 675 2248; x_wconf 86' lang='lat' dir='ltr'><em>potuit</em></span> <span class='ocrx_word' id='word_1_143' title='bbox 687 2195 701 2228; x_wconf 84' lang='lat' dir='ltr'><em>a</em></span> <span class='ocrx_word' id='word_1_144' title='bbox 711 2176 820 2228; x_wconf 88' lang='lat' dir='ltr'><em>Valerio</em></span> <span class='ocrx_word' id='word_1_145' title='bbox 832 2175 948 2230; x_wconf 82' lang='lat' dir='ltr'><em>adscribi</em></span> <span class='ocrx_word' id='word_1_146' title='bbox 959 2179 1172 2250; x_wconf 79' lang='lat' dir='ltr'><em>Angonautarum</em></span> <span class='ocrx_word' id='word_1_147' title='bbox 1185 2202 1226 2237; x_wconf 87' lang='lat' dir='ltr'><em>ex·</em></span> 
     </span>
     <span class='ocr_line' id='line_1_20' title="bbox 159 2259 1224 2336; baseline 0.004 -22"><span class='ocrx_word' id='word_1_148' title='bbox 159 2262 301 2336; x_wconf 84' lang='lat' dir='ltr'><em>peditioni,</em></span> <span class='ocrx_word' id='word_1_149' title='bbox 321 2279 379 2334; x_wconf 85' lang='lat' dir='ltr'><em>quta</em></span> <span class='ocrx_word' id='word_1_150' title='bbox 399 2280 454 2314; x_wconf 87' lang='lat' dir='ltr'><em>una</em></span> <span class='ocrx_word' id='word_1_151' title='bbox 467 2272 570 2314; x_wconf 85' lang='lat' dir='ltr'><em>tantum</em></span> <span class='ocrx_word' id='word_1_152' title='bbox 589 2272 665 2313; x_wconf 79' lang='lat' dir='ltr'><em>atate</em></span> <span class='ocrx_word' id='word_1_153' title='bbox 679 2271 741 2313; x_wconf 89' lang='lat' dir='ltr'><em>ante</em></span> <span class='ocrx_word' id='word_1_154' title='bbox 753 2259 920 2314; x_wconf 88' lang='lat' dir='ltr'><em>obsidionem</em></span> <span class='ocrx_word' id='word_1_155' title='bbox 933 2261 1018 2336; x_wconf 83' lang='lat' dir='ltr'><em>Trojte</em></span> <span class='ocrx_word' id='word_1_156' title='bbox 1032 2275 1152 2336; x_wconf 72' lang='lat' dir='ltr'><em>suscepta</em></span> <span class='ocrx_word' id='word_1_157' title='bbox 1164 2267 1224 2321; x_wconf 88' lang='lat' dir='ltr'><em>suit.</em></span> 
     </span>
    </p>
   </div>
   <div class='ocr_carea' id='block_1_9' title="bbox 193 2392 1001 2463">
    <p class='ocr_par' dir='ltr' id='par_1_9' title="bbox 193 2392 1001 2463">
     <span class='ocr_line' id='line_1_21' title="bbox 193 2392 1001 2463; baseline 0.004 -22"><span class='ocrx_word' id='word_1_158' title='bbox 193 2393 228 2444; x_wconf 88' lang='lat' dir='ltr'><em>V.</em></span> <span class='ocrx_word' id='word_1_159' title='bbox 243 2394 304 2463; x_wconf 83' lang='lat'>387.</span> <span class='ocrx_word' id='word_1_160' title='bbox 319 2395 381 2457; x_wconf 83' lang='lat' dir='ltr'><em>Quin</em></span> <span class='ocrx_word' id='word_1_161' title='bbox 393 2393 465 2440; x_wconf 84' lang='lat' dir='ltr'><em>etiarn</em></span> <span class='ocrx_word' id='word_1_162' title='bbox 480 2393 598 2440; x_wconf 84' lang='lat' dir='ltr'><em>Herculeo</em></span> <span class='ocrx_word' id='word_1_163' title='bbox 608 2393 734 2456; x_wconf 73' lang='lat' dir='ltr'><em>consurgit</em></span> <span class='ocrx_word' id='word_1_164' title='bbox 745 2392 777 2439; x_wconf 77' lang='lat' dir='ltr'><em>ab</em></span> <span class='ocrx_word' id='word_1_165' title='bbox 790 2393 876 2440; x_wconf 80' lang='lat' dir='ltr'><em>online</em></span> <span class='ocrx_word' id='word_1_166' title='bbox 897 2393 1001 2454; x_wconf 60' lang='lat' dir='ltr'><em>vaus.</em></span> 
     </span>
    </p>
   </div>
   <div class='ocr_carea' id='block_1_10' title="bbox 157 2497 1227 2657">
    <p class='ocr_par' dir='ltr' id='par_1_10' title="bbox 157 2497 1227 2657">
     <span class='ocr_line' id='line_1_22' title="bbox 157 2497 1227 2572; baseline 0 -19"><span class='ocrx_word' id='word_1_167' title='bbox 157 2498 281 2572; x_wconf 84' lang='lat' dir='ltr'><em>Tydeus,</em></span> <span class='ocrx_word' id='word_1_168' title='bbox 292 2517 371 2570; x_wconf 88' lang='lat' dir='ltr'><em>quern</em></span> <span class='ocrx_word' id='word_1_169' title='bbox 385 2497 540 2568; x_wconf 83' lang='lat' dir='ltr'><em>Apollonius</em></span> <span class='ocrx_word' id='word_1_170' title='bbox 553 2497 624 2550; x_wconf 89' lang='lat' dir='ltr'><em>inter</em></span> <span class='ocrx_word' id='word_1_171' title='bbox 633 2499 801 2567; x_wconf 80' lang='lat' dir='ltr'><em>Argonautas</em></span> <span class='ocrx_word' id='word_1_172' title='bbox 810 2517 863 2548; x_wconf 89' lang='lat' dir='ltr'><em>nou</em></span> <span class='ocrx_word' id='word_1_173' title='bbox 882 2497 979 2562; x_wconf 79' lang='lat' dir='ltr'><em>refert,</em></span> <span class='ocrx_word' id='word_1_174' title='bbox 992 2497 1064 2552; x_wconf 82' lang='lat' dir='ltr'><em>iilius</em></span> <span class='ocrx_word' id='word_1_175' title='bbox 1073 2512 1127 2552; x_wconf 83' lang='lat' dir='ltr'><em>erat</em></span> <span class='ocrx_word' id='word_1_176' title='bbox 1140 2502 1227 2556; x_wconf 86' lang='lat' dir='ltr'><em>OEnei</em></span> 
     </span>
     <span class='ocr_line' id='line_1_23' title="bbox 158 2578 1112 2657; baseline -0.002 -21"><span class='ocrx_word' id='word_1_177' title='bbox 158 2585 224 2657; x_wconf 83' lang='lat' dir='ltr'><em>regis</em></span> <span class='ocrx_word' id='word_1_178' title='bbox 242 2583 359 2646; x_wconf 79' lang='lat' dir='ltr'><em>AEtolite,</em></span> <span class='ocrx_word' id='word_1_179' title='bbox 376 2582 509 2653; x_wconf 85' lang='lat' dir='ltr'><em>fraterque</em></span> <span class='ocrx_word' id='word_1_180' title='bbox 528 2581 655 2651; x_wconf 82' lang='lat' dir='ltr'><em>Meleagri</em></span> <span class='ocrx_word' id='word_1_181' title='bbox 667 2578 701 2632; x_wconf 92' lang='lat' dir='ltr'><em>de</em></span> <span class='ocrx_word' id='word_1_182' title='bbox 714 2599 768 2650; x_wconf 92' lang='lat' dir='ltr'><em>quo</em></span> <span class='ocrx_word' id='word_1_183' title='bbox 779 2581 899 2634; x_wconf 82' lang='lat' dir='ltr'><em>Valerius</em></span> <span class='ocrx_word' id='word_1_184' title='bbox 910 2581 996 2643; x_wconf 83' lang='lat' dir='ltr'><em>inira,</em></span> <span class='ocrx_word' id='word_1_185' title='bbox 1011 2601 1036 2633; x_wconf 82' lang='lat' dir='ltr'><em>v.</em></span> <span class='ocrx_word' id='word_1_186' title='bbox 1050 2582 1112 2647; x_wconf 73' lang='lat'><em>435.</em></span> 
     </span>
    </p>
   </div>
   <div class='ocr_carea' id='block_1_11' title="bbox 192 2683 1005 2934">
    <p class='ocr_par' dir='ltr' id='par_1_11' title="bbox 192 2683 1005 2934">
     <span class='ocr_line' id='line_1_24' title="bbox 192 2683 1005 2768; baseline -0.001 -15"><span class='ocrx_word' id='word_1_187' title='bbox 192 2706 227 2757; x_wconf 91' lang='lat' dir='ltr'><em>V.</em></span> <span class='ocrx_word' id='word_1_188' title='bbox 245 2705 305 2757; x_wconf 83' lang='lat'>388.</span> <span class='ocrx_word' id='word_1_189' title='bbox 321 2705 468 2768; x_wconf 78' lang='lat' dir='ltr'><em>Nelidesque</em></span> <span class='ocrx_word' id='word_1_190' title='bbox 488 2683 681 2764; x_wconf 72' lang='lat' dir='ltr'><em>Periciytnenus,</em></span> <span class='ocrx_word' id='word_1_191' title='bbox 694 2719 764 2766; x_wconf 84' lang='lat' dir='ltr'><em>quem</em></span> <span class='ocrx_word' id='word_1_192' title='bbox 781 2719 863 2766; x_wconf 80' lang='lat' dir='ltr'><em>paruo</em></span> <span class='ocrx_word' id='word_1_193' title='bbox 879 2704 1005 2759; x_wconf 76' lang='lat' dir='ltr'><em>Methone,</em></span> 
     </span>
     <span class='ocr_line' id='line_1_25' title="bbox 319 2785 954 2854; baseline -0.003 -18"><span class='ocrx_word' id='word_1_194' title='bbox 319 2791 352 2836; x_wconf 81' lang='lat' dir='ltr'><em>Et</em></span> <span class='ocrx_word' id='word_1_195' title='bbox 370 2788 426 2837; x_wconf 75' lang='lat' dir='ltr'><em>Ievis</em></span> <span class='ocrx_word' id='word_1_196' title='bbox 438 2788 489 2835; x_wconf 86' lang='lat' dir='ltr'><em>Elis</em></span> <span class='ocrx_word' id='word_1_197' title='bbox 503 2787 586 2851; x_wconf 74' lang='lat' dir='ltr'><em>equis,</em></span> <span class='ocrx_word' id='word_1_198' title='bbox 600 2798 624 2843; x_wconf 86' lang='lat' dir='ltr'><em>et</em></span> <span class='ocrx_word' id='word_1_199' title='bbox 634 2785 750 2854; x_wconf 71' lang='lat' dir='ltr'><em>flusctibus</em></span> <span class='ocrx_word' id='word_1_200' title='bbox 762 2786 842 2834; x_wconf 80' lang='lat' dir='ltr'><em>obvius</em></span> <span class='ocrx_word' id='word_1_201' title='bbox 856 2789 954 2844; x_wconf 81' lang='lat' dir='ltr'><em>Aulon,</em></span> 
     </span>
     <span class='ocr_line' id='line_1_26' title="bbox 315 2867 938 2934; baseline -0.005 -13"><span class='ocrx_word' id='word_1_202' title='bbox 315 2873 426 2922; x_wconf 69' lang='lat' dir='ltr'><em>Curetibus</em></span> <span class='ocrx_word' id='word_1_203' title='bbox 445 2873 560 2920; x_wconf 81' lang='lat' dir='ltr'><em>adversos</em></span> <span class='ocrx_word' id='word_1_204' title='bbox 577 2871 694 2918; x_wconf 80' lang='lat' dir='ltr'><em>uiderunt</em></span> <span class='ocrx_word' id='word_1_205' title='bbox 702 2867 828 2934; x_wconf 82' lang='lat' dir='ltr'><em>frangere</em></span> <span class='ocrx_word' id='word_1_206' title='bbox 847 2873 938 2918; x_wconf 82' lang='lat' dir='ltr'><em>vrrlurs.</em></span> 
     </span>
    </p>
   </div>
   <div class='ocr_carea' id='block_1_12' title="bbox 158 2962 733 3041">
    <p class='ocr_par' dir='ltr' id='par_1_12' title="bbox 158 2962 733 3041">
     <span class='ocr_line' id='line_1_27' title="bbox 158 2962 733 3041; baseline -0.007 -20"><span class='ocrx_word' id='word_1_207' title='bbox 158 2969 244 3041; x_wconf 83' lang='lat' dir='ltr'><em>Apoll.</em></span> <span class='ocrx_word' id='word_1_208' title='bbox 257 2969 304 3020; x_wconf 83' lang='lat' dir='ltr'><em>lib.</em></span> <span class='ocrx_word' id='word_1_209' title='bbox 319 2969 388 3030; x_wconf 83' lang='lat' dir='ltr'><em>I,v.</em></span> <span class='ocrx_word' id='word_1_210' title='bbox 407 2968 532 3020; x_wconf 81' lang='lat'><strong>156-160</strong></span> <span class='ocrx_word' id='word_1_211' title='bbox 544 2981 550 3016; x_wconf 75' lang='grc' dir='ltr'><em>τ</em></span> <span class='ocrx_word' id='word_1_212' title='bbox 562 2967 607 3019; x_wconf 75' lang='grc' dir='ltr'><em>Σὺν</em></span> <span class='ocrx_word' id='word_1_213' title='bbox 620 2962 666 3029; x_wconf 78' lang='lat' dir='ltr'><em>di,</em></span> <span class='ocrx_word' id='word_1_214' title='bbox 686 2981 733 3018; x_wconf 87' lang='lat' dir='ltr'><em>cte.</em></span> 
     </span>
    </p>
   </div>
   <div class='ocr_carea' id='block_1_13' title="bbox 157 3064 1220 3298">
    <p class='ocr_par' dir='ltr' id='par_1_13' title="bbox 157 3064 1220 3298">
     <span class='ocr_line' id='line_1_28' title="bbox 191 3064 1219 3142; baseline -0.006 -20"><span class='ocrx_word' id='word_1_215' title='bbox 191 3069 385 3142; x_wconf 79' lang='lat' dir='ltr'><em>Periclymenus</em></span> <span class='ocrx_word' id='word_1_216' title='bbox 407 3067 511 3120; x_wconf 86' lang='lat' dir='ltr'><em>occisus</em></span> <span class='ocrx_word' id='word_1_217' title='bbox 536 3066 587 3118; x_wconf 86' lang='lat' dir='ltr'><em>snit</em></span> <span class='ocrx_word' id='word_1_218' title='bbox 614 3065 648 3118; x_wconf 90' lang='lat' dir='ltr'><em>ab</em></span> <span class='ocrx_word' id='word_1_219' title='bbox 667 3064 798 3126; x_wconf 83' lang='lat' dir='ltr'><em>Hercule,</em></span> <span class='ocrx_word' id='word_1_220' title='bbox 819 3081 903 3135; x_wconf 89' lang='lat' dir='ltr'><em>quum</em></span> <span class='ocrx_word' id='word_1_221' title='bbox 923 3082 950 3117; x_wconf 85' lang='lat' dir='ltr'><em>se</em></span> <span class='ocrx_word' id='word_1_222' title='bbox 970 3065 1039 3116; x_wconf 91' lang='lat' dir='ltr'><em>inter</em></span> <span class='ocrx_word' id='word_1_223' title='bbox 1056 3085 1173 3138; x_wconf 83' lang='lat' dir='ltr'><em>pugnam</em></span> <span class='ocrx_word' id='word_1_224' title='bbox 1191 3070 1219 3122; x_wconf 82' lang='lat' dir='ltr'><em>in</em></span> 
     </span>
     <span class='ocr_line' id='line_1_29' title="bbox 158 3146 1220 3220; baseline -0.007 -12"><span class='ocrx_word' id='word_1_225' title='bbox 158 3173 274 3208; x_wconf 76' lang='lat' dir='ltr'><em>anuscam</em></span> <span class='ocrx_word' id='word_1_226' title='bbox 293 3153 476 3213; x_wconf 77' lang='lat' dir='ltr'><em>convertisset,</em></span> <span class='ocrx_word' id='word_1_227' title='bbox 486 3148 632 3203; x_wconf 89' lang='lat' dir='ltr'><em>secundum</em></span> <span class='ocrx_word' id='word_1_228' title='bbox 642 3147 806 3220; x_wconf 82' lang='lat' dir='ltr'><em>Scholiasten</em></span> <span class='ocrx_word' id='word_1_229' title='bbox 825 3146 976 3218; x_wconf 89' lang='lat' dir='ltr'><em>Apollonii;</em></span> <span class='ocrx_word' id='word_1_230' title='bbox 990 3148 1017 3200; x_wconf 89' lang='lat' dir='ltr'><em>in</em></span> <span class='ocrx_word' id='word_1_231' title='bbox 1035 3147 1166 3220; x_wconf 84' lang='lat' dir='ltr'><em>aquilam,</em></span> <span class='ocrx_word' id='word_1_232' title='bbox 1181 3169 1220 3202; x_wconf 87' lang='lat' dir='ltr'><em>se-</em></span> 
     </span>
     <span class='ocr_line' id='line_1_30' title="bbox 157 3233 784 3298; baseline -0.013 -6"><span class='ocrx_word' id='word_1_233' title='bbox 157 3237 273 3292; x_wconf 89' lang='lat' dir='ltr'><em>cundum</em></span> <span class='ocrx_word' id='word_1_234' title='bbox 292 3235 435 3298; x_wconf 85' lang='lat' dir='ltr'><em>Ovidium,</em></span> <span class='ocrx_word' id='word_1_235' title='bbox 455 3235 565 3286; x_wconf 85' lang='lat' dir='ltr'><em>Metam.</em></span> <span class='ocrx_word' id='word_1_236' title='bbox 581 3234 662 3296; x_wconf 85' lang='lat' dir='ltr'><strong>XIII,</strong></span> <span class='ocrx_word' id='word_1_237' title='bbox 677 3253 704 3286; x_wconf 84' lang='lat' dir='ltr'><em>v.</em></span> <span class='ocrx_word' id='word_1_238' title='bbox 725 3233 784 3286; x_wconf 77' lang='lat'><strong>560.</strong></span> 
     </span>
    </p>
   </div>
   <div class='ocr_carea' id='block_1_14' title="bbox 191 3367 950 3518">
    <p class='ocr_par' dir='ltr' id='par_1_14' title="bbox 191 3367 950 3518">
     <span class='ocr_line' id='line_1_31' title="bbox 191 3367 950 3437; baseline -0.011 -15"><span class='ocrx_word' id='word_1_239' title='bbox 191 3371 225 3421; x_wconf 86' lang='lat' dir='ltr'><em>V.</em></span> <span class='ocrx_word' id='word_1_240' title='bbox 241 3371 302 3437; x_wconf 82' lang='lat'>391.</span> <span class='ocrx_word' id='word_1_241' title='bbox 319 3371 353 3418; x_wconf 76' lang='lat' dir='ltr'><em>tu</em></span> <span class='ocrx_word' id='word_1_242' title='bbox 363 3386 459 3434; x_wconf 84' lang='lat' dir='ltr'><em>quoque</em></span> <span class='ocrx_word' id='word_1_243' title='bbox 475 3371 600 3432; x_wconf 79' lang='lat' dir='ltr'><em>Phtyueos</em></span> <span class='ocrx_word' id='word_1_244' title='bbox 615 3385 693 3426; x_wconf 82' lang='lat' dir='ltr'><em>resno,</em></span> <span class='ocrx_word' id='word_1_245' title='bbox 713 3368 821 3416; x_wconf 80' lang='lat' dir='ltr'><em>Pseontie</em></span> <span class='ocrx_word' id='word_1_246' title='bbox 830 3403 838 3425; x_wconf 96' lang='lat'><em>,</em></span> <span class='ocrx_word' id='word_1_247' title='bbox 852 3367 950 3415; x_wconf 86' lang='lat' dir='ltr'><em>Colchos</em></span> 
     </span>
     <span class='ocr_line' id='line_1_32' title="bbox 317 3454 690 3518; baseline -0.003 -17"><span class='ocrx_word' id='word_1_248' title='bbox 317 3455 359 3501; x_wconf 90' lang='lat' dir='ltr'><em>Bis</em></span> <span class='ocrx_word' id='word_1_249' title='bbox 376 3457 483 3502; x_wconf 77' lang='lat' dir='ltr'><em>lemnon</em></span> <span class='ocrx_word' id='word_1_250' title='bbox 502 3454 586 3502; x_wconf 78' lang='lat' dir='ltr'><em>visure</em></span> <span class='ocrx_word' id='word_1_251' title='bbox 591 3490 600 3512; x_wconf 88' lang='lat'><em>,</em></span> <span class='ocrx_word' id='word_1_252' title='bbox 618 3454 690 3518; x_wconf 86' lang='lat' dir='ltr'><em>petis.</em></span> 
     </span>
    </p>
   </div>
   <div class='ocr_carea' id='block_1_15' title="bbox 156 3544 1278 3956">
    <p class='ocr_par' dir='ltr' id='par_1_15' title="bbox 156 3544 1278 3956">
     <span class='ocr_line' id='line_1_33' title="bbox 158 3544 1278 3626; baseline -0.007 -21"><span class='ocrx_word' id='word_1_253' title='bbox 158 3553 310 3626; x_wconf 85' lang='lat' dir='ltr'><em>Apollonius</em></span> <span class='ocrx_word' id='word_1_254' title='bbox 326 3551 486 3604; x_wconf 83' lang='lat' dir='ltr'><em>Philocteteo</em></span> <span class='ocrx_word' id='word_1_255' title='bbox 497 3570 551 3603; x_wconf 91' lang='lat' dir='ltr'><em>uon</em></span> <span class='ocrx_word' id='word_1_256' title='bbox 569 3562 687 3603; x_wconf 86' lang='lat' dir='ltr'><em>recenset</em></span> <span class='ocrx_word' id='word_1_257' title='bbox 702 3549 770 3602; x_wconf 90' lang='lat' dir='ltr'><em>inter</em></span> <span class='ocrx_word' id='word_1_258' title='bbox 790 3549 971 3618; x_wconf 82' lang='lat' dir='ltr'><em>Argonautas:</em></span> <span class='ocrx_word' id='word_1_259' title='bbox 985 3544 1032 3598; x_wconf 88' lang='lat' dir='ltr'><em>sed</em></span> <span class='ocrx_word' id='word_1_260' title='bbox 1045 3546 1102 3618; x_wconf 87' lang='lat' dir='ltr'><em>ejus</em></span> <span class='ocrx_word' id='word_1_261' title='bbox 1117 3557 1220 3618; x_wconf 86' lang='lat' dir='ltr'><em>patrem</em></span> <span class='ocrx_word' id='word_1_262' title='bbox 1273 3559 1278 3576; x_wconf 87' lang='lat'><strong>¹</strong></span> 
     </span>
     <span class='ocr_line' id='line_1_34' title="bbox 158 3627 1220 3708; baseline -0.005 -20"><span class='ocrx_word' id='word_1_263' title='bbox 158 3635 332 3708; x_wconf 89' lang='lat' dir='ltr'><em>Apollodorus</em></span> <span class='ocrx_word' id='word_1_264' title='bbox 345 3634 382 3688; x_wconf 90' lang='lat' dir='ltr'><em>eis</em></span> <span class='ocrx_word' id='word_1_265' title='bbox 395 3634 520 3688; x_wconf 84' lang='lat' dir='ltr'><em>adscribit</em></span> <span class='ocrx_word' id='word_1_266' title='bbox 532 3635 682 3697; x_wconf 74' lang='lat' dir='ltr'><em>Potentem,</em></span> <span class='ocrx_word' id='word_1_267' title='bbox 695 3651 774 3704; x_wconf 90' lang='lat' dir='ltr'><em>quem</em></span> <span class='ocrx_word' id='word_1_268' title='bbox 782 3630 909 3683; x_wconf 88' lang='lat' dir='ltr'><em>&#39;nonnulli</em></span> <span class='ocrx_word' id='word_1_269' title='bbox 924 3642 1071 3683; x_wconf 88' lang='lat' dir='ltr'><em>memorant</em></span> <span class='ocrx_word' id='word_1_270' title='bbox 1092 3627 1220 3683; x_wconf 83' lang='lat' dir='ltr'><em>occidisse</em></span> 
     </span>
     <span class='ocr_line' id='line_1_35' title="bbox 156 3712 1219 3791; baseline -0.004 -19"><span class='ocrx_word' id='word_1_271' title='bbox 156 3720 288 3791; x_wconf 83' lang='lat' dir='ltr'><em>gigantem</em></span> <span class='ocrx_word' id='word_1_272' title='bbox 300 3719 412 3770; x_wconf 83' lang='lat' dir='ltr'><em>Talaum</em></span> <span class='ocrx_word' id='word_1_273' title='bbox 426 3719 454 3770; x_wconf 92' lang='lat' dir='ltr'><em>in</em></span> <span class='ocrx_word' id='word_1_274' title='bbox 471 3718 559 3770; x_wconf 86' lang='lat' dir='ltr'><em>insula</em></span> <span class='ocrx_word' id='word_1_275' title='bbox 579 3718 663 3770; x_wconf 90' lang='lat' dir='ltr'><em>Crete.</em></span> <span class='ocrx_word' id='word_1_276' title='bbox 675 3717 764 3781; x_wconf 90' lang='lat' dir='ltr'><em>Quum</em></span> <span class='ocrx_word' id='word_1_277' title='bbox 777 3714 934 3766; x_wconf 85' lang='lat' dir='ltr'><em>Philoctetes</em></span> <span class='ocrx_word' id='word_1_278' title='bbox 948 3712 1088 3766; x_wconf 86' lang='lat' dir='ltr'><em>Herculem</em></span> <span class='ocrx_word' id='word_1_279' title='bbox 1105 3715 1219 3768; x_wconf 84' lang='lat' dir='ltr'><em>amicum</em></span> 
     </span>
     <span class='ocr_line' id='line_1_36' title="bbox 158 3798 1219 3872; baseline -0.002 -20"><span class='ocrx_word' id='word_1_280' title='bbox 158 3801 294 3864; x_wconf 86' lang='lat' dir='ltr'><em>habuerit,</em></span> <span class='ocrx_word' id='word_1_281' title='bbox 308 3819 388 3872; x_wconf 82' lang='lat' dir='ltr'><em>aquo</em></span> <span class='ocrx_word' id='word_1_282' title='bbox 402 3801 482 3854; x_wconf 91' lang='lat' dir='ltr'><em>etiarn</em></span> <span class='ocrx_word' id='word_1_283' title='bbox 495 3801 623 3853; x_wconf 88' lang='lat' dir='ltr'><em>moriente</em></span> <span class='ocrx_word' id='word_1_284' title='bbox 639 3800 746 3870; x_wconf 84' lang='lat' dir='ltr'><em>sagittas</em></span> <span class='ocrx_word' id='word_1_285' title='bbox 760 3798 906 3868; x_wconf 87' lang='lat' dir='ltr'><em>acceperit,</em></span> <span class='ocrx_word' id='word_1_286' title='bbox 919 3798 1004 3866; x_wconf 89' lang='lat' dir='ltr'><em>potuit</em></span> <span class='ocrx_word' id='word_1_287' title='bbox 1016 3798 1113 3850; x_wconf 83' lang='lat' dir='ltr'><em>fierint</em></span> <span class='ocrx_word' id='word_1_288' title='bbox 1127 3817 1219 3851; x_wconf 85' lang='lat' dir='ltr'><em>revera</em></span> 
     </span>
     <span class='ocr_line' id='line_1_37' title="bbox 158 3879 1037 3956; baseline -0.003 -22"><span class='ocrx_word' id='word_1_289' title='bbox 158 3885 234 3938; x_wconf 84' lang='lat' dir='ltr'><em>suerit</em></span> <span class='ocrx_word' id='word_1_290' title='bbox 251 3897 276 3937; x_wconf 91' lang='lat' dir='ltr'><em>et</em></span> <span class='ocrx_word' id='word_1_291' title='bbox 294 3885 350 3956; x_wconf 88' lang='lat' dir='ltr'><em>ipse</em></span> <span class='ocrx_word' id='word_1_292' title='bbox 368 3885 540 3955; x_wconf 84' lang='lat' dir='ltr'><em>Argonauta,</em></span> <span class='ocrx_word' id='word_1_293' title='bbox 556 3881 781 3956; x_wconf 85' lang='lat' dir='ltr'><em>quemadmodum</em></span> <span class='ocrx_word' id='word_1_294' title='bbox 800 3879 887 3932; x_wconf 88' lang='lat' dir='ltr'><em>scribit</em></span> <span class='ocrx_word' id='word_1_295' title='bbox 906 3879 1037 3932; x_wconf 87' lang='lat' dir='ltr'><em>Valerius.</em></span> 
     </span>
    </p>
   </div>
   <div class='ocr_carea' id='block_1_16' title="bbox 191 3997 1219 4072">
    <p class='ocr_par' dir='ltr' id='par_1_16' title="bbox 191 3997 1219 4072">
     <span class='ocr_line' id='line_1_38' title="bbox 191 3997 1219 4072; baseline -0.002 -20"><span class='ocrx_word' id='word_1_296' title='bbox 191 4010 223 4056; x_wconf 83' lang='lat' dir='ltr'><em>V.</em></span> <span class='ocrx_word' id='word_1_297' title='bbox 245 4005 305 4072; x_wconf 69' lang='grc'>394.</span> <span class='ocrx_word' id='word_1_298' title='bbox 332 4008 458 4056; x_wconf 61' lang='lat' dir='ltr'><em>mximas</em></span> <span class='ocrx_word' id='word_1_299' title='bbox 475 4006 531 4055; x_wconf 83' lang='lat' dir='ltr'><em>hinc</em></span> <span class='ocrx_word' id='word_1_300' title='bbox 547 4010 618 4056; x_wconf 86' lang='lat' dir='ltr'><em>Butes</em></span> <span class='ocrx_word' id='word_1_301' title='bbox 629 4006 717 4056; x_wconf 79' lang='lat' dir='ltr'><em>Actais</em></span> <span class='ocrx_word' id='word_1_302' title='bbox 732 4005 796 4054; x_wconf 84' lang='lat' dir='ltr'><em>dives</em></span> <span class='ocrx_word' id='word_1_303' title='bbox 815 4003 845 4049; x_wconf 84' lang='lat' dir='ltr'><em>ab</em></span> <span class='ocrx_word' id='word_1_304' title='bbox 865 4001 923 4048; x_wconf 89' lang='lat' dir='ltr'><em>oris.</em></span> <span class='ocrx_word' id='word_1_305' title='bbox 941 4025 976 4037; x_wconf 88' lang='lat'><em>-—</em></span> <span class='ocrx_word' id='word_1_306' title='bbox 997 3997 1075 4050; x_wconf 90' lang='lat' dir='ltr'><em>Butes</em></span> <span class='ocrx_word' id='word_1_307' title='bbox 1087 3997 1219 4050; x_wconf 85' lang='lat' dir='ltr'><em>Teleontis</em></span> 
     </span>
    </p>
   </div>
   <div class='ocr_carea' id='block_1_17' title="bbox 216 4249 522 4408">
    <p class='ocr_par' dir='ltr' id='par_1_17' title="bbox 216 4249 522 4408">
     <span class='ocr_line' id='line_1_39' title="bbox 216 4249 522 4317; baseline -0.01 -20"><span class='ocrx_word' id='word_1_308' title='bbox 216 4253 251 4317; x_wconf 87' lang='lat'><em>(1)</em></span> <span class='ocrx_word' id='word_1_309' title='bbox 268 4255 337 4299; x_wconf 85' lang='lat' dir='ltr'><em>Hom.</em></span> <span class='ocrx_word' id='word_1_310' title='bbox 353 4253 379 4298; x_wconf 89' lang='lat' dir='ltr'><em>ll.</em></span> <span class='ocrx_word' id='word_1_311' title='bbox 392 4253 417 4305; x_wconf 89' lang='lat'><em>1,</em></span> <span class='ocrx_word' id='word_1_312' title='bbox 430 4267 452 4295; x_wconf 81' lang='lat' dir='ltr'><em>v.</em></span> <span class='ocrx_word' id='word_1_313' title='bbox 470 4249 522 4296; x_wconf 77' lang='lat' dir='ltr'><em>aia.</em></span> 
     </span>
     <span class='ocr_line' id='line_1_40' title="bbox 266 4345 291 4408; baseline 0.08 -2"><span class='ocrx_word' id='word_1_314' title='bbox 266 4345 291 4408; x_wconf 86' lang='lat' dir='ltr'><em>i.</em></span> 
     </span>
    </p>
   </div>
   <div class='ocr_carea' id='block_1_18' title="bbox 0 0 1628 5112">
    <p class='ocr_par' dir='ltr' id='par_1_18' title="bbox 0 0 1628 5112">
     <span class='ocr_line' id='line_1_41' title="bbox 0 0 1628 5112; baseline 0 1"><span class='ocrx_word' id='word_1_315' title='bbox 0 0 1628 5112; x_wconf 95' lang='lat' dir='ltr'><em> </em></span> 
     </span>
    </p>
   </div>
  </div>
 </body>
</html>
