3246 5112
375 479 421 563 96
509 478 561 544 ru
590 479 677 543 mu.
701 461 897 544 nummu
927 436 1323 549 Aniousumcou

411 614 444 662 V.
460 609 522 674 364.
542 610 588 675 Qut
600 623 664 660 tenet
674 611 821 661 undisonam
836 613 994 674 Psamadsen‚
1010 631 1152 681 semperque
1163 591 1293 682 *patentem

550 697 671 744 Tanomn
691 696 839 762 Euplsemus.

375 802 524 939 golpgb.
539 803 569 868 1,
574 823 608 942 8ν
626 805 767 876 epp-184:
785 806 921 880 Ταίναρον,
935 825 983 863 ese.
999 808 1098 861 Confer
1114 806 1187 862 hune
1201 808 1288 864 boum
1298 829 1360 864 oum
1368 811 1441 884 virg.

428 925 435 939 .
510 924 519 951 ,
537 905 563 940 v.
595 905 646 941 ro:

543 995 588 1042 Vel
599 1010 664 1042 mere
672 1009 715 1057 per
725 996 842 1052 medium,
854 996 926 1044 fluctu
938 999 1170 1058 semmurensi,

549 1069 630 1116 Ferret
638 1069 691 1125 iter,
700 1071 788 1118 celeres
798 1085 842 1118 uec
852 1070 954 1133 tingeret
962 1086 1054 1132 equore
1064 1073 1164 1134 plautus.

374 1189 515 1261 Uettienus,
532 1182 550 1236 i.
569 1201 593 1236 e.
603 1185 746 1253 serebant,
766 1182 834 1236 rude
843 1182 1012 1237 mendacium
1023 1197 1062 1238 est
1077 1202 1084 1238 :
1102 1190 1228 1255 utsems,
1248 1186 1341 1254 idest,
1357 1203 1446 1258 posses

365 1271 437 1339 ferre
452 1265 656 1342 exquisitissima
670 1278 713 1319 est
721 1266 876 1339 hyperbole.
887 1267 1014 1321 Prntoeeu
1028 1270 1226 1324 versificationis
1243 1283 1341 1344 qusnts
1354 1272 1442 1345 dispa-

374 1353 473 1407 rilitas!
488 1354 542 1406 Ubi
558 1350 674 1423 reperies
687 1349 759 1422 apud
777 1351 947 1423 Apollonium
964 1350 1035 1404 hanc
1048 1352 1210 1426 imaginem:
1223 1359 1307 1408 nunu
1321 1375 1441 1425 suspensa

374 1439 497 1488 muti?

409 1546 443 1595 V.
459 1541 522 1597 365.
616 1547 748 1590 .......:
758 1573 889 1589 ········
902 1542 1021 1608 Mollique
1036 1561 1053 1592 a
1066 1544 1135 1594 litore
1144 1547 1217 1596 Pelles

606 1625 742 1676 Deucalion
760 1636 837 1672 certus
850 1621 959 1690 jaculis,
982 1639 1006 1675 et
1017 1627 1152 1678 comminus
1170 1647 1229 1679 ense

611 1709 705 1760 Nobilis
721 1707 854 1776 Amphion.

373 1817 462 1892 Apoll.
480 1815 528 1870 lib.
544 1815 573 1880 1,
591 1832 617 1868 v.
637 1811 755 1883 176·178
767 1829 774 1864 :
787 1791 922 1884 loripes,
935 1827 984 1867 ete.
997 1810 1064 1866 Vide
1077 1813 1210 1884 Wagnesi
1231 1825 1321 1880 notem
1336 1814 1364 1868 in
1384 1833 1441 1868 ver·

373 1920 434 1955 sum
454 1900 517 1956 365.

407 2046 444 2099 V.
455 2045 517 2100 368.
528 2047 581 2097 Nec
592 2047 671 2114 potuit
686 2043 791 2104 similes,
803 2045 909 2095 voluitve
922 2046 1030 2096 ediscere
1041 2048 1132 2096 uulass.

373 2143 447 2216 virg.
464 2143 528 2196 AEu.
543 2141 584 2205 X,
597 2158 624 2192 v.
647 2140 696 2212 391
712 2156 719 2192 ε

542 2240 645 2296 Drusis,
656 2239 739 2286 mrids
749 2239 910 2300 Tymberqum
920 2238 1035 2286 simillime
1046 2239 1137 2300 proles,

543 2316 673 2366 ludiscrets
684 2315 744 2368 suis,
756 2323 882 2376 gratusque
890 2313 1025 2377 perentibus
1034 2329 1106 2362 error.

406 2443 443 2496 V.
458 2442 518 2512 369.
540 2445 598 2491 lum
615 2441 706 2491 ualida
720 2441 847 2504 Clymenus
858 2458 975 2508 percusso
990 2453 1089 2508 pectore
1101 2453 1189 2501 tonsa,

543 2529 628 2578 Frater
636 2538 661 2575 et
674 2526 780 2591 lplsiclus
792 2525 892 2592 puppim
908 2525 989 2575 trnlsit.

373 2625 435 2679 Huc
449 2625 557 2679 nomine
576 2629 701 2691 Clymenus
717 2633 743 2676 et
757 2627 877 2692 lplsiclus,
893 2641 976 2696 quum
992 2635 1078 2676 essent
1096 2623 1125 2677 iu
1143 2623 1329 2696 manuscriptis
1341 2625 1438 2678 Valerii

372 2721 512 2782 corrupte,
523 2706 647 2763 videntur
662 2726 677 2761 u
695 2707 791 2760 criticis
802 2705 918 2779 reposita
932 2706 1023 2760 luisse.
1043 2706 1078 2759 Hi
1096 2704 1151 2759 duo
1166 2707 1260 2762 fratres
1273 2720 1335 2761 sunt
1350 2709 1439 2762 forsan

373 2796 462 2858 Clusius
486 2803 512 2845 et
530 2796 621 2862 lplsiuss
645 2789 679 2844 de
702 2789 798 2862 quibus
819 2791 936 2843 meminit
950 2791 1121 2864 Apollonius,
1144 2789 1191 2845 lib.
1206 2793 1236 2855 1,
1253 2811 1322 2846 vers.
1338 2796 1381 2848 86.
1405 2794 1438 2846 In

371 2871 488 2928 editione
497 2874 593 2928 Aldine
604 2875 662 2929 hmo
681 2872 735 2927 dno
752 2874 898 2946 posteriora
910 2875 1020 2928 nomine
1034 2875 1155 2947 priorum
1174 2875 1303 2930 inlocum
1323 2889 1384 2930 suut
1395 2896 1437 2931 re·

371 2959 472 3032 positu
486 2963 575 3026 Clytius
594 2978 642 3031 pro
655 2962 781 3026 Clymenus
796 2957 851 3011 sine
871 2958 1062 3024 controversia3
1077 2961 1151 3026 Iplsisi
1164 2977 1226 3012 reso
1244 2959 1361 3014 secunda
1380 2979 1437 3012 cor·

371 3042 469 3115 ripitur
477 3042 578 3116 syllaba
588 3081 596 3107 ‚
608 3041 673 3096 dum
686 3054 778 3096 contra
790 3045 877 3110 Iphicli
890 3040 1055 3113 producitur.
1066 3044 1135 3094 Reor
1146 3053 1191 3095 sut
1204 3040 1345 3114 legendum
1359 3051 1433 3096 esse:

371 3131 462 3195 Iphitus
471 3143 494 3179 et
499 3127 584 3195 frater
592 3129 691 3194 puppim
708 3129 792 3188 tranis,
808 3137 854 3178 eut
867 3125 1071 3180 existimandum
1080 3127 1132 3179 hoc
1143 3145 1239 3180 nornen
1250 3126 1373 3180 nomsihil
1387 3127 1436 3180 im-

372 3223 503 3265 mutatum
512 3229 569 3264 esse
578 3209 705 3262 avalerio
715 3245 723 3272 ‚
734 3207 959 3281 quemadmodum
967 3201 1053 3274 iulis,
1063 3229 1090 3263 v.
1102 3212 1171 3276 438,
1182 3215 1270 3277 Ery-tus
1281 3210 1308 3263 in
1320 3215 1433 3278 Ensytsss.
1464 3236 1468 3244 ·

407 3347 441 3397 V.
457 3342 518 3406 371.
533 3347 562 3392 ln
578 3356 619 3392 ura
634 3360 694 3392 mox
709 3345 812 3392 Danaos
826 3355 922 3392 acusrus
938 3359 1018 3402 saxa,
1032 3343 1169 3412 Caplmreu,

531 3429 661 3496 Nauplius.

373 3523 459 3595 Apoll.
481 3522 529 3575 lib.
547 3523 577 3587 Ι,
601 3541 626 3575 v.
651 3522 699 3575 133
710 3552 722 3565 ·
734 3522 783 3576 138
804 3539 811 3574 :
833 3530 874 3596 Τῷ
888 3519 915 3578 d*
927 3525 985 3590 tet,
1000 3541 1050 3580 etc.

407 3648 442 3695 V.
456 3643 507 3712 372
522 3678 583 3693 ....
602 3647 634 3694 lu
644 3657 731 3694 tornum
749 3662 798 3694 non
812 3647 845 3694 als
860 3648 919 3695 love
929 3643 1028 3712 fislmen
1045 3646 1127 3696 Oileus

513 3729 562 3794 Qui
570 3740 664 3795 ponet,
677 3728 789 3778 euboicas
802 3740 861 3778 nato
874 3731 987 3780 stridente
1002 3747 1048 3796 per
1060 3731 1152 3780 undas.

366 3807 463 3880 'Oileus
482 3827 611 3897 regnabat
634 3827 661 3879 in
681 3827 780 3880 Locros
802 3825 1012 3898 Epicnemidios.
1033 3826 1120 3899 Apoll.
1144 3825 1190 3880 lib.
1215 3827 1245 3894 l,
1268 3845 1293 3879 v.
1315 3829 1432 3897 74·7⁶=

373 3915 420 3963 Hm
437 3909 535 3970 Οῖλιῦς,
548 3923 596 3961 ete.
610 3905 731 3960 Valerius
750 3907 853 3958 nuntiet
872 3919 986 3959 mortem
1004 3907 1060 3979 ejus
1080 3905 1127 3960 filii
1149 3907 1235 3980 Ajacis
1253 3925 1332 3981 quem
1350 3905 1434 3960 Pullus

374 3989 485 4044 fulmine
503 3990 645 4062 percussit,
659 3989 693 4043 de
709 4008 762 4062 quo
774 3989 914 4062 Virgilius,
926 3993 987 4042 AEn.
1001 3991 1033 4056 1,
1046 4009 1073 4042 v.
1088 3997 1120 4055 4²
1134 4006 1141 4040 :
1267 3995 1270 4002 '

543 4115 595 4175 lpse
606 4113 670 4160 loris
679 4112 785 4175 rapidum
795 4113 896 4174 insulan
905 4129 918 4160 e
927 4111 1028 4160 nubibus
1038 4111 1129 4172 iguem,

543 4187 685 4250 Disieeitque
694 4198 768 4240 retes,
778 4187 906 4250 evertitque
916 4201 1009 4249 equore
1020 4185 1108 4239 reatin
