3192 5128
424 539 680 614 rnnrnuo
709 541 958 614 secunus.
1121 561 1226 609 cxxix
1268 492 1271 499 ‘

11 753 12 756 Ἴ
138 667 471 758 abruptoloquendi
485 691 810 760 generecensemus3
824 670 889 736 vid.
903 670 1012 738 adlib.
1023 672 1060 754 1,
1074 692 1154 753 aon,
1171 671 1229 751 Vl,

142 775 217 840 213
228 791 266 839 et
276 775 358 862 269,
371 775 450 858 VH,
466 775 529 842 520
537 811 549 859 ,¹
557 791 594 842 et
600 775 729 842 infinita
740 777 800 843 alia
810 777 900 842 loca:
914 776 1032 843 deinde
1042 797 1124 866 saepe
1136 777 1230 842 omis·

8 899 9 902 ’
143 901 230 946 sum
243 881 546 970 rerbumaliquod,
560 897 609 965 ut,
625 881 767 971 11‚.375‚
785 882 860 970 398,
877 899 910 948 ct
924 885 974 948 Ill
984 931 993 966 ,
1010 880 1085 970 575,
1103 900 1228 971 etprae-

143 987 272 1075 cipue,
288 986 380 1076 quod
394 987 769 1058 substantivum-vocant
784 989 1001 1079 grammatici,
1020 1012 1104 1070 sum,
1117 1005 1166 1072 ut,
1178 991 1228 1071 ΙΙ,

148 1091 218 1158 133
230 1141 241 1175 ,
255 1091 341 1181 475,
361 1092 423 1160 VH
434 1140 444 1175 ,
461 1091 544 1180 159,
564 1110 598 1160 et
617 1095 758 1183 passim:
776 1111 929 1183 praeterea
949 1095 1138 1183 particulas,
1155 1117 1228 1182 quae

144 1200 312 1288 copulant
324 1200 477 1266 membra
490 1201 665 1284 orationis,
680 1212 781 1281 utet,
799 1215 895 1292 atqua
903 1250 914 1284 ,
926 1223 1013 1291 que,
1027 1223 1117 1266 nunc
1129 1202 1227 1267 omit·

147 1305 212 1389 tit,
232 1327 325 1371 nunc
342 1305 473 1389 trajicit,
492 1324 526 1372 et
547 1329 632 1395 saepe
652 1307 820 1371 remotiori
843 1307 1019 1389 vocabulo,
1041 1329 1139 1396 quam
1159 1305 1228 1374 fieri

148 1413 258 1495 solet,
272 1411 462 1502 conjungit3
480 1411 547 1478 rid.
569 1413 626 1478 lib.
639 1415 673 1495 I,
694 1411 776 1495 502,
792 1412 855 1500 529
866 1461 875 1496 ,
893 1415 943 1495 ΙΙ,
960 1414 1124 1496 aaa,·lll,
1141 1416 1227 1495 444,

148 1518 211 1601 IV,
233 1516 298 1596 342
310 1559 329 1599 ‚.
341 1519 383 1600 V,
407 1517 483 1606 397,
504 1535 537 1582 ct
560 1519 681 1584 centies
698 1519 795 1585 alibi:
818 1520 921 1584 immo
941 1517 1135 1608 precedens·
1155 1519 1227 1583 voci

146 1624 311 1713 jungere,
330 1647 434 1712 quum
452 1625 603 1714 sequenti
614 1625 778 1692 adhaerere
789 1626 939 1707 deberet,
958 1637 986 1690 et
1008 1647 1069 1714 que
1087 1623 1228 1690 vidimus

150 1729 195 1796 ad
209 1731 285 1814 VII,
307 1728 379 1796 156.
389 1729 707 1796 Pronominisetiam
718 1731 840 1796 relativi
851 1781 861 1814 ,
874 1747 912 1796 ut
923 1748 1058 1812 vocant,
1072 1753 1139 1819 quo
1151 1751 1230 1794 oon·

151 1837 240 1901 necti
257 1837 364 1901 solent
375 1836 543 1925 sequeutia
552 1836 660 1920 verba,
673 1837 807 1904 omissio
818 1838 971 1903 obscurat
983 1859 1067 1925 saepe
1078 1837 1147 1916 ejus
1159 1858 1231 1900 ora·

152 1941 296 2023 tionem3
308 1941 437 2023 vid..ll,
450 1945 534 2026 dod,
552 1943 594 2024 V,
609 1940 683 2008 565.
699 1944 742 2008 Et
753 1941 813 2006 alia
823 1942 939 2025 rerba,
951 1963 1024 2030 quas
1034 1942 1140 2006 lector
1151 1963 1227 2030 sup-

152 2048 242 2136 plere
254 2047 372 2131 debet,
387 2048 506 2113 omissa
517 2070 588 2115 esse
599 2049 725 2138 ubique
735 2048 805 2114 fere
815 2097 824 2131 ,
836 2049 895 2114 ubi
909 2049 963 2114 alii
975 2048 1179 2137 posuissent,
1193 2047 1227 2110 in
1254 2076 1256 2080 ·

154 2153 239 2217 notis
260 2152 567 2219 animadvertimus:
591 2154 661 2220 haec
680 2171 713 2218 et
735 2155 850 2222 similia
867 2155 925 2244 qui
946 2175 1014 2218 non
1035 2155 1228 2236 observant,

154 2256 278 2324 ltaerere
285 2260 459 2347 soepissjme
470 2260 505 2324 in
516 2260 622 2326 Flacci
634 2283 733 2326 sensu
743 2259 946 2350 expediendo
956 2260 1047 2326 facile
1056 2258 1228 2326 credimus.

153 2363 303 2430 Eruditio
317 2365 414 2431 etiam
433 2366 621 2456 singularis,
641 2389 750 2457 graecae
768 2367 941 2434 literaturae
956 2389 1085 2432 summa
1094 2365 1228 2454 peritia,

153 2471 256 2535 multa
271 2470 334 2560 ipsi
353 2471 661 2557 subministrabant,
674 2496 714 2538 ex
733 2473 851 2539 fabulis
866 2473 1055 2539 Grascorum
1074 2487 1107 2536 ct
1117 2471 1231 2537 veteri·

155 2573 215 2644 bu's
236 2575 479 2658 monumentis,
499 2599 567 2642 non
588 2579 734 2667 exposita
753 2577 922 2660 etobvia,
942 2578 977 2646 iu
991 2577 1111 2665 quibus
1124 2577 1229 2666 perci·
1330 2666 1332 2674 .

154 2679 281 2768 piendis
299 2696 334 2746 et
343 2680 597 2769 interpretandis
610 2682 706 2745 etiam
719 2680 806 2747 docti
817 2681 917 2750 bodie
930 2683 985 2746 vix
994 2681 1228 2770 seexpediunt.

155 2785 280 2852 Deinde
290 2787 391 2852 multa
401 2788 498 2852 etiam
509 2809 579 2852 esse
588 2787 834 2880 elfusaaprimo
843 2803 947 2875 poetae
956 2787 1062 2852 calore
1070 2803 1103 2852 et
1111 2808 1229 2869 manu,

155 2915 226 2980 quar
238 2892 375 2958 fortasse
391 2891 540 2958 secundis
555 2892 642 2956 curis
656 2893 859 2958 emendasset
877 2907 910 2956 et
927 2893 1095 2980 polivissct
1106 2893 1228 2980 magis,

155 2997 316 3064 credimiu
327 3022 337 3080 3
354 3014 392 3063 ut
410 2999 453 3064 ita
465 2998 614 3066 Barthius
630 2997 672 3063 ad
688 2999 767 3063 Stat.
779 2998 883 3062 Theb.
896 2998 936 3078 V,
948 3019 1004 3083 99,
1017 3019 1088 3061 non
1100 2998 1226 3085 expleta

155 3125 215 3168 uec
226 3103 397 3172 emendata
409 3105 512 3170 multa
523 3104 558 3168 in
571 3105 635 3169 boe
645 3121 794 3193 poemate
805 3086 970 3193 agnoscit:
987 3102 1043 3168 sed
1054 3103 1226 3168 maximam

155 3210 259 3276 labem
269 3212 400 3288 Valerio
412 3225 445 3275 ct
454 3212 574 3276 vulnus
585 3211 772 3300 imposuere
782 3211 923 3294 librarii,
937 3211 995 3299 qui
1009 3209 1106 3302 rudes
1118 3211 1225 3274 omnis

153 3317 318 3406 elegantiae
340 3315 465 3380 infinita
484 3318 556 3382 loca
578 3316 815 3406 depravarunt,
836 3316 1011 3404 inquibus
1032 3314 1226 3404 castigandis
1255 3353 1259 3360 ·

153 3421 344 3492 laborarunt
351 3423 489 3488 maxime
498 3423 699 3512 interpretes,
710 3440 743 3488 et
750 3445 810 3488 nos
819 3423 935 3513 saepius
942 3422 1075 3487 sudasse
1081 3444 1149 3486 non
1159 3444 1227 3486 mo·

154 3525 215 3609 do,
232 3527 291 3592 sed
307 3543 341 3592 et
356 3550 420 3591 non
436 3527 537 3617 liquet
545 3527 758 3615 pronuntiare
769 3543 917 3608 coactos,
936 3528 1039 3592 lector
1049 3524 1227 3614 deprehen·

154 3628 219 3695 det.
238 3632 282 3696 Et
296 3631 347 3696 bae
366 3632 465 3696 etiam
476 3654 547 3698 nos
565 3633 768 3722 impulerunt
784 3654 920 3714 caussae,
939 3649 977 3696 ut
993 3631 1028 3695 in
1042 3632 1128 3695 notis
1142 3653 1225 3720 saepe

151 3736 363 3824 amplioribus
380 3738 488 3804 verbis
503 3761 541 3804 ea
557 3738 749 3828 exponenda
759 3762 828 3804 esse
841 3738 1049 3820 duxe1imus,
1066 3761 1138 3826 quae
1150 3738 1225 3826 qui-

152 3841 227 3912 dem
250 3842 356 3908 doctis
379 3846 463 3910 clara
485 3860 518 3910 et
541 3845 709 3913 manifesta
723 3844 910 3930 credimus,
933 3844 989 3910 sed
1012 3845 1174 3909 tironibus
1194 3861 1226 3910 et

152 3969 219 4015 non
242 3950 376 4046 assuetis
405 3967 572 4040 poetarum
601 3952 732 4018 lectioni
755 3974 887 4017 moram
912 3952 1042 4033 injicere
1072 3966 1225 4040 possent3

152 4055 327 4120 maluimus
346 4057 434 4122 enim
451 4058 619 4123 uberiores
633 4059 724 4139 justo
741 4057 860 4142 videri,
883 4081 981 4147 quam
1000 4057 1138 4124 obscura
1155 4058 1226 4122 loca

152 4159 271 4226 intacta
292 4163 485 4252 relinquere.

196 4267 305 4334 Altera
323 4291 413 4338 nunc
433 4272 630 4359 praelationis
650 4293 725 4360 pars
747 4271 926 4336 versabitur
944 4271 987 4344 in¹
1000 4293 1135 4336 recensu
1156 4267 1224 4334 edi-
