3196 5120
395 520 789 588 Annonnormon
817 523 902 589 nm.
928 524 975 589 11.
1158 529 1218 612 ¹⁴9

197 655 310 738 Quum
330 653 409 743 lapis
421 701 431 734 ‚
445 669 504 718 out
520 653 635 742 liquidi
650 657 796 722 referunt
811 657 956 722 mirando
972 657 1106 722 colores.

195 771 322 833 Ductor
334 768 397 832 ait:
411 799 426 824 ι
439 768 554 852 Quod,
569 769 678 860 virgo,
695 771 755 836 tibi
771 745 962 860 nomenque
973 773 1164 861 genusque?

196 887 278 966 Quae
291 903 380 948 mors
398 883 473 960 ista,
487 883 586 966 dooe,
602 884 742 950 tendunt
759 909 818 950 eur
829 887 959 952 vincula
973 889 1093 975 palmas
1103 887 1137 952 i»

195 999 251 1062 Illa
269 1014 425 1079 tremens,
442 998 591 1087 tristique
606 1001 718 1064 oculos
737 999 859 1080 dejecta
873 1000 1020 1090 pudore:
1177 1027 1217 1076 ⁴7·

195 1113 294 1176 uNon
309 1133 370 1201 ego
386 1111 484 1202 digua
497 1113 607 1194 malis,
623 1112 748 1201 iuquit3
766 1135 915 1202 suprema
929 1130 1099 1202 parentum

195 1228 289 1289 Dona
303 1223 411 1306 vides,
427 1241 517 1290 ostro
533 1226 686 1314 scopulos
701 1247 847 1314 auroque
860 1226 1057 1313 frequentes.

195 1341 262 1404 Nos
280 1341 319 1405 Ili
339 1340 456 1405 veteris
473 1339 640 1428 quondum
654 1363 773 1430 genus,
786 1340 896 1406 invida
913 1341 1019 1406 donec

194 1439 452 1521 Laomedonteos
468 1457 594 1545 fugeret
612 1457 756 1522 Fortuna
774 1473 919 1546 penates.
936 1526 940 1540 ‚

193 1572 376 1660 Principio,
394 1571 519 1654 morbi,
537 1572 680 1660 oeeloque
696 1589 806 1638 exucta
821 1595 937 1638 sereno

192 1687 378 1775 Temperies
388 1710 398 1767 ς
410 1707 517 1750 arsere
531 1685 618 1776 rogis
631 1670 827 1752 conantibus
843 1688 926 1777 agri3

194 1802 306 1881 Quum
322 1799 450 1864 subitus
463 1799 588 1888 fingor,
601 1815 635 1864 et
649 1797 766 1864 fluetus
780 1799 865 1864 ldaeu
878 1815 1045 1865 moventes

192 1919 276 1980 Cum
292 1915 425 1980 stabulis
442 1937 593 1996 nemora3
608 1937 683 1982 eece
700 1937 817 2004 repens
833 1937 1030 2004 consurgere
1043 1932 1145 2005 ponto

192 2027 318 2111 Bellus,
333 2045 517 2094 monstrum
533 2029 666 2118 ingens:
683 2028 768 2093 hanc
783 2045 819 2093 tu
832 2051 893 2094 nec
908 2029 1074 2096 montibus
1091 2030 1182 2110 ullis,

190 2146 259 2210 Nec
273 2161 387 2210 nostro
404 2145 516 2209 metire
531 2145 629 2210 mari:
644 2144 794 2233 primeva
813 2143 935 2209 furenti
1174 2165 1212 2205 no

177 2349 229 2407 ⁴⁶7·
241 2351 290 2394 Aut
301 2345 408 2410 aliquidr'.
420 2347 494 2394 Vetic.
507 2347 561 2394 eod.
577 2349 626 2395 Aet
639 2347 739 2411 aliquid.
755 2348 845 2394 Bonou.
861 2348 914 2394 ood.
927 2349 976 2394 Aut
991 2347 1074 2410 aliqui.
1090 2351 1180 2395 Boron
1193 2352 1210 2395 Ι.

147 2431 209 2472 lunt.
217 2426 269 2472 Ald.
278 2436 356 2473 etr.—
363 2427 416 2488 469.
425 2430 482 2487 Qua
487 2442 554 2474 mors.
564 2426 639 2473 Codd.
647 2437 671 2472 et
676 2426 731 2474 edd.
740 2426 879 2474 eutellelns.
886 2425 1126 2488 retinendum,judice
1133 2429 1210 2474 Burni.
1220 2475 1235 2513 θ

147 2508 208 2553 llest.
216 2506 280 2552 llrrl.
291 2507 348 2566 ρων
355 2522 448 2552 sorn-
455 2513 508 2566 474.
518 2508 603 2568 lingit.
611 2506 697 2554 sabell.
708 2507 846 2568 corrigent
853 2531 883 2541 -
891 2514 944 2566 477.
953 2506 1014 2552 Inde
1022 2516 1141 2554 moventes.
1153 2509 1210 2553 Bon.

145 2585 199 2630 eod.
211 2585 300 2632 Deinde
310 2594 432 2632 mesenus.
444 2587 534 2632 Boron.
547 2586 565 2630 l.
579 2588 666 2633 Venere
676 2595 796 2632 mutes.
808 2587 898 2632 Bonon.
914 2585 944 2631 ll.
962 2585 1047 2632 Moser.
1062 2585 1131 2632 [dna.
1146 2585 1207 2632 Pius.

147 2665 198 2712 tlt.
216 2666 278 2720 Idae,
293 2680 417 2727 opererum
434 2665 503 2718 meio,
519 2668 583 2712 lunt.
598 2667 641 2713 Eu.

144 2846 251 2900 tristitia
263 2857 290 2899 et
308 2850 410 2898 namna
423 2846 542 2918 ipsu-um
560 2863 658 2918 perso,
697 2865 760 2905 nus,
783 2856 858 2897 acute
890 2853 979 2896 monet
1003 2847 1151 2896 Slothouwer
1178 2845 1205 2897 in
1293 2846 1298 2856 ’

146 2944 240 2980 nerum
248 2923 653 2987 merendummciemettnea·
696 2925 768 2976 Antis
783 2923 843 2977 Soc.
853 2921 1133 2994 Rheno-Trojeet.Vol.
1148 2923 1205 2988 111,

146 3015 231 3057 mente
251 3014 374 3058 accurate
391 3007 474 3063 sumit,
491 3003 588 3068 refert,
607 3015 653 3056 sut
696 3023 724 3076 p.
738 3019 802 3072 171,
815 3003 997 3073 pleonasmum
1007 3019 1063 3055 esse
1075 3000 1103 3053 iu
1117 3007 1205 3056 veteris

144 3085 230 3152 liquidi
241 3085 349 3152 referunt
363 3085 479 3141 miranda
492 3086 597 3144 colores,
611 3081 652 3152 pl-
696 3086 838 3150 qnondam
850 3078 956 3152 corrigit
970 3081 1051 3151 igitur
1067 3098 1074 3133 :
1090 3085 1123 3132 Ili
1133 3082 1205 3149 felix
1281 3117 1287 3142 .

144 3176 200 3215 otor
217 3161 311 3216 viridis
328 3161 461 3214 coloribus
481 3160 515 3214 ad
537 3160 652 3214 admira·
696 3166 829 3230 quondm.
863 3164 945 3212 Genus
964 3161 1051 3214 refero
1076 3159 1111 3214 ad
1135 3161 1204 3214 Ilum

144 3243 241 3295 tionem
250 3260 334 3314 usque
343 3259 419 3294 verus
430 3241 496 3296 sistit
505 3259 546 3294 res
556 3253 651 3313 etper·
694 3242 780 3314 Troje
801 3240 982 3304 conditorem,
999 3251 1026 3292 et
1038 3240 1127 3294 felices
1151 3240 1203 3292 lui·

143 3339 230 3374 sonas.
695 3339 770 3385 utus,
782 3323 954 3374 donecinvida
963 3321 1204 3388 Luornedonteosfu-

179 3405 239 3466 468.
252 3407 356 3464 Deseror,
366 3403 518 3472 Argonauta
526 3400 651 3452 Hercules
691 3414 765 3468 geret
775 3405 882 3454 Fortuna
893 3415 1004 3467 peteme.
1016 3399 1058 3454 Sic
1070 3399 1114 3471 pie
1126 3410 1204 3470 etque

143 3481 251 3552 propius
270 3479 387 3544 accedit,
401 3479 495 3552 querit
508 3497 538 3532 ex
552 3478 651 3550 virgine
695 3479 824 3539 modeste,
837 3478 909 3551 quod
922 3479 1004 3550 patris
1020 3479 1098 3551 eulpa
1116 3490 1202 3541 esset,

144 3576 416 3630 nomeu,geuns,oor
425 3558 509 3611 vincte
519 3557 652 3628 mortique
695 3558 817 3612 Fortunat
836 3558 936 3612 tribuit.
960 3557 1114 3612 Laomedon
1134 3557 1207 3612 otim

145 3639 178 3690 ite
192 3640 308 3710 ertposita
322 3637 364 3690 sit.
373 3637 424 3716 ’Ad
439 3655 499 3708 quse
511 3635 652 3708 respondet
695 3655 778 3709 qutun
795 3637 910 3710 Apollini
929 3649 955 3692 et
972 3639 1112 3710 Neptuno,
1136 3655 1202 3710 quos

143 3717 273 3770 Hesione:
285 3723 342 3770 Non
351 3737 398 3786 ego
408 3720 487 3785 digna
497 3721 578 3777 malis,
589 3733 650 3768 narn
695 3727 783 3770 temen
802 3717 871 3785 ipsos
884 3719 997 3772 Hesione
1014 3737 1069 3770 non
1082 3717 1202 3770 uomina·

143 3815 254 3863 suprema
267 3811 397 3866 patenum
413 3799 481 3847 dona
491 3799 577 3856 vides,
593 3812 651 3866 quse
694 3796 741 3848 tim
756 3794 913 3850 calamitatis
930 3810 1049 3850 unctores
1062 3795 1140 3860 dicit,
1154 3816 1202 3868 pe-

145 3875 207 3927 mihi
223 3895 278 3928 non
299 3875 449 3939 dedissent,
464 3875 487 3928 si
503 3875 569 3948 quid
586 3873 651 3928 dell·
694 3887 764 3929 ctum
792 3893 842 3945 pro
873 3877 970 3928 anxilio
991 3875 1019 3928 in
1040 3876 1202 3930 exstruendis

144 3954 274 4023 quissent,
290 3955 364 4008 vides
381 3967 466 4008 vestes
481 3975 629 4028 purpureas
642 3993 649 4018 ,
692 3955 778 4027 Trojae
791 3955 918 4008 monibus
929 3956 1042 4027 prestito
1053 3955 1201 4010 mercedem

142 4051 207 4087 auro
218 4034 366 4099 distinctus,
377 4035 411 4088 ed
419 4035 550 4089 tumulum
561 4053 649 4089 meum
693 4033 758 4088 dere
770 4033 914 4098 noluissem
932 4034 1044 4107 Apollo,
1065 4038 1121 4086 coeli
1143 4050 1202 4086 tem-

143 4112 327 4167 honorendum
339 4119 365 4168 in
386 4120 489 4185 scopulis
506 4114 648 4188 expositos,
690 4118 1090 4185 perie‚nere,conupto,pestem
1101 4114 1202 4185 regioni

142 4211 291 4264 snspensas.
694 4193 802 4246 immisit
814 4205 868 4246 tum
882 4212 1006 4265 gravem,
1018 4197 1200 4246 uteo-tannim
1290 4257 1297 4268 ,

176 4274 235 4341 473.
255 4278 308 4324 Nor
319 4277 352 4325 lli
364 4278 451 4326 vento
465 4277 589 4342 quondum
601 4293 647 4342 ge·
693 4273 846 4344 (exquisitel
859 4275 900 4329 vix
911 4293 980 4328 uuus
989 4273 1018 4328 iu
1027 4274 1128 4327 eineres
1138 4292 1200 4326 eon·
