3192 5128
329 553 374 598 cr
637 527 785 597 PETRI
816 523 1091 598 BURMANNI

328 683 398 726 ram
415 659 651 746 resumpsisset.
664 657 729 723 Sed
740 657 821 721 nihil
837 669 962 740 tamen,
974 656 1055 722 dum
1069 657 1166 738 vixit,
1180 673 1296 745 praeter
1306 660 1394 725 nuda

327 782 431 857 poetae
444 764 561 847 verba,
576 764 670 829 nobis
684 764 841 846 exhibuit,
855 766 1081 828 annotationes
1094 779 1204 828 autem
1220 767 1319 854 magis
1334 785 1394 854 po·

322 873 448 944 liendas
469 889 501 936 et
518 870 679 962 augendas
700 871 762 934 sibi
784 871 977 953 reservavit,
1003 888 1041 936 ut
1059 893 1099 936 ex
1119 872 1188 952 ejus
1207 869 1396 959 praefatione

326 979 449 1046 discere
467 979 571 1066 quivis
593 992 708 1066 potest.
729 975 890 1042 Credibile
910 993 975 1058 est,
999 971 1178 1067 si'longicr
1198 978 1279 1042 lucis
1297 1001 1396 1042 usura

325 1085 394 1148 viro
416 1083 680 1147 excellentissimo
702 1082 907 1171 contigisset,
928 1083 1021 1147 illum
1037 1082 1163 1147 labores
1181 1103 1257 1148 suos
1276 1084 1310 1146 in
1332 1101 1395 1148 no·

331 1205 434 1254 strum
444 1205 573 1276 poetam
590 1187 689 1252 luisse
703 1203 887 1256 aucmrum.
900 1187 964 1253 Sed
975 1187 1065 1252 brevi
1077 1205 1213 1277 sequuta
1227 1211 1325 1272 mors,
1338 1189 1398 1253 hu-

322 1297 393 1377 jus,
410 1311 447 1359 ut
464 1310 498 1359 et
512 1294 646 1359 aliarum
664 1294 998 1377 commentationum,
1022 1295 1132 1359 fructu
1147 1315 1207 1360 nos
1224 1295 1393 1360 fraudavit.

324 1403 397 1491 Ipsa
421 1400 553 1489 quidem
576 1399 694 1481 editio,
713 1420 785 1489 quae
810 1422 898 1464 anno
922 1402 1142 1490 octuagesimo
1161 1401 1393 1467 Amstelodami

323 1506 461 1596 prodiit,
481 1508 591 1571 multis
606 1506 752 1595 partibus
766 1506 969 1571 emendatior
985 1522 1034 1570 est
1050 1507 1217 1588 omnibus,
1234 1521 1305 1595 quai
1322 1529 1392 1572 eam

322 1629 572 1700 praecesserunt,
589 1612 647 1677 sed
662 1629 769 1676 tamen
786 1611 956 1677 fatendum
972 1628 1039 1693 est,
1057 1635 1126 1676 eam
1143 1628 1208 1677 tam
1227 1611 1393 1702 negligen-

324 1735 372 1782 ter
389 1719 429 1782 ab
447 1718 856 1807 operis-typographorum
880 1718 977 1782 luisse
1003 1719 1166 1800 habitam,
1193 1733 1232 1782 ut
1254 1719 1307 1782 rix
1328 1734 1394 1782 una

322 1825 440 1914 pagina
455 1823 525 1888 sine
543 1823 683 1911 quadarn
700 1822 818 1888 menda
832 1823 1031 1888 exhibeatur.
1049 1823 1141 1887 Hanc
1158 1840 1267 1888 tamen
1283 1839 1344 1887 nos
1360 1823 1394 1887 in

324 1929 386 1995 hac
410 1931 523 1994 iterata
546 1929 708 2009 editione,
731 1917 918 1994 emendatis¹
933 1929 1138 1992 librariorum
1156 1929 1319 2016 lapsibus,
1338 1943 1395 1992 ex·

282 2115 284 2126 Ι
322 2037 518 2125 pressimus,
543 2035 606 2097 nisi
630 2032 721 2120 quod
744 2032 919 2120 aliquando
941 2034 981 2097 ab
1009 2055 1045 2096 ea
1070 2033 1318 2113 recesserimus,
1344 2055 1395 2096 se·

321 2142 417 2231 qunti
439 2139 583 2205 codicem
600 2137 701 2226 ipsius
717 2138 861 2218 Heinsii,
878 2140 912 2201 in
931 2139 1024 2218 cujus
1043 2139 1188 2227 margine
1204 2161 1240 2203 ea
1256 2138 1393 2202 adnota-

321 2262 427 2327 verat,
447 2244 565 2333 quein
581 2243 678 2306 altera
694 2241 838 2307 'editione
850 2243 942 2307 aliter
954 2244 1017 2332 legi
1029 2243 1202 2325 voluisset,
1219 2244 1246 2306 si
1262 2244 1321 2331 ipsi
1335 2264 1394 2332 per

321 2352 504 2439 longiorem
526 2349 626 2412 vitam
650 2347 801 2412 licuisset.
825 2348 910 2412 Hinc
936 2349 1032 2412 etism
1057 2349 1175 2430 lector,
1197 2346 1355 2412 diversam
1374 2371 1393 2412 a

323 2453 491 2520 communi
501 2452 741 2541 orthographiae
760 2453 920 2517 rationem
932 2455 966 2515 in
985 2453 1047 2518 hac
1058 2451 1200 2516 editione
1218 2451 1395 2542 deprehen·

323 2561 397 2642 det,
411 2581 510 2648 quam
524 2557 745 2622 nobilissimus
756 2559 805 2621 vir
816 2558 877 2621 sibi
886 2605 898 2640 ,
910 2577 949 2622 ex
960 2559 1065 2622 multo
1076 2579 1139 2622 usu
1151 2558 1393 2645 antiquissimo-

323 2686 399 2728 rum
425 2661 593 2743 codicum,
612 2676 814 2747 persuaserat
838 2659 916 2724 olim
941 2661 1041 2749 magis
1065 2660 1265 2740 obtinuisse3
1284 2681 1393 2746 neque

323 2786 403 2845 uos,
417 2775 520 2850 quum
531 2760 695 2824 Valerium
708 2761 749 2823 ab
759 2761 894 2826 Heinsio
911 2759 1121 2825 emendatum
1135 2761 1169 2824 in
1182 2761 1290 2825 lucem
1304 2762 1394 2826 emit·

323 2871 441 2948 timus,
456 2864 579 2954 aliquid
599 2881 724 2930 mutare
742 2867 925 2949 voluimus,
942 2868 1090 2954 quamvis
1108 2889 1176 2931 non
1192 2867 1226 2931 in
1239 2868 1393 2932 omnibus

321 2975 383 3039 riri
399 2971 609 3038 eruditissimi
625 2973 794 3038 sententiae
814 2971 1025 3054 accedamus,
1048 2989 1082 3036 et
1100 2971 1256 3060 quasdam
1274 2995 1393 3038 vocum

322 3080 429 3144 literas
441 3078 532 3142 aliter
544 3077 723 3142 efferendas
738 3099 807 3142 esse
823 3077 1004 3142 credamus.
1016 3076 1251 3144 Adnotationes
1264 3094 1392 3162 autem,

325 3205 405 3272 ques
421 3182 635 3264 subjecimus,
651 3197 689 3246 ut
705 3199 738 3247 et
750 3183 830 3264 alia,
847 3205 919 3270 quoe
932 3183 998 3261 jam
1012 3183 1090 3247 olim
1102 3183 1260 3270 produxi,
1276 3184 1392 3267 debes,

323 3289 426 3354 amice
441 3289 553 3370 lector,
574 3287 757 3352 Heinsianis
773 3287 966 3354 haeredibus.
985 3290 1075 3353 Inter
1089 3311 1172 3376 quos
1185 3289 1294 3371 frater,
1311 3290 1392 3353 mihi

324 3415 455 3460 summo
471 3407 581 3457 amore
598 3393 903 3486 conjunctissimus,
922 3396 971 3459 vir
987 3395 1083 3483 ampl.
1100 3396 1232 3459 Carolus
1254 3395 1391 3460 Grucius

324 3516 391 3580 est,
408 3498 466 3586 qui
481 3499 607 3586 egregie
622 3497 823 3564 humanitate
840 3499 1015 3564 Heinsiana
1029 3501 1109 3564 mihi
1121 3501 1239 3565 scrinio
1250 3502 1390 3566 reclusit.

323 3606 443 3672 Notior
453 3620 503 3668 est
515 3604 639 3670 Heinsii
655 3604 815 3688 eruditio,
832 3619 865 3670 et
880 3607 1118 3671 exactissimum
1130 3606 1307 3689 judicium,
1324 3630 1391 3694 quo

322 3711 503 3774 instructus
529 3708 570 3774 ad
593 3709 815 3774 emendandos
836 3729 948 3799 poetas
969 3728 1093 3776 veteres
1115 3711 1264 3790 accessit,
1292 3732 1390 3798 quam

322 3833 362 3881 ut
374 3815 465 3880 vobis
478 3816 700 3880 commendari
712 3840 729 3880 a
744 3840 797 3881 me
811 3817 853 3881 sit
864 3837 1004 3883 necesse.
1019 3817 1220 3881 Incredibilis
1232 3816 1301 3896 ejus
1313 3828 1393 3905 praa·

323 3920 458 3987 dicanda
475 3920 653 4004 industria,
669 3947 732 4011 qua
746 3947 804 4012 per
819 3925 920 3989 totius
937 3927 1076 4012 Europae
1091 3923 1302 3988 bibliothecas
1315 3945 1390 4011 per·

321 4044 474 4117 vagatus,
489 4025 616 4092 codices
632 4051 733 4092 manu
750 4047 895 4095 exaratos
911 4029 951 4094 ad
968 4029 1072 4095 editos
1086 4029 1278 4111 contulerit,
1291 4045 1325 4092 et
1336 4051 1391 4092 ert-¹

323 4150 509 4226 cerptorum
531 4149 653 4198 tantam
667 4135 727 4199 sibi
741 4138 864 4225 copiam
881 4139 1129 4225 comparaverit,
1150 4152 1189 4199 ut
1201 4136 1310 4199 nullus
1323 4137 1390 4198 fere

323 4241 440 4330 linguae
455 4240 561 4305 latine
578 4253 692 4306 auctor
707 4255 826 4324 existet,
842 4242 882 4307 ad
902 4263 1000 4330 quem
1022 4263 1088 4308 non
1110 4241 1291 4330 symbolam
1308 4261 1389 4304 con·
