3198 5106
449 501 842 569 ARGONAUTICON
870 503 956 566 LIB.
981 503 1007 566 Ι.
1219 507 1257 580 41

236 631 364 698 Phlciss
380 633 543 698 immissus
559 635 680 722 patrios
697 635 738 700 de
752 636 873 701 vertice
889 635 1005 699 crines.

237 749 309 814 Nec
324 748 417 812 timet
432 751 587 814 Ancaeum
603 752 742 839 genitrix
758 751 959 816 committere
974 764 1093 838 ponto,

239 864 339 928 Plena
353 864 429 928 tulit
444 887 542 953 quem
558 887 633 954 rege
649 867 756 930 maris.
769 866 908 932 Securus
923 867 959 929 in
973 889 1085 954 sequor

239 971 336 1043 Haud
352 978 461 1042 minus
478 977 635 1069 Erginus,
652 981 759 1067 proles
776 981 948 1068 neptunia,
965 980 1083 1061 fertur,
1223 1003 1261 1048 ns

241 1094 308 1176 Qui
324 1094 421 1158 maris
437 1092 586 1174 insidias,
603 1095 695 1158 clurae
710 1096 768 1182 qui
784 1092 888 1158 sidem
904 1094 1008 1158 noctis

241 1211 352 1292 Norit,
369 1226 402 1275 et
418 1232 436 1274 e
451 1211 566 1275 clausis
584 1235 682 1299 quem
699 1210 838 1276 destinet
848 1211 964 1277 AEolus
980 1211 1096 1291 antris3

241 1322 317 1388 Non
334 1338 456 1386 metunt
471 1324 523 1385 cui
539 1325 746 1412 regnaretis,
763 1325 816 1388 cui
832 1324 956 1389 trudere
973 1324 1085 1389 caelum

244 1435 382 1501 Assidua
393 1436 516 1525 Tiphys
532 1437 658 1501 vultum
673 1439 807 1502 lassatus
823 1438 863 1501 nb
875 1439 985 1502 Arcto.

242 1550 366 1614 Taurea
380 1548 534 1614 vulnifico
550 1566 659 1637 portat
673 1551 844 1639 celumque
859 1551 996 1638 plumbo

242 1666 346 1754 Terga
361 1665 487 1745 Lacon,
504 1665 616 1728 saltem
633 1666 666 1727 in
683 1687 801 1730 vacuos
816 1681 855 1730 ut
867 1665 999 1730 brachia
1013 1679 1126 1728 ventos

241 1775 393 1864 Spargat,
409 1791 442 1839 et
457 1776 607 1840 oebaliurn
624 1778 769 1866 pegaseis
784 1779 903 1866 puppis
919 1777 1087 1840 alumnum

242 1889 389 1978 Spectet,
406 1912 521 1954 securo
538 1891 754 1956 celebrantem
769 1891 863 1955 litora
878 1890 967 1955 ludo.

242 2005 373 2092 Oraque
390 2005 559 2069 thessalico
576 2006 691 2070 melior
707 2003 909 2070 contundere
924 2005 1033 2084 freno,

230 2205 284 2253 4²⁰·
301 2198 379 2244 atera
391 2197 495 2260 plumbo.
507 2199 582 2248 Vetic.
598 2201 650 2247 cod.
667 2201 811 2247 Celerem.
828 2202 918 2246 Boron
930 2195 983 2244 eorl.
994 2198 1085 2244 Boron.
1097 2197 1116 2242 1.
1130 2197 1196 2244 lunt.
1211 2195 1265 2242 tlt.

200 2278 577 2327 Celerimita.Venet.1loe.ccd.
589 2280 674 2342 regins.
685 2281 776 2328 Boron.
788 2281 819 2326 11.
828 2281 915 2326 Macer.
931 2279 975 2324 En.

199 2459 271 2512 tum,
282 2447 448 2512 Panoclum,
462 2447 587 2502 Chironis
599 2449 713 2523 discipli·
793 2463 854 2511 420.
870 2456 967 2510 meon,
982 2449 1001 2501 i.
1019 2467 1043 2501 e.
1059 2452 1157 2500 Pollux.
1171 2452 1267 2498 Taurea

200 2547 241 2582 nte
250 2526 411 2591 tradideret,
425 2540 455 2581 nt
469 2547 529 2581 curn
543 2530 645 2584 Achille
656 2534 712 2604 jam
756 2544 841 2598 terga,
852 2548 908 2582 non
921 2540 994 2592 tote,
1010 2526 1056 2581 sed
1067 2527 1125 2582 lora
1134 2537 1238 2580 tautum
1252 2546 1267 2580 e

200 2619 259 2661 turn
278 2607 437 2660 amicissimo
456 2608 525 2680 lyre·¹
535 2607 650 2663 disceret
670 2627 713 2662 cs·
756 2609 828 2662 corio
838 2609 940 2661 bubulo
953 2609 964 2676 (
971 2610 1077 2680 castus)
1086 2610 1184 2674 pinnen
1194 2610 1269 2658 coela·

199 2705 279 2751 nere,
289 2687 394 2740 hastam
404 2687 522 2752 vibrare,
533 2700 559 2740 et
567 2689 650 2758 ipsius
658 2707 711 2739 ma-
756 2701 793 2748 ta,
806 2687 864 2758 qne
874 2704 1028 2758 quenquam
1037 2686 1223 2749 Burmannus,
1233 2704 1268 2737 cn

198 2769 272 2834 gistri
276 2771 373 2834 placidi
378 2806 386 2827 ,
401 2784 457 2819 uon
468 2767 558 2831 inviti,
572 2782 642 2836 terga
652 2788 712 2818 con·
756 2767 815 2839 quis
825 2784 944 2838 unquam
958 2764 1068 2828 dixerit,
1083 2764 1204 2828 dubitat,
1218 2783 1268 2834 ego

201 2849 330 2906 scandere,
347 2846 375 2898 in
386 2863 420 2898 eo
432 2845 561 2916 equitare.
756 2857 844 2900 temen
857 2844 1028 2907 retinuerim,
1045 2843 1268 2913 intellexerimque

238 2921 710 2994 412.Plleias,quemfamu'genns,
757 2923 791 2978 de
812 2923 925 2997 globulis
947 2923 1078 2994 plumbeis
1095 2922 1269 2994 prominenti-

134 2997 137 3005 ’
203 3003 289 3058 lilium
311 3023 381 3068 esre,
401 3025 450 3056 non
473 3020 510 3056 est
527 3009 628 3073 decepta
646 3010 714 3072 Lyoei
756 3005 823 3069 bus,
839 3004 935 3076 quibus
948 3015 1041 3056 cestus
1054 3013 1130 3056 erant
1141 3001 1266 3055 distincti.

203 3083 320 3136 Bacchi:
340 3102 403 3137 nam
416 3103 470 3136 non
488 3083 577 3138 minus
589 3085 656 3138 bene
669 3104 714 3138 co·
757 3084 1050 3145 seminaverant,
1063 3083 1100 3146 V,
1112 3099 1140 3150 7,
1151 3080 1268 3134 nonalia

203 3174 306 3227 metus,
319 3181 401 3234 quam
412 3176 488 3235 pater
502 3164 658 3234 (intonsus)
670 3169 714 3216 im·
757 3176 868 3236 possunt
880 3182 951 3228 esse,
964 3181 1044 3235 quern
1055 3179 1169 3235 quornm
1179 3179 1269 3232 ruper-

204 3245 291 3294 misem
295 3247 389 3311 patrios
401 3247 432 3298 de
443 3247 535 3296 uertice
544 3247 632 3296 crines.
675 3293 687 3300 ,
757 3242 830 3298 ficies
843 3262 899 3298 non
912 3243 992 3306 loris,
1007 3239 1053 3295 sed
1067 3240 1158 3312 liguris
1169 3259 1219 3292 eeu
1228 3241 1269 3311 pi-

241 3323 302 3385 413.
314 3329 433 3376 Arcens.
446 3323 524 3376 llunc
534 3334 630 3387 meter,
641 3324 715 3396 Asty·
758 3323 806 3376 ctis
819 3341 911 3395 aspere
924 3333 972 3376 est.
992 3321 1047 3374 Hos
1060 3339 1122 3374 vero
1134 3331 1227 3372 cestus
1241 3319 1268 3372 in

203 3401 307 3472 palea,
329 3421 363 3455 eo
376 3401 560 3456 confidentius
584 3404 715 3458 commisit
759 3401 821 3456 usus
832 3415 918 3456 servin
926 3404 1044 3464 futuros,
1057 3418 1129 3454 nnnc
1139 3403 1164 3451 in
1174 3419 1269 3451 vwnos

203 3493 301 3552 ponto,
314 3481 387 3553 quod
400 3500 431 3536 ex
441 3483 566 3553 Neptuno
576 3500 637 3535 eum
651 3501 714 3536 eon·
758 3493 861 3536 tentum
872 3483 958 3536 vibret
967 3496 1069 3541 ventos,
1087 3490 1117 3532 ut
1130 3482 1268 3548 pagaseia,

204 3573 327 3632 ceperat,
346 3567 425 3630 plena
447 3579 506 3629 rege
528 3565 613 3614 mant.
641 3563 715 3615 Alius
757 3561 898 3614 thessalica
918 3561 967 3632 (ab
980 3572 1059 3631 portu
1076 3570 1102 3612 et
1121 3569 1272 3629 promente·

204 3641 320 3711 Neptuni
333 3640 403 3694 lilius
412 3678 420 3702 ,
430 3639 546 3711 ideoque
555 3635 629 3711 reque
641 3660 715 3694 secu·
758 3642 798 3694 rio
807 3642 940 3713 Pegasis),
945 3643 1048 3711 puppis,
1061 3639 1131 3709 Argo
1143 3649 1271 3709 spectaret

204 3738 251 3773 rue
257 3721 417 3791 Argonautis
423 3720 545 3773 comitem
557 3738 584 3772 se
594 3719 714 3784 dederat3
760 3724 900 3782 OEbalr'rim,
914 3731 1068 3793 spartanum
1080 3719 1129 3788 (ab
1140 3716 1270 3780 OEbalir‚

204 3817 299 3870 nempe
309 3803 431 3868 Erginus,
443 3800 488 3870 qui
502 3799 582 3852 meris
593 3799 715 3863 insidias,
759 3800 880 3853 Laconia
894 3797 1010 3871 oppido)
1025 3803 1164 3858 alumenu,
1178 3795 1271 3850 adole·

204 3891 292 3943 usne,
305 3881 430 3949 ventique
446 3877 524 3931 fletus
537 3883 683 3953 cujusque,
702 3902 716 3932 e
760 3892 892 3944 mentem,
913 3878 976 3932 inde
996 3897 1011 3930 a
1028 3881 1165 3951 juventute
1184 3877 1271 3949 patrio

204 3962 295 4010 clausis
311 3979 381 4026 quem
400 3961 503 4010 destinet
517 3963 602 4010 AEolus
621 3964 713 4021 annis,
759 3977 834 4012 more
846 3960 923 4012 lucta
936 3961 1047 4030 (abalim
1060 3957 1271 4027 arr,1v‚372)

205 4049 258 4090 tem
273 4041 356 4110 probe
368 4050 498 4102 noverat,
514 4049 559 4102 ut,
573 4039 716 4110 siquando
760 4039 936 4094 assuefactum
947 4077 955 4102 ,
965 4050 991 4091 et
998 4055 1095 4109 magne
1102 4036 1223 4092 adstante
1228 4036 1274 4088 mi-

203 4117 306 4189 Tiphyr
318 4119 354 4170 nb
365 4117 442 4172 astris
453 4117 624 4172 observandis
635 4121 717 4172 lassa·
761 4130 888 4189 renteque
898 4116 1069 4171 multitudiue
1081 4115 1273 4188 (celebrantem)

205 4208 247 4249 tus
261 4209 344 4261 esset,
357 4197 419 4250 huic
433 4197 502 4250 vices
512 4217 571 4252 sues
582 4200 717 4271 permitte·
761 4196 790 4250 in
803 4197 881 4251 litore
893 4202 976 4250 ludum
983 4236 992 4260 ,
1005 4196 1088 4267 animi
1099 4207 1203 4249 tentum
1211 4210 1273 4244 cau·

204 4294 302 4329 renen
315 4276 457 4330 dubitaret.
762 4296 809 4342 se,
822 4298 949 4340 securum,
968 4278 1122 4338 innoxium,
1138 4291 1193 4341 non
1207 4270 1274 4328 terto
