3122 5126
406 537 1485 570 fflmfflfflmfflmmfflmfflmwmmmmm

539 576 543 588 Ι

743 775 1131 883 PRAEFATIO

575 1032 948 1127 EDITIONIS
996 1035 1285 1124 ALDINAE.

808 1267 1056 1337 LECTORI.

402 1461 612 1598 Qnsnrnsr
626 1496 668 1560 sit
680 1495 808 1559 Valerio
827 1495 940 1559 Flacco
958 1493 1187 1578 tribuendum,
1200 1496 1290 1561 facile
1306 1522 1345 1563 ex
1364 1499 1477 1582 Quin·

400 1604 511 1668 tiliano
527 1617 630 1691 patet:
643 1601 700 1690 qui
718 1615 845 1666 tantum
862 1601 908 1664 illi
924 1599 1027 1665 laudis
1042 1601 1199 1689 impertit,
1211 1618 1250 1667 ut
1265 1602 1333 1684 ejus
1349 1605 1472 1668 imma·

399 1727 471 1774 tura
489 1724 594 1773 morte
610 1708 750 1771 multum
769 1707 899 1770 latinam
915 1705 1059 1796 linguam
1077 1706 1219 1771 amisisse
1234 1707 1388 1790 affirmet3
1404 1733 1473 1774 nec

395 1815 546 1905 proiecto
568 1813 748 1878 immerito:
763 1813 910 1902 praestitit
933 1812 1020 1876 enim
1041 1813 1187 1878 Valerius
1210 1815 1307 1905 longe
1329 1837 1471 1879 suorum

398 1937 584 2009 temporum
595 1918 785 1984 horninibus
800 1916 961 1999 doctrina,
975 1917 1146 2007 elegantia,
1160 1934 1193 1982 et
1206 1919 1337 2007 ingenio
1347 1943 1356 2001 3
1368 1935 1472 2008 atque

397 2019 596 2092 cavirietate
612 2048 696 2114 opus
706 2024 841 2114 aspersit
854 2046 968 2106 suurn,
983 2041 1021 2088 ut
1033 2047 1110 2089 cum
1130 2047 1258 2090 summa
1275 2024 1391 2090 laetitiae
1405 2049 1471 2090 vo·

396 2135 520 2220 luptatc
530 2131 712 2221 legentibus
724 2131 836 2219 prosit.
848 2130 991 2194 Illustrat
1004 2128 1137 2217 quidem
1151 2132 1319 2213 Iasonem,
1333 2147 1469 2196 caeteros

397 2240 620 2326 Argonautas:
638 2235 694 2301 sed
716 2234 752 2300 id
775 2257 812 2300 ea
835 2251 944 2299 mente
964 2235 1056 2317 facit,
1072 2250 1112 2298 ut
1134 2235 1219 2300 inter
1235 2237 1466 2319 electissimos,

397 2342 741 2431 praesmntissimosquc
760 2343 845 2404 viros
868 2339 1048 2429 principem
1072 2340 1179 2404 virum
1199 2340 1359 2406 describat
1380 2365 1466 2431 prae·

398 2446 647 2528 stantissimum;
660 2463 693 2511 et
705 2446 939 2536 peregrinantis
952 2445 1105 2527 hominis,
1119 2446 1292 2534 gloriasque
1300 2448 1469 2512 immorta-

398 2557 485 2626 litate
506 2553 667 2642 flagrantis
684 2552 789 2616 varios
809 2551 1027 2640 ancipitesque
1051 2572 1143 2616 ossus
1170 2566 1338 2616 monstret.
1361 2553 1467 2634 Quod

397 2667 521 2730 utinam
546 2675 734 2748 susceptum
757 2679 877 2720 munus
900 2653 1061 2720 conficere
1083 2655 1257 2742 potuisset!
1270 2655 1350 2744 quid
1373 2658 1465 2720 enim

397 2786 447 2836 est
455 2769 540 2834 illius
551 2764 677 2852 scriptis
685 2760 881 2841 jucundius,
893 2775 926 2824 et
935 2759 977 2823 ad
986 2760 1184 2848 voluptatem
1194 2759 1327 2848 legentis
1338 2783 1468 2825 accom-

396 2875 558 2942 modatius
567 2872 580 2936 l
588 2868 647 2935 sed
657 2891 718 2933 nec
729 2881 879 2931 octavum
890 2863 1023 2952 quidem
1034 2865 1153 2929 librum
1163 2881 1269 2929 morte
1277 2883 1465 2954 praeventus

395 2980 549 3072 perficere
562 2976 681 3068 potuit.
695 2975 809 3060 Itaque
823 2994 883 3036 nos
898 2992 1001 3059 quum
1015 2993 1087 3058 quae
1101 2971 1196 3036 nobis
1209 2971 1406 3059 reliquisset,
1416 2975 1463 3040 ita

397 3084 739 3162 emendaverimus,ut
750 3100 869 3166 pauca,
879 3093 936 3140 aut
945 3077 1033 3140 nulla
1042 3076 1309 3159 fere,dcsidera1i
1317 3079 1461 3167 possint3

396 3209 433 3257 ut
449 3194 572 3280 integra
587 3187 722 3252 historia
739 3184 908 3272 cognosci,
922 3183 1109 3270 percipique
1124 3182 1243 3270 possit,
1257 3205 1294 3248 ea
1309 3183 1460 3264 adjunxi·

396 3319 489 3377 mus,
504 3315 576 3381 quae
591 3292 730 3355 loannes
748 3289 890 3376 Baptista
906 3287 982 3352 Pius
999 3289 1212 3353 Bononiensis
1230 3311 1268 3352 ex
1284 3290 1459 3378 Apollonio

395 3401 545 3480 Rhodio,
563 3419 661 3486 quem
679 3417 785 3459 unum
808 3394 870 3458 sihi
895 3393 1028 3458 Flaccus
1050 3395 1222 3483 proposuit
1243 3395 1456 3478 imitandum,

394 3508 573 3576 transtulit:
590 3527 650 3570 nec
667 3525 735 3568 non
758 3520 790 3567 et
811 3501 1058 3590 Orpheum'per
1075 3501 1366 3568 Mediolanensium
1385 3506 1456 3569 Cri-

394 3615 554 3680 bellorum
566 3609 741 3700 quemdam
749 3608 889 3696 (nomen
901 3607 1020 3672 hahere
1032 3628 1100 3671 non
1111 3609 1296 3698 potuimus)
1306 3609 1454 3674 latinum

394 3720 533 3785 factum:
548 3740 620 3806 quse
640 3715 750 3780 omnia
770 3715 814 3778 ita
835 3737 852 3777 a
878 3713 973 3779 nobis
994 3715 1096 3779 lector
1111 3713 1265 3802 accipias3
1285 3730 1317 3779 et
1336 3716 1454 3795 majora

394 3827 428 3888 in
444 3824 529 3905 dies,
543 3840 576 3888 ct
591 3821 722 3887 meliora
740 3835 912 3907 exspectes.
925 3820 1014 3916 Vale.

659 4107 1197 4142 --ffl--e--m-
