3198 5106
437 487 549 556 VITA
576 489 637 556 ET
669 487 911 559 CARMINE.
1094 514 1209 562 cxcvu

141 615 267 680 habuit
294 616 333 679 ln
352 628 464 678 tenore
481 637 580 702 porro
603 615 727 680 itineris
747 639 764 678 e
784 615 945 680 Thessalia
967 618 1001 681 in
1019 619 1208 688 Colchidem

142 721 227 797 nihil
239 719 436 786 mutandum
451 719 536 785 fuit:
553 736 692 809 uterque
708 721 806 786 habet
825 724 1002 805 Lemnum,
1023 723 1210 792 Samothra·

142 849 223 904 cen,
249 824 422 914 Cyzicum,
443 825 603 912 Cyaneas3
630 825 664 889 in
689 826 823 914 singulis
846 841 953 890 tamen
981 827 1106 911 fluviis,
1134 855 1211 920 pro-

143 931 332 1012 montoriis,
349 929 512 1019 oppidulis
527 931 702 1019 aliqnando
724 931 892 997 differunt.
915 933 1076 1018 Omnino,
1093 938 1120 1000 si
1137 940 1209 1027 quis

142 1039 392 1104 familiaritatem
410 1037 551 1125 aliquam
573 1060 648 1102 cum
671 1053 813 1131 utroque
834 1054 929 1127 poeta
947 1043 1159 1125 contraxerit,
1182 1045 1210 1108 is
1241 1025 1245 1039 ⁸

143 1167 273 1208 mecum
300 1123 391 1206 facile
415 1142 613 1224 consentiet,
637 1142 733 1233 longe
751 1143 845 1207 aliam
869 1165 952 1230 saepe
976 1145 1059 1208 viam
1085 1147 1210 1237 ingredi

142 1267 249 1314 ratem
271 1269 456 1312 romanum.
475 1249 627 1312 Conferat
643 1248 724 1311 mihi
739 1248 854 1335 aliquis
869 1249 919 1312 vel
936 1250 1082 1337 primum
1108 1256 1209 1342 Apol·

143 1355 223 1420 lonii
235 1354 373 1434 librum,
390 1369 423 1418 et
440 1354 534 1442 plura
550 1355 732 1442 copiosius,
749 1355 876 1442 alioque
890 1355 984 1443 plane
999 1356 1100 1421 modo
1116 1359 1210 1424 Vale-

143 1462 230 1526 rium
248 1482 393 1525 narrasse
416 1460 569 1524 inveniet.
590 1460 643 1524 Sic
663 1482 680 1524 a
699 1460 843 1524 Chirone
869 1461 1033 1526 Centauro
1053 1462 1210 1528 Achillem

144 1567 338 1654 puerulum,
353 1583 391 1630 ut
407 1567 590 1630 abrhcn'enti
605 1567 688 1655 patri
704 1567 773 1631 vale
786 1564 1113 1661 diceret,advectum
1129 1572 1212 1635 sistit

146 1691 300 1761 uterque,
317 1673 362 1736 ita
379 1689 505 1756 tamen,
528 1689 653 1737 utrem
680 1673 792 1736 leviter
813 1688 922 1762 tangat
944 1674 1152 1762 Apollonius,
1176 1680 1211 1760 I,

146 1778 207 1844 553
222 1802 270 1866 sq.
298 1779 430 1842 Flaccus
453 1794 566 1844 contra
588 1778 734 1842 animum
760 1779 885 1866 parvuli
903 1779 1062 1866 puerilem
1085 1785 1211 1874 egregie

145 1885 274 1972 pingat,
285 1886 319 1964 l,
339 1884 412 1948 266.
436 1883 488 1948 Sic
501 1883 653 1973 pietatem
670 1883 861 1972 Hypsipyles
877 1882 1017 1952 Lemniae
1034 1885 1067 1948 in
1086 1905 1209 1974 patrem

145 1990 327 2054 Thoantem
350 1989 461 2077 paucis
488 2005 616 2060 tantum
633 1988 739 2052 verbis
760 1988 800 2052 ab
822 1989 1057 2076 Apollonio,1,
1080 1993 1145 2058 620
1160 2017 1209 2083 sq.

147 2111 357 2158 memoratam
383 2095 487 2160 fusius
512 2094 645 2182 exponit
664 2092 828 2176 Valerius,
859 2095 915 2159 lib.
935 2097 986 2176 II,
1013 2119 1061 2162 vs.
1083 2097 1145 2176 245
1160 2123 1208 2188 sq.

146 2201 265 2266 Eadem
282 2202 365 2266 ratio
387 2201 484 2266 estin
500 2201 583 2265 tristi
599 2201 682 2290 regis
701 2201 806 2288 Cyzici
831 2200 936 2283 caede,
960 2203 994 2265 in
1014 2226 1077 2290 qua
1094 2205 1210 2272 descri-

146 2307 250 2372 benda
277 2306 312 2370 id
336 2307 436 2396 egisse
454 2329 626 2372 romanum
645 2324 749 2372 vatem
765 2323 916 2396 apparet,
939 2323 977 2372 ut
1002 2331 1143 2397 graecum
1161 2315 1210 2390 al·

146 2413 281 2476 fectibus
294 2410 463 2476 movendis
477 2427 651 2502 superaret.
666 2411 745 2477 Aliis
761 2428 873 2476 eontra
884 2412 980 2495 locis,
994 2414 1020 2476 si
1032 2432 1210 2506 utrumque

146 2519 311 2597 conferas,
327 2517 507 2583 breviorem
526 2517 678 2582 Latinum
697 2515 919 2604 deprehendes
936 2516 1062 2583 Graeco.

189 2624 271 2706 Quae
287 2646 391 2710 quum
412 2623 457 2686 ita
480 2623 563 2704 sint,
590 2623 691 2686 oculis
707 2620 839 2710 quidem
860 2622 983 2710 ultique
1004 2625 1209 2692 obversatum

146 2730 242 2793 fuisse
262 2729 390 2792 Valerio
411 2728 620 2816 Apollonium
645 2728 754 2816 negari
780 2748 846 2790 non
865 2742 971 2814 potest
991 2752 998 2791 ι
1024 2747 1101 2794 sunt
1127 2733 1208 2799 adeo

147 2835 213 2898 loca
234 2833 324 2898 haud
347 2856 465 2922 pauca,
484 2831 655 2920 inquibus
675 2829 715 2894 ad
739 2829 837 2894 rerba
862 2830 952 2894 hunc
976 2832 1029 2895 ille
1051 2854 1208 2923 sequutus

149 2956 214 3022 est;
229 2963 318 3028 quae,
331 2941 388 3003 ubi
405 2939 445 3003 ad
462 2936 688 3002 illustrandum
706 2919 911 3000 obcurihrem
927 2937 1035 3002 locum
1052 2941 1207 3026 facerent,

149 3046 270 3135 ubique
285 3047 352 3110 fere
369 3043 498 3110 adduxi.
513 3043 565 3126 Et,
577 3065 618 3106 ne
628 3042 699 3131 quis
715 3043 817 3106 nimio
828 3065 880 3106 me
892 3043 955 3106 mei
968 3042 1086 3109 Valerii
1099 3069 1208 3113 amore

147 3153 317 3240 abreptum
331 3166 441 3240 putet,
458 3172 526 3213 non
542 3148 584 3213 ad
596 3148 757 3236 Apollonii
774 3163 921 3229 tantum,
943 3148 1000 3214 sed
1016 3151 1140 3242 Virgilii
1156 3154 1208 3218 in·

148 3257 256 3345 primis
274 3255 437 3343 exemplar
455 3254 490 3317 in
510 3253 676 3318 sententiis
693 3251 887 3341 dicendique
906 3255 1055 3318 formulis
1074 3257 1209 3346 singulis

149 3385 214 3427 sese
229 3363 445 3451 comparavit,
463 3383 523 3424 nec
545 3360 681 3424 aliorum
698 3359 905 3440 Graecorum,
926 3361 1061 3424 Homeri
1075 3385 1209 3450 praeser-

148 3471 375 3560 tim,·vestigiis
391 3469 510 3557 sprevit
525 3469 682 3532 insistere.
758 3475 759 3478 ’

189 3578 267 3642 Fuit
279 3577 342 3641 hoc
353 3574 500 3640 imitandi
514 3574 659 3638 studium
674 3572 874 3660 assiduaque
884 3573 1028 3663 priorum
1039 3593 1207 3665 poetarum

147 3668 290 3750 lectionis
313 3682 486 3762 ostentatio
502 3680 654 3744 omnibus
672 3680 756 3743 illius
771 3680 871 3744 aetatis
893 3681 996 3766 poetis
1013 3685 1205 3749 communis.

149 3789 201 3852 Uti
216 3789 304 3857 enim
322 3785 550 3868 Alexandrini,
570 3785 740 3872 inquibus
758 3803 790 3848 et
807 3785 1006 3871 Apollonius,
1019 3787 1209 3853 Ptolemaeo·

149 3917 219 3958 rum
233 3907 353 3959 aetatea
369 3893 568 3981 simplicitate
581 3893 633 3955 illa
646 3891 816 3955 Homerica
833 3889 1043 3954 discesserant
1054 3891 1096 3978 (v.
1105 3894 1209 3983 Heyn.

149 3998 271 4064 Prolus.
293 3999 334 4062 de
349 3998 446 4088 genio
466 3997 572 4062 seculi
590 3996 789 4060 Ptolemaeor.
805 3999 837 4056 in
855 3994 973 4081 Opusc.
986 3997 1083 4062 Acad.
1101 4000 1164 4064 vol.
1177 4003 1210 4081 1,
1319 4047 1325 4058 .

149 4125 179 4190 p.
191 4105 263 4192 76),
277 4105 320 4168 ita
334 4103 439 4168 Latini
452 4103 679 4192 proprietatem
693 4102 869 4182 sermonis,
882 4099 1130 4190 facilitatemque
1142 4105 1211 4168 Vir·

148 4211 295 4297 gilianam
312 4209 514 4290 deserentes,
532 4208 665 4274 mirifice
679 4207 741 4272 sibi
758 4210 966 4296 placuerunt,
982 4208 1007 4271 si
1024 4208 1117 4274 altius
1132 4233 1209 4276 evo·
