3196 5120
380 519 443 581 206
683 519 719 578 C.
744 515 938 578 VALERll
966 515 1137 578 FLACCl

422 645 579 722 Solvitur,
597 659 630 708 et
645 643 736 708 celsis
755 645 917 708 collucent
930 665 1059 732 aequora
1074 641 1220 708 flammis.

419 760 545 825 Scilicet
561 759 630 822 haec
651 759 706 822 illo
722 757 874 838 juvenem
890 759 1094 847 populosque
1112 758 1288 822 manebant

420 876 596 960 Tempore,
610 871 743 936 Peliacis
759 870 888 936 caderet
906 892 1007 957 quum
1022 869 1190 934 montibus
1206 872 1322 952 arbor;

422 992 494 1054 lloc
508 990 743 1074 volucrumque
759 987 872 1068 minae,
889 1009 1093 1076 praesagaque
1113 987 1250 1052 fulmina
1263 989 1365 1078 longo

422 1107 502 1168 Acta
520 1103 600 1166 mari
618 1101 780 1165 tuleiant:
799 1099 855 1163 sed
871 1101 943 1188 quis
958 1122 1025 1164 non
1043 1100 1147 1188 prima
1160 1101 1284 1164 refellat
1402 1120 1439 1159 ³⁵⁵

421 1219 568 1283 Monstra
583 1216 697 1298 deum,
713 1217 894 1305 longosque
909 1215 970 1280 sibi
986 1237 1053 1278 non
1068 1231 1205 1303 auguret
1219 1216 1345 1279 annos?

417 1333 552 1420 lamque
570 1331 695 1394 solutus
710 1329 818 1393 honos
836 1329 956 1409 cineri,
969 1328 1035 1407 jam
1056 1329 1202 1416 passibus
1218 1331 1310 1418 aegris

421 1448 558 1536 Dilapsae
574 1467 649 1508 cum
662 1444 752 1532 prole
769 1465 887 1523 nurus3
902 1442 1099 1530 tandemque
1115 1443 1289 1530 quiescunt

423 1563 562 1626 Dissona
577 1557 721 1647 pervigili
738 1557 871 1645 planctu
881 1557 975 1645 juga,
989 1555 1143 1644 qualiter,
1160 1559 1277 1624 Arctos

421 1676 474 1741 Ad
491 1674 608 1764 patrias
626 1673 738 1736 avibus
756 1670 865 1734 medio
878 1669 944 1749 jam
961 1693 1036 1734 vere
1051 1673 1204 1754 revectis,
1402 1698 1439 1736 te·

422 1789 606 1878 Memphis,
620 1803 651 1851 et
664 1786 763 1876 aprici
775 1787 870 1850 statio
883 1785 954 1849 silet
966 1808 1075 1850 annua
1084 1787 1164 1870 Nili.

463 1906 504 1967 At
520 1925 586 1967 non
603 1901 681 1966 inde
697 1899 782 1981 dieo,
797 1921 903 1988 neque
916 1899 982 1979 jam
998 1901 1099 1990 magis
1118 1923 1229 1990 aspera
1244 1904 1331 1967 curis

410 2137 462 2198 ³59.
477 2132 633 2184 Vacante.
648 2140 673 2179 et
686 2133 774 2178 Boron
790 2130 861 2178 codd.
877 2129 946 2186 Pina,
964 2132 1049 2178 Mater.
1060 2132 1111 2178 Col.
1128 2133 1194 2178 Care.
1209 2133 1241 2179 11.
1261 2137 1337 2196 Vaga.
1351 2135 1436 2181 Boron.

378 2217 399 2264 l.
410 2219 473 2264 lunt.
482 2215 536 2260 ΔΜ.
551 2213 614 2260 Gerr.
627 2213 647 2258 l.
660 2213 729 2272 luga.
740 2213 791 2258 lem
801 2211 890 2257 Bonorn
902 2212 933 2256 ll.
945 2213 1023 2258 Arccr.
1035 2214 1099 2259 lunt.
1114 2212 1164 2259 Col.
1181 2215 1264 2274 Agroi.
1274 2213 1340 2260 cm.
1353 2217 1437 2262 Arctoe.

383 2299 395 2342 J
397 2311 434 2344 em
442 2297 535 2342 Bouto:
541 2293 572 2338 ll.
585 2291 639 2338 Ata.
649 2317 679 2326 -
691 2289 744 2338 ³62.
754 2292 808 2337 lam
817 2289 905 2336 uberta
914 2289 987 2336 Vetic.
996 2290 1049 2336 cod.
1061 2293 1141 2352 Neque
1150 2292 1248 2353 magnis.
1259 2293 1324 2339 Care.
1336 2293 1380 2340 lln.

379 2531 446 2584 gna,
460 2521 560 2576 vectet,
581 2507 671 2572 dona,
690 2517 741 2560 etc.
764 2508 789 2557 in
810 2525 885 2558 caras
930 2524 958 2560 te
970 2505 1100 2579 pertinere
1114 2506 1237 2572 credant,
1248 2520 1277 2561 ut
1288 2507 1323 2562 ad
1332 2520 1431 2562 ostenta

379 2596 515 2652 solvuntur,
536 2599 562 2642 et
575 2590 644 2640 celsis
656 2589 777 2638 collucent
785 2604 886 2653 ‹equora
930 2585 1059 2640 increduli
1079 2588 1148 2652 tint,
1163 2592 1216 2656 quis
1232 2594 1320 2657 longos
1333 2593 1435 2640 sibinen

369 2673 495 2740 flammis,
517 2667 607 2721 omnia
631 2667 805 2719 abeumuntur
826 2664 887 2736 igne
930 2667 1296 2736 auguretannostvcriteimc
1310 2667 1417 2722 dictum.

380 2762 434 2802 tam
451 2749 503 2802 alte
523 2747 550 2800 in
572 2764 633 2799 aera
655 2755 794 2815 turgente,
812 2755 843 2797 ut
861 2755 888 2796 et
969 2746 1264 2816 257.Dilapsoepcssibus
1275 2753 1349 2818 eugris
1362 2753 1437 2819 (mre-

383 2829 489 2899 campi,
504 2837 529 2880 et
545 2843 617 2878 mare
627 2825 733 2896 iprum,
744 2824 822 2894 longe
833 2823 886 2876 ful·
932 2825 1001 2880 stitit
1012 2826 1096 2879 lentot
1107 2827 1170 2880 facit
1182 2831 1301 2898 greum)
1312 2847 1366 2879 cam
1372 2833 1439 2897 prole

379 2905 611 2980 geant.Vid.Virg.
619 2905 718 2971 AEn.V,
730 2912 756 2970 4.
766 2905 816 2956 ΕΙ).
838 2939 841 2948 ι
932 2923 1024 2966 nume,
1035 2922 1130 2958 uxores
1144 2916 1171 2958 et
1180 2907 1255 2958 liberi
1265 2921 1274 2970 ς
1293 2911 1439 2975 tandemque

417 2985 595 3042 stnscssicet
610 2983 666 3037 ltoec
684 2983 889 3036 metantium
932 2988 1059 3052 quiescunt
1084 2989 1184 3037 dissona
1207 2989 1320 3057 pervigili
1338 2991 1439 3054 planen

379 3067 508 3122 destinata
521 3063 610 3117 Jacoui
628 3062 765 3135 aociirque.
927 3067 1004 3133 juga,
1016 3063 1094 3116 tilent
1103 3083 1148 3135 per
1158 3077 1258 3118 montet
1271 3063 1384 3118 ἀίειοιιω
1395 3083 1440 3136 per

414 3151 571 3197 —Juvcnern
587 3146 751 3211 populosque,
770 3141 788 3193 i.
811 3159 834 3194 e.
855 3152 887 3195 ut
930 3143 1011 3197 totam
1029 3155 1133 3197 noctem
1154 3143 1248 3198 auditae
1267 3161 1356 3198 voces.
1380 3145 1439 3196 Nou

381 3225 457 3278 nobie
469 3223 591 3285 videtur,
603 3220 728 3293 Cynicum
740 3231 765 3272 et
780 3218 889 3291 Cyzice·
931 3241 1004 3276 tecua
1012 3241 1042 3276 ac
1052 3241 1105 3276 ore
1114 3225 1236 3298 AEgypfi,
1249 3225 1282 3276 eb
1291 3223 1385 3276 tribua
1394 3241 1439 3293 pe·

380 3323 430 3358 not
441 3302 508 3370 ‚hoc
518 3299 607 3374 prelio
616 3299 804 3370 interemptost
816 3297 888 3352 huuc
931 3302 1022 3367 mem,
1035 3321 1096 3356 vere
1115 3304 1240 3366 ineunte,
1259 3302 1436 3374 repetentibus

381 3384 454 3436 enim
466 3397 569 3433 censum
583 3378 716 3450 postulant
724 3377 780 3429 hec
788 3377 887 3432 verba:
931 3381 1043 3445 relicte,
1056 3381 1178 3454 quoditie
1188 3383 1311 3436 effertur:
1323 3385 1435 3450 qualiter,

384 3465 430 3515 sed
442 3463 495 3529 quis
509 3463 594 3527 longos
606 3459 652 3509 sibi
665 3475 716 3508 nort
728 3470 830 3524 areguret
841 3477 889 3508 cn·
932 3466 1019 3513 Arctos
1029 3465 1179 3530 adpauics,
1198 3461 1231 3514 ad
1244 3459 1439 3533 teptemtrioua·

381 3549 444 3592 noe?
457 3540 510 3592 En.
530 3567 566 3578 -
588 3537 690 3588 Peliacis
704 3539 889 3604 caderetquum
932 3538 983 3592 lem
997 3539 1119 3613 plagam,
1137 3543 1343 3600 metatoribus,
1363 3544 1439 3589 liem-

380 3621 496 3670 morttibur
507 3618 596 3676 atior,
607 3631 701 3686 exque
715 3612 887 3685 expeditionis
927 3623 993 3688 plis,
1004 3622 1131 3692 AEgyptue
1138 3620 1258 3684 omnino,
1268 3633 1293 3670 et
1301 3621 1386 3688 aprici,
1397 3635 1440 3669 ra·

380 3697 493 3749 nautica
523 3692 661 3748 emrtilium
686 3705 809 3765 ceperant
838 3696 888 3746 Ar·
931 3696 1047 3764 Relictis,
1066 3703 1137 3750 static
1156 3703 1211 3750 silet
1227 3717 1313 3749 annua
1325 3701 1391 3760 Nili,
1404 3694 1438 3749 ed

380 3785 516 3848 pontum
536 3778 581 3825 ltoc
598 3777 724 3826 volrtcmm
741 3777 830 3836 runc,
841 3793 888 3827 au·
931 3795 1010 3849 quem
1019 3777 1314 3849 quotannitmitiutper
1326 3775 1439 3828 hiemem

380 3854 885 3926 gummistnfflnmtaaqvepmsaga,
931 3856 1024 3910 celum
1058 3869 1179 3928 querunt
1204 3875 1267 3912 avet
1292 3855 1436 3910 nonnulle.

381 3932 511 3986 melorum
529 3931 699 4004 prenuntia,
722 3931 887 4003 significave-
930 3937 1014 3989 Totae
1034 3935 1108 3989 locut
1130 3935 1300 3989 adumbratur
1327 3953 1359 3988 ex
1377 3932 1438 3986 vn»

380 4022 450 4066 rant.
470 4015 520 4063 Sed
538 4015 592 4079 quis
614 4030 662 4062 non
687 4015 770 4080 prirnc
792 4014 889 4081 refellat
931 4015 1010 4087 gilio,
1025 4017 1086 4068 AEn.
1102 4015 1146 4079 X,
1161 4015 1261 4084 eotsq.

381 4105 489 4144 monstra
501 4095 591 4142 dmm?
603 4109 632 4143 ee
650 4089 822 4144 nimirumeet
840 4111 888 4146 na·
967 4095 1027 4146 362.
1039 4095 1129 4146 Atnec
1138 4097 1191 4145 dier
1197 4111 1266 4154 ‚nec
1275 4090 1345 4144 diem
1354 4090 1441 4162 proxi·

381 4185 440 4225 tura
453 4209 460 4234 ,
472 4169 551 4242 idque
567 4170 702 4240 ingenium
720 4171 883 4236 mortalium,
930 4190 973 4224 me
982 4171 1113 4244 excipient
1124 4193 1177 4224 noc
1186 4191 1274 4240 aspero
1288 4174 1366 4232 croit,
1382 4187 1440 4241 que

382 4263 411 4304 ut
425 4251 512 4305 omine
531 4248 610 4302 ediis
631 4249 744 4303 immitte
764 4249 830 4302 nihil
851 4251 886 4304 ad
930 4268 1034 4322 asperet
1043 4269 1132 4305 tecum
1142 4251 1220 4306 affert
1230 4269 1326 4314 cums,
1339 4253 1440 4313 ttuyas
