3226 5114
408 554 797 620 Aneouaurtoou
824 558 908 621 un.
932 555 993 620 lv.
1169 551 1230 638 293

209 689 251 751 Et
266 701 356 774 pater
369 685 438 775 ipse
453 689 551 764 maris
564 687 695 775 pavidas
711 687 882 775 detorquet
900 686 1051 750 habenas.

210 801 244 864 si
262 822 326 886 qua
342 799 448 864 brevis
462 795 716 890 scopulis'fuerit
733 823 841 880 mora,
861 801 887 864 si
906 801 1006 864 semel
1023 797 1104 863 orsis

211 913 281 975 Ulla
298 913 407 1000 quies,
425 913 502 1003 fuga
519 930 598 978 tune
611 913 719 979 medio
734 913 937 1003 properanda
953 935 1096 978 recursu.

211 1027 273 1090 Vix
289 1041 442 1114 repetunt
456 1028 568 1117 primae
587 1029 710 1108 celeres,
724 1027 863 1092 confinia
876 1044 987 1109 terrae,
1076 1041 1082 1050 '

210 1143 345 1229 Jamque
358 1141 420 1206 alio
436 1141 575 1207 clamore
593 1157 713 1224 ruunt,
730 1143 901 1230 omnisque
920 1157 1048 1206 tenetur
1192 1157 1229 1210 ⁵⁷³

211 1256 352 1336 Pontus,
369 1271 402 1320 et
419 1237 543 1321 infestis
558 1279 675 1344 anceps
693 1279 768 1320 eum
787 1256 955 1336 montibus
973 1272 1067 1320 errat.

210 1371 332 1435 Verum
350 1373 460 1436 animo
476 1372 560 1436 redit
575 1373 628 1448 illa
644 1395 717 1447 tneo
734 1394 803 1436 sors
820 1372 950 1462 cognita
966 1371 1078 1436 dirum

210 1486 333 1574 (Fabor
348 1487 457 1568 enirn,
475 1510 535 1552 nec
551 1511 608 1576 spe
626 1487 745 1564 dubios
763 1487 893 1552 solabor
910 1486 1043 1573 inani):

212 1603 325 1685 Quum
343 1603 424 1667 mibi
439 1605 604 1680 Tartareas
620 1625 704 1667 saero
723 1604 873 1691 clangore
891 1604 1038 1669 volucres

211 1719 350 1783 Protulit
362 1720 410 1782 ira
426 1721 442 1783 J
445 1719 532 1800 oris,
547 1742 611 1784 vox
625 1719 694 1783 haeo
710 1703 810 1783 simul
822 1718 938 1784 accidit
956 1741 1070 1817 aurest
1195 1733 1232 1772 ⁵⁸⁰

212 1832 282 1896 «Ne
296 1855 393 1896 ranas
410 1832 561 1921 impende
576 1854 706 1920 preces,
722 1832 885 1920 finemque
905 1833 1064 1896 malorum

211 1947 352 2034 Expete,
371 1947 569 2035 Agenoride;
584 1947 731 2020 Pontum¹
742 1947 958 2036 penetraverit
975 1946 1040 2010 ulla

211 2061 324 2143 Quum
340 2062 432 2144 ratis,
450 2076 482 2125 et
498 2061 601 2151 rapidi
620 2064 767 2142 steterint
784 2064 824 2130 in
838 2064 965 2152 gurgite
983 2078 1128 2145 montes,

212 2176 306 2240 Tunc
321 2198 449 2264 sperare
466 2177 602 2242 modum
618 2199 720 2264 poenae
737 2178 932 2266 veniamque
947 2176 1088 2241 licebit».

212 2291 264 2354 Sic
280 2290 369 2355 deus.
386 2293 453 2355 Aut
465 2291 558 2354 vobis
575 2313 654 2378 ergo
672 2291 739 2372 fera
757 2313 830 2355 saxa
845 2306 1029 2378 patescunt,
1196 2303 1233 2343 ⁵⁸⁵

213 2408 278 2470 Aut
290 2427 361 2469 mea
372 2403 436 2484 jam
453 2428 542 2470 saevae
554 2404 693 2470 redeunt
710 2403 755 2468 ad
768 2406 885 2492 pabula
901 2405 996 2468 Dirae.

201 2611 230 2657 V.
243 2609 295 2668 57²·
311 2610 383 2656 Fr'eret
395 2608 549 2656 mora.vnio.
564 2612 654 2657 Bonon.
668 2610 740 2656 Coeli
756 2619 780 2655 et
790 2613 868 2656 Burin.
886 2611 956 2657 codd.
971 2612 1083 2657 Bononl
1100 2621 1124 2656 et
1137 2612 1167 2656 ll.
1178 2612 1233 2658 Fiet.

168 2691 234 2757 lunt.
244 2689 329 2734 unse.
338 2686 390 2733 ntd.
402 2687 501 2748 lingent.
510 2713 541 2723 —
549 2687 602 2748 573.
614 2688 718 2733 Per-anda
731 2703 775 2749 pro
782 2689 937 2751 properanda.
947 2688 1023 2735 vatic.
1037 2689 1091 2735 cod.
1103 2688 1234 2735 Patranda.

170 2768 236 2813 Cirr.
248 2766 301 2812 eod.
312 2767 407 2826 -575.
418 2767 495 2832 lluont
502 2782 546 2827 pro
555 2777 636 2820 ruunt,
648 2781 696 2813 non
707 2777 778 2829 ruent.
787 2768 862 2813 Varie.
874 2767 927 2815 eorl.
936 2767 984 2812 vid.
994 2769 1072 2813 Burin.
1081 2777 1129 2813 not.
1138 2795 1169 2803 -
1180 2767 1233 2814 580.

170 2845 266 2891 nuidis
281 2861 353 2890 aures.
366 2843 441 2892 vatic.
461 2852 485 2890 et
499 2845 589 2890 bonon.
604 2844 675 2892 codd.
693 2847 783 2891 Bonon.
799 2847 818 2890 1.
834 2847 899 2890 Junt.
918 2844 971 2890 alu.
988 2845 1080 2891 Incidit.
1095 2847 1187 2894 Bonon.
1201 2846 1232 2890 ΙΙ.

171 2927 256 2972 Muer.
269 2925 354 2970 Exeiit.
363 2925 462 2985 Bngent.
470 2923 568 2985 jubente
576 2924 632 2980 Pio,
645 2925 709 2971 em.
719 2924 772 2970 eod.
781 2950 812 2959 —
823 2925 877 2971 583.
888 2925 920 2969 Et
934 2923 1014 2969 rabidi.
1023 2924 1096 2970 Vatie.
1105 2924 1158 2971 eod.
1170 2927 1233 2970 Junt.

172 3013 195 3049 et
205 3019 271 3066 seqq.
281 3019 355 3066 usque
367 3003 396 3050 ad
408 3005 472 3050 Gerr.
490 3029 521 3038 -
539 3004 592 3051 585.
610 3007 667 3052 nera
681 3020 727 3066 per
742 3019 808 3050 saxa.
817 3002 892 3051 Vetie.
904 3003 957 3053 eod.
969 3004 1012 3050 llo.

172 3189 252 3242 maris
265 3191 369 3254 locum,
386 3191 499 3251 tenditis,
517 3193 583 3242 unde
595 3193 683 3258 procul
721 3191 808 3258 prima
823 3203 893 3240 terroe
913 3191 1037 3260 confinia,
1061 3188 1096 3242 ad
1117 3189 1236 3259 proxima

172 3272 241 3320 uenti
262 3283 286 3320 et
299 3273 427 3330 volueres,
448 3268 504 3331 illi,
527 3288 561 3321 ne
579 3269 618 3322 vis
633 3287 681 3322 sua
724 3281 799 3322 tet‘rae
813 3268 969 3322 continentis
978 3267 1235 3337 litoraseserecepe·

172 3347 320 3419 frangatur,
335 3347 391 3411 bre,
408 3366 442 3399 ne
459 3347 635 3411 collidantur,
650 3347 682 3401 ti·
725 3359 801 3412 runt,
809 3351 914 3418 jurique
925 3351 976 3400 aiio
986 3351 1107 3409 clamore,
1119 3365 1236 3400 novoso-

173 3439 290 3491 mentes;
308 3431 374 3478 unde
381 3441 455 3494 pater
465 3430 516 3497 ipse
527 3431 620 3488 maris,
631 3428 682 3480 Ne·
725 3429 782 3480 nitu
795 3467 802 3491 ,
814 3442 897 3488 ruunt,
916 3429 1042 3494 omnisque
1057 3441 1162 3488 tenetur,
1181 3426 1236 3478 vim

173 3517 286 3578 ptunus,
294 3509 401 3574 pavidas
415 3509 540 3574 detorquet
558 3509 679 3566 habenas,
725 3507 802 3560 sentit
813 3522 930 3574 ,pennen
942 3520 966 3558 et
974 3526 1081 3574 anceps,
1096 3505 1236 3570 fluctuans,

173 3606 254 3640 curru
266 3585 393 3646 declinat,
403 3584 681 3658 nepropiuaaccedat.
725 3573 790 3638 e'rrat
806 3607 859 3638 eum
876 3587 970 3654 infestis
982 3587 1098 3637 montibus
1116 3584 1236 3658 Symple-

174 3667 215 3726 Sic
224 3667 355 3738 eleganter
361 3665 433 3716 auxit
442 3665 588 3736 pericnlum
597 3676 683 3735 poeta,
726 3666 823 3737 gadum
833 3665 982 3718 seinvicem
994 3683 1096 3738 semper
1109 3664 1237 3718 intestan-

174 3741 680 3818 quodnedeusquidemaudeatsubirel
726 3746 801 3797 tium.
814 3743 878 3797 Vid.
901 3744 969 3797 inira
989 3744 1050 3812 659.
1074 3742 1189 3796 -Vide
1208 3743 1238 3796 P.

211 3827 270 3896 572.
290 3828 318 3876 Si
335 3844 386 3892 qua
405 3826 479 3875 brevis
493 3825 596 3890 scopulis
604 3825 686 3890 fiterit
726 3823 844 3896 Gyllium
858 3821 892 3875 de
905 3823 1021 3893 Bosporo
1031 3821 1168 3876 Thracica.
1187 3823 1238 3876 En.

176 3925 256 3965 mora,
268 3905 290 3958 si
305 3902 444 3976 paululum
455 3901 590 3973 quiescant
601 3903 684 3970 ,suga
764 3901 824 3973 577.
836 3909 922 3964 Verum
931 3905 1013 3952 animo
1022 3905 1097 3962 redit,
1107 3902 1134 3954 in
1143 3919 1239 3955 memo·

176 3999 233 4036 tune
245 3987 324 4036 medio
332 3986 491 4053 properanda
503 4001 612 4042 recursu,
627 3993 684 4034 tum
727 3982 794 4035 riam
807 4000 903 4035 revoco
914 4020 922 4046 ,
936 3995 1022 4032 sortem
1035 3984 1127 4042 divmn,
1143 3999 1238 4033 oracu-

176 4062 222 4114 illo
234 4063 357 4134 temporis
367 4062 520 4115 brevissimo
530 4071 664 4114 momento
676 4099 684 4123 ,
728 4061 783 4113 lum
793 4099 801 4123 ,
811 4061 921 4114 effetum
935 4058 1054 4112 deorum.

178 4141 223 4193 ubi
229 4153 483 4196 cautesrecesserunt
493 4179 500 4206 ,
510 4159 621 4212 propere
630 4154 686 4194 uta·
753 4141 826 4198 Ι583.
837 4143 926 4207 Rapidi
932 4157 1004 4206 quum
1014 4142 1135 4200 steterint,
1147 4140 1241 4192 consti·

179 4220 244 4274 mini
257 4220 291 4274 ad
300 4220 499 4276 transeundum.
731 4219 824 4283 terint,
840 4237 894 4270 non
905 4217 1017 4289 amplius
1032 4218 1139 4270 mobiles
1150 4216 1241 4290 vagari

216 4301 275 4371 574.
291 4304 341 4353 Vix
353 4317 460 4371 repetant
473 4306 562 4355 celeres
574 4304 687 4374 Cyaneae
732 4299 866 4364 desierint,
877 4313 977 4354 nones.
