3122 5126
471 413 712 484 AUCTORE
737 415 835 526 PlO.
1149 443 1198 486 xv

117 536 358 620 Macedonico,
376 561 454 604 cum
473 563 535 605 suo
554 543 701 630 reptitio,
718 565 870 632 novoque
890 546 957 608 cive
975 547 1097 635 Catone
1116 549 1199 612 circa

119 643 370 728 Mediolanum,
385 669 462 711 curn
476 647 574 712 Gallis
588 650 779 715 Insubribus
792 666 824 714 et
840 651 945 731 boiis,
962 652 1085 716 collatis
1098 645 1197 744 signis

122 749 308 830 dimimrit,
333 752 370 815 in
386 773 456 840 quo
473 753 559 818 bello
580 753 692 819 decem
710 755 853 819 hostiurn
877 755 975 820 millia
998 757 1197 824 ceciderunt.

125 855 331 944 Quumque,
352 873 392 920 ut
408 859 514 922 refert·
524 856 609 922 idem
623 860 748 937 Livius,
769 860 820 924 lex
835 860 939 949 Oppia
954 859 996 925 de
1014 862 1201 952 abrogando
1243 937 1245 945 ,

126 961 254 1026 mundo
278 963 433 1028 muliebri
448 965 668 1048 ventilamur,
683 981 798 1030 contra
816 966 972 1056 collegam
989 989 1085 1032 suum
1104 971 1201 1034 Cato·

125 1089 204 1130 nem
218 1067 353 1132 Flaccus
371 1069 515 1134 obtinuit
529 1068 667 1156 (frustra
689 1071 850 1136 retinente
868 1072 1012 1155 Catone,
1029 1089 1063 1136 et
1081 1075 1200 1161 probra

125 1175 157 1236 in
172 1175 367 1257 mulierem,
384 1191 422 1240 ut
437 1177 554 1240 animal
569 1176 787 1260 indomitum,
802 1177 958 1266 jaciente)
978 1200 1019 1242 ne
1036 1175 1117 1267 quid
1133 1199 1200 1247 ma·
1217 1221 1219 1225 ·

124 1280 232 1343 tronis
253 1281 378 1346 fraudis
400 1297 434 1345 et
453 1281 640 1370 ignominias
656 1297 862 1348 statueretur.
889 1283 958 1348 Sub
977 1284 1097 1348 Levino
1114 1285 1200 1348 mili-

124 1386 206 1449 tarit
222 1386 381 1452 adversus
408 1387 612 1452 Annibalem.
636 1389 769 1453 Frustra
788 1409 932 1471 conarer,
954 1405 988 1454 et
1009 1411 1106 1478 supra
1130 1411 1198 1454 rem

124 1491 291 1569 facerem,
315 1495 342 1556 si
363 1493 553 1558 Flaccorum
572 1494 774 1559 Valeriorum
790 1495 1008 1583 percelebrem
1025 1496 1199 1576 familiam,

122 1619 219 1661 casso
243 1615 344 1686 atque
366 1601 455 1664 inani
477 1600 605 1682 labore,
620 1600 798 1689 posteritati
822 1601 1094 1666 commendarem.
1116 1603 1198 1668 Satis

122 1719 258 1769 constat
277 1727 375 1787 eum,
394 1706 451 1793 qni
471 1706 595 1793 primus
611 1708 743 1772 Flaccus
760 1705 801 1771 sit
816 1705 939 1788 dictus,
963 1706 1119 1790 flaccidis,
1134 1709 1198 1773 hoc

125 1827 198 1892 est,
212 1811 373 1902 languidis
396 1835 433 1876 ac
447 1809 706 1900 dependentibus
721 1812 821 1876 fuisse
841 1813 973 1877 auribus
990 1837 997 1877 :
1017 1815 1127 1879 multis
1150 1831 1198 1879 et·

125 1917 218 1980 enim
245 1918 392 2008 corporis
423 1915 500 1997 vitia
522 1914 668 1982 indidere
690 1939 894 2005 cognomen,
919 1935 956 1984 ut
980 1919 1196 2000 Scaurorum,

126 2021 321 2102 Vaciarum,
335 2023 540 2104 Labeonum,
557 2038 590 2086 et
606 2021 639 2085 id
658 2044 761 2112 genus
777 2041 937 2088 sexcenta.
959 2024 1101 2088 Praetura
1117 2048 1194 2114 ergo

125 2126 366 2215 perhonorifice
382 2127 557 2192 defunctus
576 2143 639 2207 est,
656 2127 690 2190 in
708 2149 771 2214 qua
778 2174 789 2207 ,
805 2130 855 2191 vel
876 2129 990 2193 caelesti
1005 2132 1130 2212 l'avore,
1147 2131 1197 2193 vel

126 2231 288 2297 industria
299 2234 470 2322 peculiari,
479 2253 643 2296 annonam
655 2232 789 2296 uberem
802 2250 951 2322 expertus
964 2251 1029 2318 est;
1041 2235 1131 2323 quod
1140 2257 1199 2298 nu·

126 2339 245 2402 misma
255 2339 404 2427 superius
415 2337 606 2402 advocatum
620 2353 770 2419 testatur,
781 2339 814 2401 in
830 2361 896 2426 quo
908 2361 948 2404 cx
959 2339 1093 2404 adverso
1106 2343 1197 2404 Cere·

127 2447 170 2509 ris
181 2445 294 2534 imago
306 2445 420 2509 visitur
432 2445 537 2533 capite
552 2460 727 2527 coronato,
742 2446 775 2508 in
792 2445 884 2524 cujus
900 2444 1011 2510 dextra
1023 2446 1108 2535 spica
1120 2469 1198 2533 praa·

127 2576 231 2643 gnans
243 2555 409 2642 aspicitur,
421 2576 493 2640 qnae
504 2553 640 2617 latitatis
651 2555 837 2618 annonariae
849 2553 1006 2620 indicium
1020 2577 1089 2619 csse
1103 2555 1194 2618 solet.

127 2661 358 2725 Decemvirum
381 2660 573 2748 Sibyllinum
593 2677 668 2724 sunt
690 2661 747 2747 qui
770 2659 907 2725 credunt
930 2659 1029 2726 fuisse
1052 2663 1088 2724 C.
1112 2662 1196 2724 Flac-

126 2789 222 2848 cum3
237 2767 356 2855 bisque
366 2767 528 2832 versiculis
540 2767 782 2830 testatissimum
793 2767 926 2847 volunt,
938 2767 995 2854 qni
1008 2767 1104 2854 positi
1119 2782 1195 2830 sunt

129 2872 217 2961 apud
234 2872 388 2937 eumdem
407 2872 490 2936 libro
508 2875 630 2961 primo,
647 2895 693 2938 vs.
709 2870 746 2952 5,
764 2872 798 2934 in
816 2872 884 2952 haec
901 2871 996 2936 verba
1013 2895 1020 2934 :

270 3051 369 3103 Pboebe
377 3091 385 3115 ,
394 3067 488 3114 mone,
497 3050 519 3101 si
529 3049 641 3121 Cymnae
653 3047 718 3100 mibi
732 3047 836 3100 conscia
847 3047 914 3098 vatis

269 3140 327 3196 Stat
340 3152 412 3192 casta
427 3139 525 3192 cortina
540 3138 619 3191 domo
632 3176 639 3201 ,
656 3138 677 3191 si
690 3137 780 3190 laurea
793 3136 872 3208 digna

270 3229 370 3280 Fronte
382 3227 458 3281 viret.

170 3395 263 3478 Quid
283 3417 362 3458 vero
379 3417 476 3482 super
488 3393 548 3457 hac
563 3417 598 3458 rc
612 3395 803 3475 sentiamus,
822 3395 856 3456 in
876 3392 1116 3456 commentariis
1135 3413 1194 3455 no·

126 3504 199 3566 stris
219 3501 447 3590 expressimus.
463 3501 538 3564 Non
550 3501 651 3564 valuit
667 3501 815 3581 Flaccus,
832 3513 1026 3563 novercante
1042 3497 1194 3577 fortuna,

126 3609 191 3672 fato
209 3621 323 3697 raptus
340 3605 476 3686 acerbo,
495 3621 528 3668 et
542 3605 592 3670 dis
608 3605 821 3693 iniquissimis
837 3622 1006 3693 exemptus
1022 3604 1194 3682 humanis,

125 3713 212 3803 operi
239 3727 350 3801 coepto
373 3733 560 3799 supremam
584 3733 716 3776 manum
742 3712 931 3799 imponere,
961 3733 1021 3774 nec
1045 3725 1195 3773 octavum

122 3842 258 3910 quoque
288 3815 448 3908 perficere
478 3818 594 3906 potuit.
625 3818 725 3898 Cujus
754 3831 890 3880 conatus
918 3814 1062 3905 egregios
1089 3815 1194 3878 mirati

120 3928 230 4011 simul,
249 3941 286 3990 et
303 3923 449 3988 miserati
462 3923 670 4010 Latinos,qui
686 3923 811 3986 fontem
819 3922 946 3985 Latium
956 3969 965 4002 ,
977 3919 1066 3984 unde
1080 3942 1195 4007 aquarn

115 4034 151 4100 ad
175 4034 245 4098 hos
267 4045 373 4119 potus
393 4028 561 4108 hauriant,
582 4049 650 4090 non
670 4025 808 4107 habent,
832 4028 865 4090 in
884 4026 1049 4113 publicam
1069 4022 1196 4089 studio·

9 4168 13 4227 J
110 4164 224 4210 sorum
246 4137 430 4204 utilitatem
447 4157 484 4199 cx
500 4134 672 4222 Apollonio
685 4132 832 4214 Rhodio,
853 4131 1012 4220 integram
1029 4131 1195 4194 historiam
