3196 5120
358 526 417 589 156
659 525 696 588 C.
721 525 915 588 VALERll
944 525 1115 590 FLACCI

397 653 545 740 Namque
561 653 610 718 bis
629 654 796 720 Herculeis
811 653 922 718 deberi
939 655 1095 744 Pergama
1111 655 1180 718 telis

396 767 560 833 Audierat.
571 767 691 854 Priami
705 766 761 832 sed
775 769 847 856 quis
858 769 924 849 jam
937 784 1062 832 vertere
1078 769 1169 857 regni

398 886 474 948 Fata
485 900 582 970 queat
594 882 608 948 P
621 900 729 948 manet
742 884 885 948 immotis
901 906 967 947 nox
978 883 1095 948 Dorica
1108 884 1235 965 lustris,

398 997 439 1062 Et
455 1020 557 1087 genus
569 997 771 1079 AEneadum,
786 1013 819 1061 et
830 997 935 1078 Trojae
949 998 1090 1062 melioris
1102 997 1255 1063 honores.

398 1113 508 1195 ·N0s‚
524 1113 586 1194 ait,
601 1113 643 1177 ad
656 1113 1038 1201 Scythici,'l'i1ynthius,
1053 1114 1134 1178 ostia
1144 1116 1237 1203 ponti
1381 1137 1418 1186 ⁵7⁵

395 1230 514 1316 Raptat
524 1229 603 1309 iter3
621 1249 698 1291 mox
712 1227 779 1292 huc
789 1243 908 1292 vestras
922 1227 1114 1292 revehemur
1126 1228 1167 1292 ad
1180 1251 1269 1312 oras,

396 1344 556 1430 Donaque
570 1341 653 1406 dicta
667 1343 767 1408 feram
782 1372 805 1406 n.
825 1343 910 1406 Tum
927 1365 1004 1406 vero
1017 1343 1110 1432 plura
1125 1344 1244 1408 vocatis

395 1457 522 1522 Annuit
533 1459 586 1522 ille
599 1457 687 1539 deis;
709 1459 866 1546 promissa
884 1456 985 1522 infida
1003 1459 1132 1546 tyranni

396 1577 465 1638 lam
477 1573 639 1664 Phryges,
663 1589 695 1638 et
708 1569 833 1638 miseras
850 1573 971 1639 llebant
985 1573 1171 1639 discrimina
1180 1575 1294 1656 Trojae.

440 1688 599 1753 Panditur
611 1688 688 1752 hinc
705 1688 781 1753 totis
795 1689 829 1751 in
842 1705 974 1753 noctem
988 1689 1140 1755 carbasus
1151 1691 1225 1771 alis,
1379 1713 1417 1751 aa

392 1804 565 1890 Litoraque
577 1819 610 1868 et
621 1805 738 1868 veteris
752 1805 898 1868 tumulos
914 1804 1102 1892 proelabitur
1115 1805 1174 1886 lli,

391 1917 657 2006 Dardaniumque
670 1935 793 2006 patrem
805 1943 814 2000 3
832 1906 921 2008 vigili
933 1919 1030 1983 simul
1044 1921 1154 1986 omnia
1172 1920 1251 1985 ludo

392 2035 484 2098 Festa
495 2032 624 2116 vident;
637 2033 716 2097 hinc
729 2033 833 2116 unda,
850 2035 947 2098 saeris
958 2035 1036 2100 hinc
1045 2035 1177 2126 ignibus
1188 2035 1246 2100 lde

394 2149 523 2230 vibrat,
542 2164 575 2214 et
590 2148 770 2213 horrisonae
786 2149 989 2237 respondent
1005 2150 1145 2239 Gargara
1162 2151 1261 2215 buxo.

381 2348 434 2407 573.
447 2350 534 2394 Turica.
548 2349 600 2393 vat.
616 2347 669 2393 cod.
688 2363 733 2410 pro
746 2349 831 2394 Dorica
845 2349 952 2394 soleunes
964 2363 1055 2394 errares
1066 2347 1194 2411 prasertim
1211 2349 1236 2394 in
1249 2349 1293 2394 hoe
1304 2349 1384 2394 codice
1393 2359 1416 2395 et
1457 2413 1458 2416 Ἴ

348 2436 411 2473 certe
425 2428 511 2474 Dorica
523 2427 611 2473 habeut
620 2428 709 2472 bonon.
722 2427 776 2473 cod.
786 2428 874 2474 bonon.
887 2428 905 2472 l.
921 2428 982 2474 male
998 2429 1090 2474 Duriae.
1105 2430 1195 2474 Boron.
1209 2429 1242 2474 11.
1254 2429 1339 2475 Duria.
1351 2431 1414 2474 lunt.

348 2506 401 2551 nid.
411 2506 549 2552 Politianum
560 2515 670 2568 sequuta.
690 2531 719 2542 -
738 2505 790 2566 578.
805 2507 870 2552 Dies.
877 2506 952 2553 Vatia.
963 2508 1052 2554 Boron.
1063 2509 1127 2554 Cart.
1139 2506 1210 2570 codd.
1221 2507 1312 2554 solenni
1322 2523 1415 2571 permu-

347 2585 442 2632 tatioue.
457 2585 501 2631 En.

348 2780 431 2834 erepta
455 2769 508 2817 luat
532 2785 649 2834 respousa
670 2769 805 2834 pharetra,
828 2777 858 2816 ut
901 2763 1038 2835 gloriosior
1059 2765 1141 2836 Troja
1159 2762 1262 2818 exsistet
1278 2781 1310 2816 ex
1330 2765 1413 2816 AEnea

347 2843 472 2898 dominus
490 2843 644 2916 sagittarum
663 2843 739 2897 irrita
761 2845 858 2898 faceret
901 2843 1010 2916 ejusque
1032 2844 1189 2914 nepotibus,
1207 2845 1298 2894 lloma.

347 2923 449 2976 oraculi
461 2923 558 2987 effatu
572 2943 679 2992 namque
689 2924 724 2976 bis
734 2926 857 2976 Herculeis
937 2922 998 2992 575.
1014 2921 1141 2975 Hercules
1160 2941 1188 2975 se
1212 2921 1349 2992 sociosque
1369 2940 1412 2973 ex-

346 3007 428 3056 deberi
444 3011 566 3074 Pergama
587 3008 640 3056 telis
658 3003 856 3070 predixeraut3
900 2999 1169 3073 cusat,quodepulis
1186 2999 1343 3053 adessenon
1354 3018 1413 3070 pos-

346 3096 372 3135 et
381 3083 495 3151 primum
503 3082 609 3154 quidem
619 3083 720 3152 abipso
731 3083 856 3146 Hercule,
901 3081 970 3146 sint,
983 3084 1019 3131 ad
1030 3083 1094 3131 ostia
1108 3082 1180 3150 ponti
1198 3081 1304 3145 Scythici
1320 3097 1413 3150 prope·

346 3161 486 3234 perfidiam
497 3159 683 3214 Laomedontis
696 3160 854 3223 ulciscente,
900 3173 988 3214 rantes
1000 3178 1008 3224 3
1022 3160 1050 3212 in
1067 3157 1153 3212 reditu
1171 3169 1301 3210 tamense
1316 3155 1411 3209 iterum

345 3239 675 3312 quotemporellesioncm
688 3251 793 3309 captam
802 3239 854 3290 Te·
900 3238 1091 3311 appulsurum,
1112 3251 1138 3290 et
1150 3257 1224 3305 equos
1241 3234 1347 3287 donaba
1368 3255 1411 3287 ac-

346 3318 445 3371 lamoni
471 3337 580 3370 uxorem
604 3316 690 3381 dedit,
717 3317 812 3372 deinde
840 3337 854 3370 a
900 3330 1038 3390 capturum
1051 3316 1187 3389 promittit.
1200 3321 1258 3372 Taua
1267 3319 1411 3382 complura

344 3395 855 3469 GraecispostHelenamraptam,quod
899 3401 996 3450 wratis
1009 3400 1096 3450 annuit
1113 3399 1155 3448 ille
1171 3399 1242 3458 deis,
1257 3391 1409 3446 Laomedon

343 3487 434 3528 tamen
458 3494 512 3527 non
534 3474 585 3527 nisi
603 3475 687 3527 accito
711 3474 855 3528 Philoctete
899 3495 1010 3548 nempe,
1034 3495 1089 3528 nou
1113 3494 1194 3547 equos
1222 3485 1340 3537 tantum,
1363 3471 1410 3524 sed

345 3554 402 3607 lieri
411 3554 514 3624 potuit,
529 3555 572 3607 cui
584 3554 710 3606 Hercules
721 3555 856 3608 moribun·
900 3557 977 3628 plura
999 3553 1076 3607 etiam
1099 3552 1224 3606 daturum
1245 3551 1309 3605 deos
1326 3552 1410 3603 obste-

345 3633 396 3686 dus
409 3633 514 3706 sagittas
527 3631 681 3688 tradiderat.
901 3645 972 3688 stam
982 3631 1120 3706 pollicetn'r
1131 3630 1192 3695 ;sed
1202 3632 1335 3704 Phryges,
1348 3649 1410 3702 per·

383 3715 444 3782 57²·
464 3715 565 3773 Priami,
587 3711 773 3766 Laomedontis
792 3711 852 3773 filii,
899 3711 990 3766 fidiam
999 3711 1066 3784 regis
1078 3731 1132 3764 non
1140 3712 1290 3783 ignorantes
1303 3753 1311 3777 ,
1325 3730 1407 3782 quan·

349 3796 395 3844 sed
405 3792 520 3860 quiajam
530 3806 640 3852 vertere,
653 3800 784 3857 avertere,
791 3793 854 3861 sata
899 3802 952 3846 tam
968 3791 1054 3864 Trojte
1071 3791 1175 3846 cladem
1193 3810 1224 3843 ea
1237 3791 1343 3843 illatura
1360 3790 1408 3853 sit,

348 3879 445 3938 queat?
463 3884 546 3920 manet
563 3873 666 3922 immotis
689 3891 742 3922 aaa
763 3873 854 3922 Dorica
899 3871 1060 3924 omittantur.

347 3953 426 4004 tastris
434 3987 442 4010 ,
456 3967 507 4000 nox
517 3948 561 4000 illa
572 3986 580 4012 ,
590 3968 643 4020 qua
653 3947 737 4002 Graeci
746 3949 854 4022 Trojam
935 3950 996 4002 580.
1011 3951 1129 4001 Panditur
1138 3953 1194 4001 laiac
1207 3952 1261 4000 totis
1272 3952 1297 4000 in
1313 3962 1409 3999 noctem

346 4027 548 4100 expugnabunt,
559 4040 649 4080 manet
659 4027 708 4080 lixa
718 4067 726 4093 ,
737 4041 855 4100 tempore
899 4032 1014 4080 carbasus
1031 4033 1092 4090 alis,
1113 4029 1172 4082 vela
1186 4025 1307 4080 secundis
1325 4027 1411 4079 ventis

347 4127 361 4160 a
381 4107 439 4158 satis
453 4105 594 4158 constituto
607 4104 725 4178 ingruet,
738 4122 761 4160 et
772 4126 852 4174 gertus
899 4107 1085 4177 impellentem
1096 4113 1168 4159 litora
1179 4119 1204 4162 et
1215 4111 1329 4158 arinulam
1342 4111 1375 4156 lli
1385 4118 1410 4158 et

348 4191 501 4245 AEaeadum,
517 4200 539 4236 et
559 4188 637 4253 Trojre
654 4188 758 4236 melioris
775 4188 853 4237 liona-
899 4189 1052 4237 Dardanium
1068 4202 1178 4255 patrem,
1192 4189 1266 4238 bustu
1286 4185 1407 4239 coudito·

346 4286 400 4326 res,
413 4284 461 4318 suo
471 4276 588 4337 tempore
602 4263 713 4326 felicior,
724 4264 854 4334 longeque
899 4283 958 4316 rum
971 4265 1074 4335 Trojae,
1086 4269 1160 4334 uigili
1172 4269 1243 4316 simul
1255 4269 1339 4316 arania
1353 4269 1410 4316 luda
