3116 5102
354 515 736 588 ARGONAUTICON
763 523 849 588 LIB.
874 523 914 588 V.
942 605 944 610 ι
1105 523 1164 590 351

151 656 425 741 Qualiterexalta
437 668 540 745 quum
555 656 681 744 Jupiter
692 679 765 722 arco
780 655 951 742 coruscat,
1130 674 1167 712 as

149 771 271 838 Pliadas
286 771 339 835 ille
355 791 507 854 movens,
523 771 726 859 mixtumque
742 775 915 839 sonoribus
929 775 1067 840 imbrem

150 885 386 951 Horriferamve
402 887 529 967 nivem,
544 886 631 950 canis
647 884 706 950 ubi
720 887 845 954 tollitur
861 889 967 954 omnis

150 1004 289 1090 Campus
305 1003 414 1090 aquis,
428 1018 485 1067 aut
503 1001 671 1092 sanguinei
684 1023 801 1091 magna
817 1004 898 1069 ostia
916 1004 1008 1086 belli,

149 1116 217 1178 Aut
232 1114 313 1178 altos
329 1113 418 1178 duris
433 1115 574 1180 latorum
590 1115 741 1206 gentibus
759 1131 870 1197 ortus3

149 1229 201 1292 Sic
215 1244 287 1294 tum
302 1229 434 1294 diversis
450 1229 528 1294 hino
541 1247 640 1319 atque
658 1230 736 1294 hino
753 1229 895 1294 molibus
910 1251 1028 1318 anceps
1132 1247 1172 1288 ³¹0

148 1341 282 1407 Pectora
297 1341 364 1408 dux
379 1341 495 1410 erebro
511 1343 635 1434 gemitu
652 1344 771 1432 quatit,
783 1357 875 1432 optat
891 1358 924 1406 et
940 1345 1061 1408 almum

148 1459 216 1520 Jam'
233 1457 339 1540 jubar,
351 1473 384 1523 et
397 1459 477 1524 certi
492 1458 624 1524 tandem
639 1458 833 1522 discriminis
850 1459 957 1523 horas.

194 1574 289 1638 Tunc
305 1571 408 1638 delixa
425 1575 513 1656 solo,
528 1588 679 1661 ooetuque
694 1574 819 1637 intenta
837 1573 945 1637 silenti

149 1684 270 1752 Versus
288 1687 330 1751 ad
345 1709 402 1752 ora
418 1689 544 1752 virum:
557 1716 570 1742 ι
585 1685 683 1769 Quod
701 1687 844 1775 primum
863 1686 1048 1775 ingentibus
1066 1687 1151 1752 ausis

150 1783 341 1891 Optavistis,
357 1803 640 1892 ait,veterumque
657 1802 754 1892 quod·
763 1802 892 1867 horruit
904 1817 996 1884 etas,
1134 1820 1172 1858 ³1⁵

149 1916 316 1982 Adsumus
329 1938 386 2002 en,
399 1933 592 2007 tantumque
607 1917 697 1982 iretis
714 1917 881 1982 enavimus
899 1917 1023 1982 orbem.

146 2031 216 2098 Nec
233 2033 338 2122 pelagi
355 2055 415 2097 nos
432 2033 520 2097 mille
531 2033 607 2115 viae,
624 2055 684 2098 nec
698 2031 783 2096 fama
797 2031 924 2114 fefellit,

147 2147 331 2237 Soligenam
344 2145 462 2214 AEeten
478 2145 585 2214 media
601 2170 736 2238 regnare
748 2148 810 2214 sub
826 2149 934 2214 Arcto.

137 2352 192 2400 30&
208 2356 288 2401 Hostia
299 2353 359 2400 belli.
369 2353 445 2400 Vatia.
457 2361 481 2399 et
489 2353 579 2399 Bonon.
593 2346 669 2400 coda
678 2360 702 2399 et
712 2350 767 2397 etld.
779 2360 834 2399 anta
845 2352 924 2400 Heius.
939 2377 970 2390 -
985 2351 1039 2414 ³⁰9
1048 2355 1097 2398 Aut
1105 2362 1173 2400 attus.

106 2431 160 2477 stt.
173 2433 247 2479 Alios.
260 2433 339 2494 Aliqui
351 2433 415 2493 apud
431 2432 505 2478 num:
518 2434 590 2478 Diris.
598 2433 663 2478 Just.
674 2440 698 2480 et
710 2447 775 2494 seqq.
787 2445 863 2494 nsque
878 2432 908 2478 aa
921 2433 985 2480 Carr.
1002 2457 1033 2467 -
1044 2431 1099 2479 310.
1110 2435 1174 2480 Hine

105 2519 175 2572 atque
184 2509 254 2557 illitae.
264 2512 277 2555 J
280 2519 328 2556 unt.
341 2509 396 2556 Ald.
411 2518 435 2556 et
445 2510 512 2556 Care.
524 2511 545 2556 Ι.
561 2509 605 2556 En.

108 2711 287 2763 constantem,
297 2699 340 2752 rix
350 2697 489 2752 consilium
500 2707 620 2769 ceperat,
665 2697 846 2750 existimarunt
857 2700 868 2766 (
874 2697 934 2751 vide
944 2699 1089 2754 Homer.1l.
1098 2703 1176 2768 XXI,

108 2800 191 2854 quum
202 2779 273 2834 aliud
284 2779 311 2832 in
321 2790 436 2832 mentem
445 2777 554 2830 reniret.
667 2793 715 2844 ²7²
726 2793 766 2846 sq.
774 2778 801 2844 ),
814 2778 901 2843 mestit,
909 2792 977 2846 optat
986 2793 1009 2828 et
1017 2783 1120 2843 dmntn,
1132 2799 1175 2834 so·

144 2859 205 2912 305.
219 2861 331 2928 Qualiter
339 2877 412 2926 qaum
422 2858 513 2925 Jupiter
521 2859 621 2907 Pliadas
664 2853 736 2906 lenni
752 2855 883 2926 epitheto,
901 2856 1065 2928 jucundum,
1076 2859 1175 2912 beneii·

109 2936 622 3007 movens,PlaniusacFulgerator,eom·
665 2952 743 3000 eunt,
758 2937 814 3002 jam
827 2938 916 3003 jubar,
936 2935 997 2990 solis
1027 2949 1131 3006 ortum,
1153 2955 1178 2991 et

113 3034 180 3079 scat,
192 3018 318 3090 fulgurat,
335 3019 486 3084 anianumque
495 3017 621 3066 sonoribus
666 3015 726 3065 certi
736 3017 835 3065 undem
850 3017 995 3066 discriminis
1009 3021 1097 3079 horas,
1115 3019 1178 3088 qui-'

109 3098 339 3158 tonitrusimbrem,
350 3096 522 3165 horriferamve
530 3097 620 3155 nivem,
665 3093 732 3157 bats,
745 3092 809 3166 quid
828 3095 870 3147 rel
883 3095 1089 3168 exspectandum
1108 3098 1176 3163 sibi,

110 3176 283 3247 grandinem,
305 3178 392 3236 canu,
412 3174 621 3240 albescentibus,
667 3173 710 3227 rel
723 3172 870 3226 timendum
882 3187 964 3241 esset,
974 3189 1152 3248 cognosceret.

110 3257 294 3327 spumantibus
303 3296 312 3324 ,
321 3259 363 3307 ubi
369 3257 460 3306 tollimr
467 3255 545 3306 omnis
554 3271 622 3303 cam·
702 3249 764 3306 313.
782 3255 849 3303 Tune
865 3257 902 3304 ad
915 3269 960 3304 ora
975 3257 1056 3305 vinam
1070 3257 1081 3325 (
1089 3254 1122 3308 sd
1138 3256 1177 3308 vl·

106 3356 155 3403 pus
165 3340 237 3404 aquis
243 3375 252 3398 ,
264 3348 309 3388 artt
316 3337 447 3404 sanguinei
456 3352 552 3402 magua
561 3333 623 3383 ostia
666 3333 720 3398 ros)
731 3335 816 3404 defixa
833 3335 899 3394 solo,
915 3345 1024 3400 cientque
1041 3336 1124 3386 silenti
1138 3337 1177 3386 in·

111 3418 182 3476 belli,
199 3431 373 3479 semovens,
387 3412 461 3485 quod
474 3431 504 3466 ex
518 3422 622 3466 antece·
667 3423 734 3462 tenta
748 3427 904 3474 conversus,
920 3415 989 3479 quod
998 3426 1120 3475 ostentm,
1135 3414 1176 3466 in·

111 3491 237 3545 dentibus
248 3491 493 3564 repetendum,aut
505 3495 567 3543 altos
579 3493 624 3543 da·
667 3488 741 3561 quit,
757 3493 847 3542 horruit
859 3505 934 3552 atas,
950 3491 1038 3564 quod,
1056 3493 1178 3565 quiante
1254 3550 1257 3559 ,

112 3574 145 3622 ris
155 3573 269 3640 faronem
278 3574 390 3639 gentibus
400 3585 464 3622 orme
474 3573 599 3640 (movens
606 3572 623 3638 ).
667 3585 717 3620 nos
726 3569 860 3633 vixerunt,
870 3569 926 3622 ausi
940 3587 994 3622 non
1005 3581 1081 3640 sunt,
1092 3570 1118 3624 id
1129 3591 1178 3626 nos

112 3649 217 3704 *Vide
230 3649 264 3704 ad
277 3650 377 3705 calcem
393 3648 474 3722 hujus
491 3649 551 3703 libri
566 3659 623 3702 not.
668 3647 842 3718 perfecimus,
852 3653 968 3700 adsumus
980 3669 1009 3701 en
1019 3688 1027 3710 ,
1039 3665 1179 3720 mniumque

114 3729 173 3784 305.
184 3731 235 3784 En.
660 3728 737 3795 fretis
753 3729 877 3782 enavimus
898 3731 989 3790 orbern,
1008 3741 1107 3784 tantam
1130 3751 1179 3806 par

149 3809 210 3862 310.
235 3812 276 3861 Sia
293 3823 342 3860 mm
359 3807 458 3860 diversis
475 3809 532 3859 hinc
551 3821 626 3874 atque
669 3819 708 3860 tot
723 3809 806 3863 maria
823 3809 922 3862 emensi
940 3827 1032 3862 sumus
1048 3811 1130 3865 viam.
1143 3845 1179 3854 —

114 3887 172 3938 line
185 3892 286 3942 molibus
295 3892 306 3956 (
314 3905 370 3940 non
382 3887 513 3951 metabus,
528 3886 566 3938 uti
579 3903 626 3938 vo·
669 3887 714 3941 Sic
722 3889 796 3960 virg.
809 3889 925 3951 navt,
943 3893 974 3940 ιθ
984 3907 990 3942 :
1002 3895 1125 3943 Insuetnm
1134 3912 1181 3963 per

15 3995 16 4000 =
114 3963 173 4018 lunt
194 3969 330 4032 nonnulli,
354 3965 427 4040 quod
447 3967 551 4020 facilius
566 3965 627 4036 qui·
670 3969 717 4017 iter
725 3971 824 4036 gelidas
835 3968 923 4020 enavit
936 3973 973 4019 ad
983 3975 1079 4020 Arctos.
1091 3971 1142 4024 En.

115 4041 196 4109 dem,
211 4045 256 4099 sed
273 4047 362 4100 minus
378 4045 510 4118 poeticum
529 4047 626 4116 esset),
706 4045 767 4117 3¹7·
781 4052 834 4098 Nec
844 4051 931 4116 pelagi
941 4067 986 4099 ros
1000 4052 1066 4100 miae
1080 4053 1130 4101 vica
1138 4051 1181 4119 se-

116 4123 235 4191 pondere
257 4143 397 4191 curarum,
416 4147 508 4197 anceps
526 4139 628 4194 pectora
663 4127 797 4193 sellemnt,
829 4127 945 4198 pericula
968 4129 1067 4199 experti
1091 4147 1182 4182 sumus

117 4205 171 4253 dax
184 4209 267 4256 crebro
282 4209 387 4274 genum,
398 4225 478 4280 quem
489 4223 543 4259 non
557 4205 627 4257 infra
671 4205 752 4259 maris
762 4207 840 4259 nobis
855 4207 1044 4279 pronuntiata,
1056 4208 1181 4276 neesama

118 4279 271 4351 dignitatem
298 4285 408 4340 heroum
438 4305 493 4342 esse
519 4285 628 4340 Veteres
664 4286 771 4355 se’ftllie,
782 4305 873 4341 verum
885 4305 940 4342 csse
949 4285 1183 4360 deprehendimus,
