3226 5114
369 504 432 568 280
672 503 708 564 G.
734 499 931 563 VALEllll
960 498 1134 562 FLACCI

411 634 655 722 Imperiumque
671 633 768 722 patris
782 633 923 696 celemus
943 631 1110 719 Cyllenius
1123 632 1188 696 ales
1400 649 1439 688 ³⁸⁵

411 744 567 827 Advenit,
585 760 619 809 et
633 745 698 808 leni
715 741 902 808 modulatur
919 763 1049 808 carmen
1066 764 1181 826 avena,

411 893 424 918 a
434 863 593 950 Quoque,
610 861 673 942 ait,
687 860 766 924 hinc
779 859 925 925 diversus
941 858 1031 924 abis?
1044 859 1111 923 heu
1127 857 1252 946 respice
1270 873 1420 924 cauma».

410 976 506 1042 Haud
525 977 639 1066 procul
652 976 814 1040 insectans
827 976 966 1064 Argum,
976 973 1164 1064 languentia
1177 994 1295 1038 somno

408 1093 547 1158 Lumina
563 1107 680 1156 cuneta
700 1106 811 1173 notat,
828 1089 1011 1177 dulcesque,
1019 1089 1186 1176 sequentia
1208 1111 1358 1171 somnos,
1435 1141 1437 1146 .

411 1207 453 1271 Et
471 1207 607 1271 celerem
628 1204 742 1270 mediis
759 1205 794 1268 in
812 1204 961 1268 cantibus
979 1202 1078 1291 exigit
1094 1202 1230 1292 harpen.
1398 1222 1438 1275 n·

409 1321 545 1410 lamque
562 1322 680 1386 refecta
697 1321 767 1386 lovi
783 1319 948 1408 paullatim
967 1319 1002 1381 in
1020 1317 1160 1408 imagine
1180 1319 1284 1406 prisea

411 1435 484 1500 Ibat
499 1435 583 1525 agris
602 1435 640 1500 Io
654 1434 770 1500 victrix
786 1433 944 1517 lunonis,
958 1447 991 1496 et
1009 1454 1083 1502 ecoe

411 1551 496 1614 Cum
513 1549 637 1614 facibus
657 1549 816 1637 spirisque
831 1563 864 1612 et
880 1547 1032 1612 Tartareo
1046 1546 1172 1612 ululatu

413 1663 615 1753 Tisiphonen
631 1663 736 1744 videt,
758 1686 796 1727 ao
810 1663 916 1751 primo
932 1662 1065 1752 vestigia
1083 1662 1155 1726 risu

412 1780 517 1869 Figit,
536 1795 569 1852 et
585 1780 619 1843 in
637 1779 760 1844 miserm
776 1799 888 1842 rursus
907 1777 999 1842 bovis
1018 1799 1075 1840 ora
1091 1778 1246 1859 recurrit,
1397 1795 1435 1848 ³⁹⁵

413 1895 483 1960 Nec
497 1918 560 1983 qua
575 1896 657 1960 valle
670 1917 812 1976 memor,
827 1915 888 1958 neo
905 1914 1021 1981 quoae
1038 1893 1158 1958 vertice
1170 1893 1269 1960 eistat

413 2012 560 2076 Inachias
578 2033 686 2076 errore
703 2011 799 2074 otiam
821 1989 966 2074 defertur
982 2007 1024 2072 ad
1042 2007 1162 2091 undas,

413 2127 540 2210 Qualis,
560 2143 593 2190 et
610 2151 629 2190 a
648 2125 751 2214 prima
767 2141 927 2212 quantum
945 2139 1069 2188 mutata
1082 2123 1237 2202 juvenca!

413 2242 482 2306 Nee
494 2257 595 2329 pater,
609 2257 666 2304 aut
678 2239 810 2328 trepidae
827 2255 952 2303 tentant
972 2236 1124 2302 accedere
1143 2237 1305 2327 nympha.

400 2441 453 2489 386.
473 2443 582 2488 Carmina
600 2457 670 2487 vena.
686 2441 761 2488 vute
777 2440 831 2486 eod.
852 2466 882 2480 --
898 2439 952 2488 388.
969 2443 1054 2486 Somno
1072 2439 1139 2486 deest
1155 2439 1180 2486 in
1193 2439 1268 2486 Vatia.
1284 2438 1339 2486 eod.
1357 2441 1438 2495 &nte

366 2527 431 2570 tunt.
445 2532 469 2568 et
478 2538 543 2583 teqq.
554 2537 628 2584 usque
641 2521 670 2568 ad
683 2521 748 2568 Carr.
762 2521 869 2567 Tandem.
880 2519 981 2578 Quidam
992 2519 1056 2583 apud
1069 2520 1143 2568 Pium.
1161 2547 1192 2556 —
1203 2520 1257 2582 393.
1269 2521 1326 2568 Cum
1328 2521 1352 2582 s
1359 2523 1437 2584 pyris·

367 2617 420 2664 que.
429 2601 521 2646 Boron.
533 2601 586 2646 eod.
603 2601 658 2646 Cum
661 2600 807 2663 suibusque
814 2601 927 2663 pyn'eqm.
938 2601 1003 2646 lunt.
1015 2609 1039 2645 et
1049 2615 1115 2661 eeqq.
1128 2613 1202 2662 oeque
1217 2599 1248 2645 ed
1263 2599 1328 2646 Gerr.
1342 2601 1437 2663 Hyde-ie

368 2695 420 2744 que.
430 2679 499 2742 Apud
512 2679 586 2726 Pium.
598 2705 628 2714 --
644 2679 698 2740 395.
709 2681 783 2739 mgte.
793 2678 868 2725 Vatie.
880 2688 904 2724 et
914 2679 1004 2724 Βοηοη.
1016 2677 1086 2724 codd.
1103 2680 1167 2724 lunt.
1184 2678 1237 2724 ald.
1254 2678 1319 2725 Carr.
1339 2705 1369 2714 -
1383 2678 1435 2741 ³96.

369 2761 458 2820 Memor
475 2775 521 2822 quo
538 2775 564 2804 se
584 2760 677 2814 vertice.
696 2757 771 2803 Vatie.
794 2756 848 2803 cod.
869 2760 956 2804 Memor
974 2772 1019 2824 quo
1037 2772 1093 2803 sese.
1114 2757 1191 2810 Vatie.
1212 2757 1304 2804 Botion.
1325 2757 1391 2812 Cart.
1413 2767 1437 2804 et

368 2837 440 2884 Coclii
455 2837 525 2884 codd.
537 2837 581 2885 llo.

405 2997 466 3068 387.
481 3001 533 3063 Quo
550 2997 608 3050 hine
624 2999 733 3049 diversor
751 2997 880 3050 aliamn-
959 2998 1137 3067 391.Jamque
1146 3001 1238 3068 refecta
1245 3004 1300 3052 Jnn'
1304 3039 1311 3060 ‚
1328 2999 1356 3052 in
1368 2999 1433 3053 latti-

367 3093 431 3146 gum
440 3075 533 3130 videns
543 3077 613 3130 viam
625 3079 709 3132 nihilo
722 3078 809 3130 minus
821 3095 881 3148 per·
924 3077 987 3130 tiam
998 3078 1193 3149 Jovispristinoe
1201 3079 1291 3132 forme
1303 3079 1433 3144 restituta,

368 3168 536 3226 sequentem,
547 3157 602 3210 Cur
614 3156 650 3210 itu
662 3155 809 3230 properea?
822 3155 878 3220 ait,
922 3159 973 3207 ibat
990 3160 1059 3224 agris
1079 3161 1125 3219 Io,
1145 3157 1194 3210 sibi
1213 3159 1268 3230 ipsa
1285 3157 1433 3230 plaudent,

366 3237 412 3285 hen
422 3239 621 3304 mspieeranms,
634 3236 712 3290 dulce
721 3237 769 3289 tihi
778 3234 879 3307 aliquid
922 3236 1037 3307 superba
1049 3235 1202 3301 incedebat,
1212 3242 1304 3290 vicm'x
1315 3243 1431 3295 lunonis.

365 3332 461 3368 canam
472 3333 479 3378 ;
491 3327 516 3368 et
524 3315 610 3387 primo
620 3320 764 3384 languentia
773 3325 876 3368 tantum
922 3315 973 3370 Sed
982 3315 1126 3369 admodum
1138 3317 1216 3370 breve
1226 3317 1369 3389 gaudium!

365 3413 450 3446 eornno
470 3399 563 3447 lumr'na
579 3410 667 3447 cuncta
683 3410 768 3456 notat,
784 3393 875 3459 videt,
956 3397 1017 3464 393.
1032 3399 1088 3448 Οιυη
1089 3397 1191 3465 facibus
1200 3400 1319 3465 spirisque
1329 3416 1433 3468 serpen·

364 3473 460 3526 deinde
470 3491 532 3525 vero
540 3492 635 3527 somno
645 3475 733 3538 victa,
744 3478 876 3542 dulcesque
919 3486 975 3527 tum
982 3475 1091 3546 (Virgil.
1102 3477 1163 3528 AEo.
1172 3475 1243 3542 Xll,
1254 3478 1316 3546 847)
1323 3515 1332 3540 ‚
1339 3493 1362 3528 et
1374 3483 1432 3529 Tam

364 3556 604 3620 sequentt'asomnos.
919 3569 987 3605 careo
1005 3559 1098 3606 ululatu
1123 3558 1290 3624 Tisiphonen,
1317 3557 1431 3624 lutiam,

401 3631 459 3697 39⁰·
476 3638 508 3682 Et
522 3635 624 3683 celerem
640 3635 726 3684 medin
749 3635 774 3683 in
796 3635 875 3683 canti·
918 3637 1000 3694 videt,
1022 3653 1054 3685 ac
1063 3639 1143 3703 pn'mo
1161 3639 1218 3687 visu
1236 3639 1342 3704 vestigia
1353 3639 1429 3708 figit,

363 3711 407 3759 bus
431 3713 511 3777 exigit
532 3713 634 3779 harpen.
662 3716 743 3780 Harpe
763 3710 874 3764 falcatus
918 3711 1051 3777 subsistit,
1072 3718 1137 3765 etin
1155 3717 1249 3766 miserm
1267 3735 1350 3766 mersus
1365 3719 1430 3767 bovis

364 3787 432 3839 eneis
441 3791 451 3856 (
460 3788 539 3842 Orid.
553 3790 661 3844 Metam.
674 3791 704 3854 1,
718 3793 804 3861 717);
817 3794 873 3842 exl-
917 3811 962 3842 ora
973 3796 1087 3855 renunt,
1101 3793 1188 3846 subito
1196 3794 1306 3846 resumit
1314 3793 1431 3847 formam

360 3885 516 3934 gererem,
531 3887 632 3921 summa
643 3869 669 3921 vi
683 3869 804 3940 adigere,
814 3871 871 3941 gla·
915 3873 1052 3943 juvenem
1070 3892 1116 3924 nec
1138 3891 1244 3934 memor,
1261 3871 1362 3937 dubia,
1379 3895 1431 3942 qna

363 3944 751 4021 dioaliquemtmjioere.0vid.
762 3951 871 4003 Metam.
917 3955 999 4013 valle,
1021 3963 1066 4003 aut
1086 3972 1134 4020 quo
1152 3956 1257 4013 vertice,
1273 3965 1384 4018 monte,
1402 3973 1431 4006 se

363 4025 399 4088 V,
413 4043 473 4096 171,
481 4043 595 4078 eaacmm
605 4031 696 4080 vitibus
706 4049 804 4091 ensem5
811 4029 873 4081 vir·
917 4033 995 4082 sistat.

360 4104 406 4176 gil.
417 4108 479 4158 AEn.
494 4105 539 4168 X,
553 4107 619 4170 815,
633 4112 720 4176 Exigit
733 4129 815 4160 ensem
825 4129 870 4177 per
951 4111 1050 4179 397.1n
1059 4131 1151 4172 errore,
1161 4109 1225 4163 dum
1234 4110 1337 4182 fugiens
1351 4129 1430 4184 vaga·

359 4189 482 4246 medinm‚·
498 4198 524 4239 et
541 4189 643 4255 exigere
662 4192 752 4250 nasu,
776 4189 870 4241 Noster
915 4189 1430 4262 tunadlnaclrias,patriaetiamdefettur

254 4333 260 4348 ι
358 4265 446 4328 infra,
461 4265 590 4336 V1,572.
915 4269 948 4322 ad
960 4269 1064 4340 undns;
1081 4271 1187 4327 seduee
1199 4282 1283 4346 pater,
1294 4291 1431 4346 necnym·
