3198 5106
379 479 417 542 16
678 470 714 532 C.
737 467 935 533 VALERII
963 466 1137 530 FLACCI

417 608 565 672 Diversas
577 603 700 691 petiere
713 602 796 666 vias:
809 601 842 665 in
857 599 974 663 ruoenia
988 597 1103 687 pernix

417 722 594 808 Thespiaca
606 717 647 782 ad
662 739 772 782 carum
782 716 927 784 Tritonia
940 713 1067 778 devolat
1080 714 1214 800 Argum.

418 835 527 899 Moliri
541 834 630 897 hunc
644 831 780 921 puppim
793 829 886 908 jubet
900 844 933 891 et
946 826 1115 890 demittere
1130 823 1218 886 ferro

417 950 563 1030 Robora,
578 947 713 1037 pellaeas
728 944 836 1024 etjam
854 965 963 1008 comes
977 941 1041 1004 exit
1056 941 1090 1001 in
1107 938 1248 1003 umbras.

386 1137 391 1153 ι
418 1067 461 1128 At
474 1066 559 1128 Iuno
573 1061 726 1150 argolicas
741 1058 861 1146 pariter
874 1056 1102 1140 Macetumque
1117 1073 1175 1140 per
1189 1051 1287 1117 urbes

420 1179 565 1268 Spargit,
580 1177 764 1264 inexpertos
779 1186 903 1235 tentare
917 1168 1106 1257 parentibus
1120 1184 1245 1232 austros

418 1291 598 1360 AEsoniden
608 1315 617 1372 ;
629 1291 694 1370 jam
708 1305 792 1352 stare
805 1302 924 1366 ratem,
938 1284 1101 1370 remisque
1115 1284 1287 1372 superbam

419 1411 558 1474 Poscere
573 1429 656 1496 quos
672 1403 820 1483 revehat,
835 1401 999 1488 rebusque
1013 1398 1046 1462 in
1060 1399 1174 1462 saecula
1187 1399 1285 1463 tollat.

463 1523 578 1588 Omnis
592 1535 677 1600 avet,
693 1540 765 1607 quae
776 1517 841 1596 jam
856 1515 947 1578 bellis
961 1529 1167 1605 spectataque
1182 1515 1266 1578 farna

420 1636 529 1701 Turba
543 1633 681 1712 ducum,
696 1631 808 1718 primae
822 1650 881 1692 seu
895 1650 977 1715 quos
992 1628 1026 1690 in
1041 1625 1118 1690 llore
1130 1626 1268 1707 juventae

419 1753 631 1815 Tentamenta
648 1759 777 1824 tenent,
794 1741 935 1806 necdum
953 1741 1026 1806 data
1042 1743 1134 1830 copia
1150 1763 1269 1806 rerum.

420 1867 464 1928 At
479 1862 598 1950 quibus
612 1880 763 1923 arvorum
779 1856 990 1944 studiumque
1004 1857 1142 1920 insontis
1155 1857 1267 1938 aratri,

420 1981 489 2043 Hos
503 1975 686 2056 stimulant,
703 1995 886 2062 magnaque
900 1973 1000 2034 ratem
1016 1993 1074 2058 per
1087 1971 1187 2034 lustra
1200 1972 1332 2058 viasque

421 2091 490 2156 Visi
504 2090 599 2156 laude
613 2104 735 2154 canunt
749 2086 920 2150 manifesto
934 2085 968 2146 iri
984 2084 1106 2146 lumine
1119 2083 1225 2165 fauni,
1413 2106 1449 2144 ηε

422 2208 646 2293 Silvarumque
660 2202 741 2282 deae,
756 2217 853 2287 atque
867 2199 955 2262 elatis
970 2198 1124 2260 cornibus
1137 2219 1259 2261 amnes.

467 2321 621 2386 Protinus
636 2315 771 2381 inachiis
786 2314 872 2377 ultro
886 2312 1076 2402 Tirynthius
1089 2313 1184 2402 Argis

410 2523 449 2587 93.
466 2523 497 2568 te
511 2533 593 2566 urana
608 2518 661 2562 Vnt.
673 2523 696 2561 et
706 2516 763 2560 Bon.
775 2512 844 2559 codd.
858 2515 915 2559 Bon.
927 2513 937 2558 l
950 2521 973 2558 ct
984 2513 1015 2558 ll.
1034 2537 1064 2548 -
1077 2512 1115 2575 95.
1126 2512 1227 2559 Umbras.
1247 2512 1285 2560 Sic
1297 2515 1384 2560 Mater.
1395 2523 1450 2578 post

380 2601 528 2652 Sabellicuns.
540 2595 591 2644 ΔΜ.
603 2603 647 2642 etc.
662 2593 934 2642 numentanos.
945 2591 1015 2638 codd.
1025 2591 1114 2638 bnon.
1124 2593 1134 2637 1
1144 2601 1168 2638 et
1176 2593 1207 2638 11.
1220 2594 1273 2639 Car,
1283 2615 1307 2632 -
1321 2607 1372 2639 roc.
1381 2597 1447 2640 Aves.

380 2684 417 2730 Sic
432 2681 521 2726 Bonan.
535 2683 589 2736 post
604 2673 752 2718 Sabellicuna.
765 2673 850 2718 Mater.
861 2669 1018 2718 Habemus.
1027 2670 1080 2716 cod.
1094 2672 1183 2717 Boron.
1193 2671 1211 2716 l.
1221 2671 1284 2717 Atta.
1294 2670 1383 2718 Bonon
1394 2671 1449 2718 coel.

379 2765 443 2810 lunt.
454 2755 505 2805 ΑΜ.
518 2757 597 2802 Pansa.
607 2751 645 2798 sic
657 2748 1022 2797 sld.cm.cod.1orma.vsnc.
1033 2732 1056 2794 et
1065 2749 1156 2795 Batnon
1171 2749 1240 2795 codd.
1252 2752 1342 2796 Maon.
1356 2751 1366 2796 l
1381 2761 1405 2797 ct
1416 2752 1447 2798 ll.

380 2843 392 2887 J
395 2847 443 2886 unt.
453 2837 537 2884 uma.
546 2858 577 2867 -
587 2832 637 2878 105,
645 2833 716 2878 laesi.
725 2830 800 2877 Vatic.
809 2839 833 2876 et
844 2831 933 2878 bonon
943 2827 1012 2874 codd.
1024 2830 1113 2875 Bonon.
1123 2830 1133 2874 l
1142 2838 1166 2876 ct
1175 2830 1205 2876 ll.
1213 2831 1277 2876 lunt.
1288 2830 1342 2876 ΔΗ.
1352 2831 1448 2878 ϋηο.

380 2921 467 2966 Bonan.
481 2915 499 2962 l.
510 2915 573 2959 Junt.
589 2911 632 2957 En.

415 3059 459 3124 96.
471 3055 541 3106 Juno
554 3071 601 3124 per
611 3052 740 3124 argolicas
750 3055 892 3104 Macednm·
935 3071 997 3104 rum
1019 3051 1196 3125 gerendarum
1219 3052 1357 3107 occasione
1379 3052 1450 3106 intra

381 3153 427 3204 que
437 3132 549 3202 (rectius
563 3139 699 3193 Macetum,
714 3132 795 3203 partis
803 3131 893 3184 Mace·
935 3134 1080 3187 tentamina
1093 3153 1149 3188 sese
1161 3133 1360 3186 continuissent.

380 3212 480 3276 donisc,
494 3211 611 3264 Macetiae
625 3209 773 3264 incolarum
789 3211 892 3264 Lucan.
976 3213 1033 3264 103.
1055 3218 1092 3263 At
1113 3216 1212 3264 ιἰιεοιιεὺ
1234 3211 1347 3264 imbellis
1369 3215 1451 3263 arao-i

380 3293 422 3355 11,
436 3296 504 3362 647,
518 3292 554 3354 V,
575 3309 624 3352 sss
642 3289 689 3344 sil.
704 3291 787 3353 xm,
806 3290 891 3360 878);
938 3288 1049 3344 studiosi
1075 3291 1125 3353 hos
1150 3291 1332 3354 instimulant,
1357 3288 1448 3360 diique

376 3387 424 3440 pet
435 3375 503 3422 urbes
519 3367 638 3440 divulgat
655 3370 753 3422 samam
768 3380 892 3439 suscepte
938 3369 1256 3441 adeodeaqueperhastra,
1265 3367 1388 3442 dryaden
1396 3379 1447 3421 etc.

380 3468 396 3502 a
419 3450 515 3503 Jasone
538 3448 711 3519 navigationis
739 3467 785 3519 per
809 3447 892 3501 maria
936 3453 1041 3518 viasque
1054 3450 1146 3513 launi,
1159 3461 1209 3503 etc.
1229 3453 1356 3519 maay'esto
1373 3452 1397 3498 in
1411 3451 1450 3499 lu·

380 3526 500 3580 nondum
518 3539 636 3592 tentata,
652 3531 709 3596 jam
727 3541 794 3578 stare
809 3528 893 3597 perle-
936 3532 1000 3579 minc
1014 3528 1185 3601 (adoptatum
1198 3525 1448 3600 cVirgilioAEncid.

379 3618 450 3658 ctam
461 3622 553 3667 ratem,
568 3625 693 3676 poscere,
703 3625 764 3673 quot
775 3605 853 3658 vehat
867 3618 892 3659 et
935 3611 991 3672 III,
1008 3610 1067 3679 151)
1080 3620 1221 3681 apparent,
1236 3623 1310 3676 atque
1318 3610 1388 3658 elatis
1398 3626 1451 3656 cor·

380 3687 478 3735 rcveltat
486 3689 602 3753 rebusque
611 3690 635 3736 in
647 3689 738 3736 soecnla
752 3689 837 3746 tollat,
857 3685 893 3738 ob
936 3692 1005 3740 ns'bm
1015 3709 1113 3748 armes,
1131 3687 1167 3740 dii
1179 3686 1315 3740 fluviatiles
1328 3704 1359 3738 ex
1373 3686 1452 3756 aquis

380 3782 421 3816 res
434 3764 558 3834 preclare
576 3775 659 3836 gestas
673 3783 736 3818 sera
748 3765 892 3836 posteritati
935 3768 1124 3841 prominentes.
1136 3767 1260 3840 Apollon.
1271 3767 1299 3828 1,
1312 3765 1374 3833 5¹le
1385 3762 1451 3817 deos

380 3842 557 3896 commendet.
567 3843 719 3897 DeJunone
728 3845 823 3898 heroas
832 3863 893 3898 con-
935 3846 1051 3918 deasque
1064 3867 1078 3900 e
1092 3847 1155 3900 calo
1168 3856 1313 3919 spectantes
1330 3841 1449 3907 inducit,

381 3934 489 3978 vocante
500 3921 559 3975 side
571 3923 731 3989 Pindarum,
750 3925 828 3997 Pyth.
840 3926 892 3990 IV,
937 3928 979 3980 cui
994 3929 1098 3990 Noster,
1114 3946 1191 3980 suum
1205 3924 1340 3998 ingenium
1354 3941 1451 3995 sequu-

381 4003 442 4055 328.
545 4001 550 4014 '
937 4006 1167 4068 tus,nihilcedit.
1342 4005 1346 4014 '

420 4098 477 4133 roo.
495 4088 588 4146 Avens,
606 4083 699 4137 ardent
713 4095 739 4138 et
750 4087 813 4146 virt,
830 4103 893 4156 quc
976 4105 1034 4155 107.
1057 4087 1112 4140 Nec
1133 4105 1225 4150 mora,
1241 4089 1354 4154 pretim
1372 4088 1448 4146 altro,

381 4178 442 4215 rum
449 4173 563 4232 spectata
569 4163 624 4234 jam
634 4164 711 4217 bellis
720 4165 802 4217 virtus
811 4177 892 4230 esset,
936 4183 991 4217 non
1008 4163 1130 4229 advenit,
1146 4166 1193 4219 sed
1208 4169 1309 4216 advolas
1325 4161 1450 4216 Hercules

383 4250 407 4292 et
416 4243 529 4308 juvenes,
548 4243 594 4316 qui
609 4241 837 4320 nondumloblata
856 4263 894 4298 re·
941 4246 1094 4309 Tirynthius,
1111 4244 1171 4300 vide
1184 4243 1246 4298 Ind.
1262 4248 1336 4314 Argis
1348 4244 1451 4296 bacchii
