3192 5128
375 542 483 588 uxvrn
521 517 916 588 EXPEDITIONIS
950 519 1362 590 ARGONAUTICAE

371 648 443 728 ejus
467 649 602 714 nominc
619 662 734 730 Κιρκαῖον
747 653 833 712 stato
852 663 997 716 vocatam
1021 648 1132 714 scribit
1149 649 1290 714 Timaeus
1312 671 1319 712 :
1347 650 1439 730 cujus

370 753 469 818 etiam
485 754 561 818 facit
578 755 778 830 mentionem
799 756 1005 846 Apollonius.
1024 755 1115 836 Quin
1132 771 1166 818 et
1181 753 1223 819 de
1239 753 1340 819 AEetoe
1355 755 1438 844 regis

374 881 476 923 uxore
491 881 559 923 non
581 882 678 948 parva
700 877 748 926 est
771 861 929 926 dissensio
947 885 955 924 :
972 882 1047 924 nam
1065 883 1170 948 quum
1186 861 1279 924 multi
1296 860 1438 924 fleoeten

372 962 502 1047 dicant,
523 966 715 1053 Apollonius
738 989 814 1032 eum
834 965 1037 1034 Asterodiam
1055 964 1241 1030 Caucasiam
1261 964 1438 1054 nympham

372 1068 523 1153 duxisse,
534 1070 652 1136 deinde
663 1071 787 1161 Idyiam
800 1074 921 1140 Oceani
932 1089 966 1136 et
971 1071 1114 1160 Tethyos
1125 1069 1240 1155 filiam3
1251 1072 1438 1160 Sophocles,

376 1176 522 1241 Neaeram
536 1177 715 1243 Nereidum
727 1203 845 1263 unam;
859 1173 1021 1244 Hesiodus
1039 1177 1279 1268 inTheogonia,
1296 1177 1437 1266 Idyiam3

374 1283 434 1370 qui
452 1284 648 1372 Naupactica
665 1286 852 1375 composuit
864 1286 1043 1374 Eurylyten
1061 1283 1114 1348 ait.
1199 1365 1203 1375 ¹

802 1502 848 1564 De
870 1500 994 1564 Medea.

415 1696 529 1762 Medea
542 1699 644 1765 AEetoe
662 1725 702 1766 ex
718 1726 923 1792 quacumque
945 1721 1047 1768 matre
1066 1703 1131 1768 filia
1144 1704 1223 1782 fuit,
1248 1725 1319 1791 quae
1334 1718 1438 1766 et‘ve·

372 1799 494 1866 neficiis
508 1821 541 1870 et
558 1805 734 1873 herbarum
748 1812 935 1900 cognitione
948 1809 1030 1875 adeo
1047 1809 1214 1898 prestitit,
1230 1825 1269 1874 ut
1287 1831 1329 1876 ne
1340 1808 1439 1872 Circae

371 1906 506 1993 quidem
523 1911 637 1977 cedere
652 1915 803 1998 haberet,
822 1931 936 1980 natura
951 1932 1059 1980 tamen
1073 1915 1255 1980 misericors
1270 1930 1304 1977 et
1319 1914 1360 1978 ab
1377 1915 1439 1976 im·

372 2015 459 2077 mani
477 2018 576 2106 patris
592 2018 781 2085 crudelitate
796 2021 995 2102 abhorrens,
1013 2022 1040 2084 si
1061 2018 1209 2084 Diodoro
1232 2019 1438 2084 credidimus.

372 2118 449 2183 Hoee
462 2142 502 2185 eo
514 2141 628 2210 pacto,
645 2149 712 2215 quo
730 2126 895 2211 dicemus,
909 2149 985 2191 cum
1002 2127 1118 2190 lasone
1128 2174 1137 2207 ,
1147 2141 1242 2213 rapto
1259 2148 1358 2189 aureo
1372 2126 1440 2190 vel·

371 2224 454 2308 lere,
472 2231 636 2319 confugit,
651 2248 747 2319 atque
764 2235 799 2297 in
815 2233 1013 2298 Thessaliam
1030 2231 1166 2295 Iolchon
1181 2229 1287 2312 venit,
1301 2230 1440 2294 Peliam·

372 2349 437 2414 que
453 2353 579 2421 regem,
602 2333 726 2402 filiabus
748 2339 816 2420 ejus
835 2362 894 2427 per
909 2336 1049 2427 speciem
1066 2337 1193 2425 pietatis
1208 2335 1365 2424 deceptis,
1386 2337 1439 2398 in·

371 2435 520 2519 teremit;
545 2438 722 2529 decemque
748 2467 850 2508 annos
877 2467 953 2508 cum
979 2444 1096 2506 Ja‘sone
1117 2439 1323 2506 concorditer
1342 2441 1439 2521 vixit,

370 2553 467 2626 atque
483 2565 522 2606 ex
537 2567 576 2610 eo
593 2548 791 2637 Dydimum,
807 2551 1041 2638 Alcymenum,
1059 2545 1388 2633 Thessandrumque,
1408 2563 1441 2610 et

370 2644 561 2714 Thessalum
588 2656 711 2742 genuit.
730 2655 911 2744 Repudiata
929 2654 1063 2735 Medea,
1081 2654 1178 2716 Jason
1197 2651 1370 2734 Glaucam,
1383 2674 1442 2716 seu

308 2782 310 2793 ·
370 2751 543 2838 Creusam,
559 2755 655 2824 filiam
671 2762 822 2825 Creontis
840 2760 1089 2826 Corinthiorum
1105 2757 1210 2846 regis,
1229 2779 1365 2821 uxorem
1381 2756 1442 2822 du·

371 2856 438 2941 xit,
457 2883 555 2948 quam
573 2867 758 2954 nuptiarum
778 2867 832 2932 die
849 2866 965 2931 Medea
987 2889 1062 2930 cum
1083 2879 1152 2928 tota
1170 2864 1266 2927 sir'nnl
1291 2863 1440 2928 Creontis

373 2964 476 3053 regia,
501 2968 597 3034 missa
618 2993 738 3036 corona
753 2973 886 3037 venenis
902 2972 999 3054 illita,
1017 2972 1069 3036 vel
1087 2970 1238 3058 naphthae
1260 2968 1439 3052 bitumine,

372 3085 411 3134 ut
428 3071 552 3138 Plinius
568 3075 629 3157 ait,
643 3079 813 3158 cremavit3
826 3077 974 3166 filiosque
989 3078 1024 3140 in
1041 3076 1145 3140 mariti
1162 3075 1323 3140 ultionem
1342 3076 1442 3140 truci·

374 3172 463 3240 davit
477 3200 608 3261 omnes,
624 3198 741 3269 praeter
754 3183 963 3265 Thessalum,
981 3183 1038 3269 qui
1055 3181 1132 3270 luga
1151 3181 1213 3246 sihi
1230 3181 1365 3245 salutem
1381 3204 1444 3270 pe·-

372 3282 467 3366 perit.
487 3285 602 3366 Jason,
619 3308 723 3372 quum
742 3287 864 3351 doloris
884 3288 950 3351 vim
969 3310 1036 3351 non
1059 3287 1143 3352 ferre
1160 3302 1288 3374 posset,
1308 3286 1440 3374 propria

373 3384 435 3452 sibi
454 3409 555 3452 manu
567 3407 707 3454 mortem
724 3393 891 3457 conscivit.
903 3390 1018 3458 Medea
1036 3391 1077 3456 ad
1086 3391 1226 3480 AEgeum
1240 3391 1440 3454 Athenarum

373 3512 482 3580 regem
495 3496 659 3584 confugit,
672 3498 725 3561 cui
744 3513 842 3586 nupta
857 3497 993 3563 Medum
1009 3497 1111 3562 filium
1129 3497 1269 3585 peperit,
1279 3497 1335 3583 qui
1352 3512 1441 3583 post·

372 3619 409 3662 ea
427 3599 543 3666 Mediae
563 3602 744 3691 imperavit.
756 3604 837 3670 Inde
850 3605 996 3692 expulsa,
1013 3605 1054 3670 ad
1072 3620 1177 3693 partes
1190 3604 1272 3669 Asiae
1283 3603 1440 3666 transiens

375 3703 439 3789 (ait
453 3705 656 3795 Diodorus),
675 3710 803 3774 cuidam
825 3711 1001 3775 clarissimo
1023 3710 1136 3797 nupsit
1153 3710 1238 3796 regi,
1254 3731 1292 3772 ex
1309 3729 1375 3795 quo
1392 3705 1440 3770 di·

373 3826 456 3874 cunt
480 3809 583 3876 lilium
609 3814 744 3879 Medum
765 3817 946 3906 peperisse:
967 3817 1066 3880 multa
1086 3815 1156 3898 alii,
1180 3837 1251 3902 quas
1274 3834 1440 3877 recensere

374 3915 475 4005 magis
494 3919 642 4002 fastidia,
665 3945 772 4009 quam»
785 3922 943 4010 voluptati
971 3920 1147 3986 lectoribus
1176 3919 1323 3984 futurum
1348 3932 1439 4005 puto.

374 4021 451 4086 Haec
466 4046 534 4087 non
550 4027 729 4092 omittenda
741 4029 861 4093 Latinis
879 4029 988 4094 forsan
999 4026 1256 4092 adolescentibus
1269 4046 1336 4087 non
1347 4022 1441 4086 valde

376 4142 471 4210 nota,
485 4150 556 4192 eam
579 4149 653 4218 post
676 4149 816 4197 mortem
838 4135 873 4196 in
894 4135 1004 4223 Elysio
1025 4133 1141 4201 Achilli
1160 4132 1324 4219 nupsisse,
1351 4127 1441 4216 quod

375 4233 500 4318 primus
519 4233 599 4301 dixit
615 4237 710 4324 lbys,
724 4254 797 4326 post
811 4239 900 4303 hunc
914 4237 1116 4319 Simonides,
1131 4253 1163 4302 et
1174 4235 1383 4322 Apollonius:
1400 4231 1441 4298 ad
