3198 5106
375 555 504 605 cxcvm
579 531 865 603 WAGNERUS
893 533 958 602 DE
984 536 1090 605 VAL.
1125 535 1308 606 FLACCI

376 665 440 728 lare
451 712 460 745 ,
473 661 583 726 omnia
598 660 632 723 in
647 661 749 741 majus
766 660 901 742 efferre,
917 663 1107 752 prioresque
1119 680 1196 752 post
1209 687 1243 730 se
1259 668 1440 757 relinquere

374 769 435 834 sibi
449 767 645 833 viderentur.
662 767 759 831 Plura
774 767 801 830 si
816 768 897 832 scire
908 768 949 833 de
964 770 1025 834 hac
1036 771 1120 834 illius
1137 771 1236 834 auris
1254 772 1326 836 labe
1338 778 1439 863 cupis,

375 873 448 938 vide
459 875 502 938 sis
514 873 541 937 J.
554 875 593 936 C.
607 871 647 937 G.
661 871 789 936 Ernesti
800 875 1089 940 commentationes
1101 874 1182 940 duas
1194 874 1235 940 de
1248 879 1439 946 elocutionis

373 995 544 1068 poetarum
559 992 705 1041 veterum
721 977 910 1042 Latinorum
928 979 1072 1061 luxurie,
1090 981 1175 1069 Lips.
1201 980 1303 1066 1802,
1328 984 1437 1052 editas.

373 1088 427 1152 Nil
442 1088 543 1176 igitur
558 1086 697 1168 mirum,
716 1087 742 1150 si
759 1087 906 1151 Valerius
924 1087 1020 1152 etiam
1033 1088 1235 1154 'imitatorem
1257 1109 1379 1183 ageret,
1396 1095 1438 1159 ita

261 1203 271 1226 ¹
374 1211 507 1275 tamen,
532 1208 569 1256 ιιι
595 1213 656 1256 suo
675 1192 775 1280 ipsius
790 1191 912 1271 judicio
931 1209 1088 1274 uteretur,
1114 1211 1168 1272 ut,
1185 1218 1264 1284 quas
1282 1202 1440 1264 nieutona

374 1314 517 1380 teneret,
535 1295 709 1361 sententias
726 1297 948 1385 loquendique
963 1297 1119 1364 formulas
1137 1301 1177 1366 ad
1194 1325 1285 1366 suam
1300 1326 1369 1368 rem
1387 1329 1439 1370 ao-

374 1403 612 1485 commodaret,
629 1419 666 1466 ut
693 1404 931 1493 imagunculas,
955 1427 1035 1494 quas
1060 1407 1172 1494 primis
1194 1423 1320 1473 tantum
1344 1411 1437 1475 lineis

373 1510 577 1575 adumbratas
594 1509 788 1592 invenisset,
805 1509 891 1590 aliis,
909 1511 966 1598 qui
982 1511 1213 1600 splendidiores
1237 1515 1297 1579 sibi
1319 1515 1436 1580 arden·

374 1619 538 1705 tioresque
558 1615 757 1697 viderentur,
774 1616 937 1682 coloribus
955 1617 1184 1708 distingueret,
1201 1637 1239 1686 nt
1254 1622 1312 1686 alia
1329 1624 1437 1711 episo-

372 1724 425 1789 dia
446 1722 755 1804 comminisceretur,
773 1739 811 1786 nt
828 1745 981 1811 personas
1001 1725 1093 1790 aliter
1116 1743 1265 1816 agentes,
1280 1727 1369 1792 aliter
1386 1729 1437 1791 lo-

372 1846 508 1920 quentes
526 1827 705 1894 induceret.
721 1831 790 1894 Nec
803 1847 910 1895 tamen
924 1833 1000 1897 totis
1016 1832 1138 1921 pendet
1155 1834 1196 1898 ab
1215 1835 1302 1918 aliis,
1319 1850 1351 1899 et
1366 1855 1437 1921 quae

370 1959 427 2000 sua
445 1935 545 2023 ipsius
569 1949 662 2016 sunt,
685 1934 853 2024 ingenium
872 1934 1016 2022 produnt
1032 1937 1120 2002 haud
1145 1937 1436 2003 contemnendum.

372 2042 421 2105 lta
434 2041 520 2104 enirn
537 2055 609 2128 apte
626 2039 735 2103 omnia
749 2041 929 2120 connectit,
946 2040 1067 2127 epicam
1082 2042 1125 2104 ita
1136 2043 1322 2130 gravitatem
1337 2058 1438 2108 secta·

372 2163 436 2229 tur,
449 2148 647 2211 characteres
663 2167 873 2234 personarum
890 2161 1002 2210 metur
1015 2146 1195 2236 diligenter,
1209 2164 1243 2213 et
1256 2150 1356 2213 animi
1372 2171 1440 2214 mo·

371 2269 466 2317 tuum
483 2249 768 2340 exprimendarum
783 2250 827 2313 ita
844 2249 957 2315 artifex
972 2267 1037 2333 est,
1052 2267 1104 2333 ut,
1117 2253 1144 2316 si
1158 2252 1198 2316 ab
1215 2274 1284 2316 uno
1296 2254 1437 2318 alterove

371 2375 504 2421 moroso
531 2354 627 2418 nimis
654 2376 692 2418 ac
721 2351 843 2418 difficili
865 2353 973 2433 judice
999 2354 1196 2433 discesseris,
1218 2357 1260 2420 ab
1282 2357 1436 2421 omnibus

372 2461 478 2525 omnis
503 2459 603 2524 aetatis
624 2458 830 2548 ingeniorum
854 2460 965 2548 peritis
983 2462 1230 2527 aestimatoribus
1251 2479 1348 2551 poeta
1370 2464 1435 2527 ele·

370 2566 597 2656 gantissimus,
616 2582 649 2629 et
666 2587 686 2628 a
700 2563 835 2654 Virgilio
851 2564 1014 2631 secundus
1032 2567 1163 2632 habitus
1182 2569 1232 2632 sit.

414 2653 511 2736 Unde
526 2693 622 2753 vero,
642 2686 763 2758 quaerat
779 2671 912 2759 aliquis,
931 2671 1068 2753 factum,
1087 2688 1125 2737 ot
1143 2688 1310 2760 tantopere
1328 2673 1435 2763 negle-

370 2795 441 2842 ctus
455 2776 595 2858 jaceret?
616 2775 724 2841 Nimia
742 2777 897 2840 nimirum
914 2774 1068 2841 doctrinae
1085 2801 1123 2841 ex
1140 2779 1347 2843 interioribus
1363 2799 1434 2867 my·

369 2883 520 2972 thologiae
536 2882 639 2972 adytis
653 2882 853 2970 depromptae
868 2881 1060 2965 venditatio,
1075 2886 1332 2973 comparationes
1347 2883 1434 2948 haud

371 3011 444 3054 raro
467 2987 597 3076 longius
613 2985 736 3074 petitae,
753 2984 836 3050 ordo
852 2987 1026 3051 verborum
1044 3010 1126 3076 saepe
1143 2989 1334 3076 perplexior,
1355 3011 1433 3053 con·

370 3095 473 3158 cisum
492 3115 591 3182 porro
611 3107 643 3155 et
661 3091 756 3154 nimis
774 3091 949 3178 abruptum
961 3089 1118 3178 loquendi
1134 3113 1254 3180 genus,
1271 3093 1436 3157 obscurio-

371 3221 439 3262 rem
451 3197 576 3261 laciunt
591 3217 666 3259 eum
679 3194 910 3280 intellectuque
923 3192 1094 3259 difficilem.
1107 3195 1220 3260 Haecce
1232 3197 1434 3285 singulorum

369 3303 518 3368 locorum
530 3299 757 3365 vitiaValerius
770 3299 856 3387 ipse,
874 3300 901 3362 si
915 3299 1061 3364 ultimam
1074 3301 1182 3365 limam
1200 3302 1355 3368 adhibere
1363 3326 1435 3391 pos·

370 3407 542 3473 teriorib'us
564 3405 711 3493 inprimis
733 3403 823 3469 libris
846 3426 905 3492 per
920 3420 1046 3469 aetatem
1063 3405 1223 3490 licuisset,
1242 3409 1311 3473 sine
1331 3408 1433 3474 dubio

371 3513 622 3592 emendaturus,
642 3510 837 3598 molliusque
857 3511 957 3574 multa
975 3511 1191 3598 eloquaturus
1204 3515 1326 3579 fuisset.
1337 3514 1434 3580 Haud

370 3639 470 3708 pauca
489 3617 585 3681 etiam
602 3637 669 3679 non
686 3615 786 3703 ipsius
801 3631 904 3703 poetae
926 3632 1019 3698 sunt,
1035 3615 1092 3681 sed
1109 3617 1245 3682 librariis
1261 3600 1433 3700 debentur,

371 3745 453 3812 quos
483 3721 657 3786 oscitantiae
681 3736 779 3808 atque
804 3720 945 3808 stuporis
970 3723 1119 3788 convinci
1139 3743 1233 3810 posse
1256 3723 1434 3788 certissime

370 3849 542 3918 persuasus
564 3849 656 3908 sum,
681 3827 707 3890 si
730 3828 837 3914 plures
855 3825 895 3890 ad
912 3842 1055 3891 nostram
1071 3843 1195 3892 aemtem
1212 3827 1339 3892 codices
1357 3851 1432 3916 per-

370 3934 543 3998 venissent.
566 3933 642 3998 Non
663 3933 825 3998 immerito
842 3933 942 4022 igitur
964 3933 1029 4013 jam
1055 3955 1115 3997 suo
1137 3947 1283 4022 tempore
1299 3950 1432 4020 questus

372 4055 420 4104 est
435 4039 483 4103 Jo.
496 4039 549 4103 Fr.
561 4038 746 4103 Gronovius
759 4039 793 4101 in
810 4038 937 4127 Sylloge
954 4038 1238 4124 Epistolar.avi1is
1254 4038 1432 4104 illustribus

370 4146 579 4233 scriptarum,
593 4159 616 4208 t.
626 4144 684 4226 Ill,
695 4165 728 4230 p.
739 4145 814 4230 419,
829 4139 955 4229 t'nftu'm
967 4147 1000 4206 ιἰι
1016 4142 1143 4207 Valen'o
1157 4145 1412 4232 essecom'gsnda
1419 4171 1433 4225 ,·

371 4269 403 4316 et
419 4251 491 4317 Nic.
517 4249 684 4330 Heinsius,
698 4248 777 4314 ibid.
794 4265 816 4316 t.
832 4251 887 4331 IV,
901 4247 983 4312 m'hs'l
994 4261 1038 4313 est
1052 4251 1247 4338 inquinatius
1263 4254 1431 4316 miseri-cmo
