3246 5112
350 455 390 520 50
646 455 681 517 C.
705 451 900 520 VALERII
929 451 1097 517 FLACCI
1202 479 1205 484 ·

390 585 540 650 Affremit
555 583 621 664 his,
640 597 832 672 quassatque
848 573 965 670 esput2
976 582 1032 670 qui
1050 581 1166 646 vellera
1183 581 1271 646 douo

390 699 582 787 Bellipotens
600 698 662 762 sibi
680 697 740 762 fixa
759 697 846 762 videt
862 711 1063 784 tentataque3
1083 712 1194 761 contra

390 813 506 894 Pallas,
524 828 557 876 et
572 812 742 876 amborum
761 813 884 900 gemuit
901 811 1048 876 Sanunia
1064 826 1207 898 questus.
1367 838 1406 876 ⁵³0
1493 883 1496 892 ¹

432 931 516 994 Tum
534 911 677 1018 ¹genitor:
693 929 828 992 «vetera
844 927 913 991 haec
927 926 1022 990 uobis
1038 941 1072 990 et
1086 926 1216 990 condita
1231 945 1370 1018 pergunt

388 1041 511 1108 Ordine
528 1055 643 1106 cuneta
661 1062 736 1121 suo,
753 1061 927 1127 rerumque
946 1062 964 1102 a
983 1039 1129 1127 principe
1146 1061 1243 1104 cursu
1304 1039 1309 1048 '

388 1158 463 1222 Fixa
481 1171 631 1220 manent:
651 1173 758 1242 neque
776 1154 864 1218 euim
883 1153 976 1218 terris
994 1169 1064 1218 turn
1080 1155 1209 1242 sanguis
1227 1156 1260 1218 in
1279 1157 1352 1220 ullis

387 1273 505 1336 Noster
520 1285 602 1350 erat,
617 1291 720 1356 quum
735 1269 799 1332 fata
814 1267 942 1348 darem3
957 1267 1100 1355 justique
1116 1267 1246 1334 facultas

387 1387 447 1450 Hic
466 1383 561 1464 mihi,
579 1405 681 1471 quum
699 1382 803 1446 varios
820 1397 977 1446 struerem
996 1404 1056 1469 per
1073 1383 1188 1448 saeoula
1205 1406 1305 1472 reges.
1366 1408 1404 1446 sss

385 1500 489 1586 Atque
507 1519 568 1585 ego
586 1517 735 1560 curarum
753 1509 896 1581 repetam
912 1493 1039 1560 decreta
1055 1517 1220 1562 mearum:

386 1615 456 1678 lam
474 1610 600 1699 pridem
618 1610 724 1698 regio,
742 1631 813 1696 quae
830 1609 962 1697 virginis
977 1633 1089 1699 sequor
1105 1612 1145 1676 ad
1163 1614 1267 1678 Helles

385 1729 426 1791 Et
438 1725 559 1791 Tanain
576 1740 670 1788 tenus
688 1725 848 1788 immenso
866 1721 1033 1789 descendit
1050 1726 1091 1790 ab
1108 1727 1211 1809 Euro,

371 1957 424 2004 535.
437 1955 575 2002 cursarius.
585 1955 637 2000 Vst.
650 1962 673 2000 st
681 1952 755 1998 Boua.
769 1953 839 2000 codd.
849 1954 937 2000 Βουοη.
950 1955 995 2000 let
1005 1956 1037 2000 11.
1050 1957 1114 2000 Junt.
1129 1956 1182 2002 sld.
1194 1959 1257 2004 Cam.
1273 1957 1334 2004 Pius,
1350 1962 1405 2005 ιρι

343 2036 431 2082 miliat
442 2035 501 2081 leisc.
512 2034 577 2081 Carr.
587 2048 600 2079 e
609 2032 661 2078 eod.
675 2033 719 2078 Eu.

377 2227 849 2298 528.llisSolispreoibus‚satispla·
884 2231 1132 2300 fixaqusmaaene;
1151 2233 1329 2301 nequeenim
1347 2246 1405 2287 tum
1475 2284 1478 2295 ,

340 2313 406 2368 ridis
423 2321 450 2363 et
466 2308 541 2362 molli
555 2307 653 2360 aflectu
671 2307 770 2376 plenis,
789 2325 849 2359 suas
892 2312 1008 2375 sanguis,
1024 2307 1097 2360 liberi
1110 2320 1199 2371 erant,
1205 2313 1406 2383 justiqnesseul·

342 2391 415 2447 addit
433 2391 572 2456 bellipotens
592 2386 682 2449 Mars,
705 2386 750 2439 sed
771 2387 848 2441 veho·
893 2390 988 2447 taslsr'c,
1004 2385 1049 2440 illo
1059 2398 1177 2458 tempore
1185 2403 1249 2449 erat,
1267 2408 1322 2443 non
1333 2404 1405 2456 erat,

340 2489 432 2534 mens,
446 2479 475 2520 ut
489 2483 606 2538 semper,
621 2476 700 2535 atque
715 2465 847 2520 incitatus.
893 2484 941 2517 eur
959 2466 1075 2535 partium
1091 2465 1179 2519 studio
1196 2479 1316 2533 tenerer,
1331 2492 1404 2538 quum

340 2551 465 2621 Affiesnit,
480 2558 629 2614 qssassatque
643 2560 725 2612 caput,
742 2549 785 2612 qui
796 2551 850 2598 vel·
893 2547 978 2594 uarios
990 2559 1105 2597 stnssrem
1119 2546 1261 2617 (exquisite
1270 2549 1276 2600 !
1285 2553 1295 2618 )
1303 2571 1352 2616 per
1360 2571 1406 2602 sar·

341 2635 393 2683 les-a
404 2631 469 2679 dono
483 2625 590 2695 sibifixa
601 2627 682 2684 uidet,
699 2639 847 2692 teameaque.
895 2626 950 2673 rulo
960 2641 1043 2691 reges,
1055 2641 1138 2696 quum
1148 2624 1255 2696 longam
1264 2645 1357 2698 regum
1368 2648 1405 2681 se-

339 2707 473 2762 Editioues
482 2717 620 2770 tentataque
626 2701 794 2773 sequentibus
803 2701 850 2756 ad·
893 2699 959 2753 risus
975 2719 1022 2770 per
1037 2701 1116 2774 plara
1132 2704 1226 2756 saecula
1242 2706 1403 2762 ordinarem,

338 2792 457 2861 jungunt
469 2783 507 2836 sic
520 2800 527 2834 :
545 2795 686 2849 tentataque
699 2797 784 2833 eontra
796 2786 851 2834 Pa!-
894 2777 958 2832 Vld.
966 2779 1041 2851 Virg.
1056 2783 1117 2832 AEn.
1128 2782 1159 2846 I,
1171 2783 1204 2851 57
1215 2801 1274 2856 sqq.

342 2873 394 2926 las,
411 2875 463 2916 etc.
476 2858 528 2916 sed
541 2857 674 2913 verissime
683 2861 850 2912 Bonnaunus
931 2857 992 2912 536.
1007 2863 1097 2911 Audite
1109 2879 1184 2928 ergo,
1204 2861 1241 2914 sic
1258 2863 1345 2936 pergit
1361 2867 1405 2917 Ju-

342 2943 376 2998 sd
395 2943 507 2995 Martem
521 2939 621 3002 refert,
639 2957 688 2990 neo
706 2937 780 2991 aliter
794 2939 851 2991 lieri
894 2937 1278 3009 piteretquidemvatioinans,
1292 2965 1404 2996 curamm

341 3035 437 3096 pooest.
455 3018 528 3086 Quid
547 3017 639 3072 enim?
659 3017 765 3072 Vellera
782 3017 851 3071 ridet
895 3021 992 3070 decreta
1007 3039 1129 3081 mearam,
1150 3038 1208 3090 qus¹
1227 3035 1287 3094 post
1301 3022 1405 3078 diutur-

342 3103 498 3171 ldarsfisa?
507 3099 605 3169 dtfisa
613 3100 670 3168 jum
679 3095 725 3148 diu
733 3095 848 3151 viderat:
894 3115 957 3150 nam
970 3095 1186 3152 deliberationem
1199 3100 1271 3172 apud
1286 3104 1405 3156 animum

339 3181 395 3252 jam
404 3197 465 3231 vero
474 3175 567 3230 eadem
577 3175 649 3228 ridet
658 3173 808 3235 tentam,de
818 3177 850 3228 iis
894 3177 1028 3229 constitui.
1257 3217 1260 3222 .

342 3255 492 3312 auferendis
503 3253 621 3324 eogitari.
635 3252 705 3304 Hinc
718 3253 769 3306 ille
781 3253 851 3306 Mar·
931 3257 992 3324 537.
1004 3260 1060 3306 lam
1068 3259 1175 3323 prldsru,
1188 3257 1309 3328 pluribus
1323 3279 1404 3315 secu.

340 3339 434 3392 tinisa.
442 3330 755 3403 Interpungeudoigitur‚
764 3333 851 3386 lucem
895 3333 944 3398 lis,
957 3338 1088 3397 immensa,
1101 3336 1259 3408 amplissima
1270 3341 1404 3395 orientalis

341 3417 401 3469 loeo
422 3413 480 3468 aliis
503 3410 688 3464 obscurissimo
708 3412 763 3464 viso
782 3413 850 3466 alfa·
894 3412 972 3484 plaga
994 3412 1028 3466 ad
1050 3413 1250 3486 Hellespontum
1271 3439 1355 3492 usque
1378 3434 1419 3482 et¹

341 3494 411 3548 disse
423 3507 558 3546 uecuuno
571 3491 685 3560 pmuitet.
897 3495 992 3544 Tanain
1011 3508 1079 3544 tsaru
1097 3495 1151 3562 (sic
1168 3498 1320 3551 accusativo
1332 3498 1405 3554 addi·

378 3573 439 3638 529.
453 3574 540 3623 Contra
551 3573 634 3620 Pallas
645 3574 740 3621 eslans
752 3586 849 3638 questas
894 3570 969 3622 tum?
984 3573 1078 3625 unicus
1091 3573 1119 3626 in
1133 3577 1256 3629 omnihus
1272 3579 1405 3649 scriptori·

341 3654 464 3704 amborum
473 3661 585 3717 gemant,
602 3647 678 3700 tacite
689 3667 792 3712 secum,
804 3669 849 3702 an·
892 3651 943 3704 bus
952 3650 1043 3714 locust
1055 3666 1217 3728 quapropter
1226 3656 1313 3727 plures
1324 3663 1406 3709 Tanai

339 3731 387 3784 xire
396 3728 502 3782 adstant
513 3724 666 3798 dubiaetpse,
678 3727 744 3799 quid
754 3728 848 3782 valitu-
889 3732 1026 3803 jusserunt
1041 3734 1136 3805 reponi
1152 3735 1346 3806 refragantibus
1364 3749 1404 3791 ts·

340 3829 376 3864 rss
385 3808 438 3862 siut
449 3805 520 3880 spud
531 3806 625 3861 lovem
635 3807 703 3862 Solis
715 3818 740 3862 et
754 3807 848 3862 Martis
892 3827 954 3862 meu
964 3811 1277 3866 omuibusl'aleriicodd.
1285 3816 1404 3885 genitivo

339 3887 461 3962 querelis.
887 3889 1010 3960 jungitur
1030 3889 1103 3962 apud
1112 3891 1186 3962 Virg.
1202 3894 1264 3944 AEn.
1276 3891 1318 3957 X,
1339 3897 1404 3963 aso)

376 3967 437 4021 531.
450 3963 492 4017 sd
502 3964 558 4018 luas
567 3966 669 4037 Jupiter
681 3978 794 4020 mentem
807 3985 848 4020 ex·
892 3965 1074 4021 florentissima
1089 3968 1140 4021 tuit
1147 3987 1155 4032 3
1172 3975 1263 4033 undat,
1284 3974 1405 4027 abundat

338 4045 434 4118 promit
442 4044 619 4109 itstQussnos
627 4049 757 4114 apa-incipe
765 4065 844 4106 eterra,
889 4045 960 4115 (vide
972 4047 1046 4118 Virg.
1060 4048 1159 4119 Georg.
1176 4049 1219 4114 Π)
1235 4051 1319 4122 437),
1335 4058 1403 4122 equis

339 4125 401 4179 inde
419 4125 454 4178 ab
469 4123 546 4176 initio
568 4143 646 4175 renna
668 4125 845 4189 instituimus,
890 4128 1013 4191 virisque,
1029 4126 1202 4192 exercitibus3
1216 4147 1267 4182 neo
1277 4131 1329 4184 alia
1337 4152 1403 4204 gens

338 4225 370 4260 ea
383 4223 431 4259 suo
444 4201 536 4258 ordine
544 4217 664 4272 pergunt,
681 4203 845 4275 procedunt,
890 4221 954 4256 susa
968 4216 1023 4268 est,
1040 4204 1116 4259 bellis
1130 4225 1190 4262 eam
1208 4209 1324 4273 adoriri;
1341 4231 1403 4266 nam
