3196 5120
401 470 462 533 168
492 467 544 540 ΙΝ
572 467 660 530 LlB.
685 463 949 529 SECUNDUM
978 463 1374 532 ARGONAUTICON

429 612 466 698 y.
486 607 537 679 3l7
551 643 945 661 ·······················
964 608 1001 669 te,
1012 611 1125 660 maxim
1140 611 1241 674 Teuys,
1298 659 1301 662 ,

548 699 683 759 Proteaque
695 693 833 761 arnbigurua
846 695 939 744 Pteria
952 693 1072 761 referebat
1084 695 1116 743 ab
1128 695 1205 744 anuis

547 781 601 826 Huc
620 777 716 826 rexisse
727 778 796 826 uias.

373 899 374 908 ¹
394 893 539 946 Vaticanus
555 889 640 943 eodeu
654 889 751 942 habet:

839 973 886 1020 Sed
895 973 995 1022 maxime
1005 983 1068 1022 eata

534 1053 664 1110 Proteaque
675 1049 810 1110 ambignum
821 1047 908 1095 Phariis
920 1063 944 1095 c.
953 1083 974 1094 ..
994 1050 1025 1095 ab
1037 1047 1110 1096 antris

531 1127 583 1170 Huc
593 1125 679 1170 rexisse
691 1123 746 1169 rias.

392 1233 448 1304 Ego
459 1233 528 1287 hane
543 1230 682 1285 lectionem
692 1247 813 1302 propono
823 1229 956 1281 Vaticano
969 1227 1056 1283 codici
1066 1245 1173 1298 prorsus
1184 1237 1389 1298 congruentem,
1401 1244 1454 1280 nno

392 1328 493 1370 tantum
507 1315 637 1369 vocabulo
652 1314 680 1366 in
694 1312 851 1385 explendam
866 1314 989 1366 lacunam
1003 1311 1114 1366 addito:

901 1414 947 1462 Sed
956 1413 1056 1462 mxime
1065 1421 1112 1459 eete

533 1496 661 1554 Proteaque
671 1489 806 1552 emblgonm
819 1487 906 1536 Pluriis
915 1498 949 1535 est
959 1504 1037 1534 mmor
1045 1488 1075 1533 ab
1083 1485 1156 1534 antris

530 1569 583 1615 Ilue
593 1566 680 1616 rexisse
690 1566 745 1610 virs.

394 1673 465 1721 Caetoe
480 1666 508 1719 in
526 1665 618 1720 codice
636 1665 762 1736 scriptum
776 1675 814 1716 est
827 1683 878 1736 pro
892 1679 959 1726 cete,
975 1677 1004 1716 ut
1019 1664 1116 1733 passim
1133 1662 1248 1717 occurrit
1261 1681 1284 1714 a·
1297 1680 1348 1734 pro
1361 1681 1392 1724 e‚·
1406 1679 1456 1733 pro

392 1753 486 1802 Phariis
500 1771 514 1802 e
528 1747 671 1820 legendnm
685 1751 827 1801 estPlariis
838 1761 885 1809 est,
899 1765 983 1819 quum
996 1767 1009 1800 e
1021 1749 1049 1802 in
1063 1765 1124 1800 mes.
1137 1747 1220 1800 soleat
1229 1746 1310 1799 scribi
1320 1765 1369 1819 per
1382 1765 1453 1798 eom·

391 1833 521 1907 pendium
538 1852 587 1905 pro
600 1848 652 1895 est‚·
664 1831 762 1886 deinde
776 1849 860 1884 unum
876 1833 1034 1884 vocabulum
1048 1830 1139 1896 deest,
1153 1831 1263 1884 sortasse
1276 1847 1372 1889 mmor,
1383 1827 1454 1899 qued

392 1916 516 1970 videntur
525 1917 659 1988 postulare
670 1934 762 1969 sensus
771 1926 799 1968 et
807 1933 942 1970 mensura.
952 1916 1018 1969 Sunt
1032 1926 1119 1966 autem
1132 1917 1244 1966 inaximo
1259 1927 1310 1964 eece
1327 1913 1455 1964 immanes

392 1999 493 2070 pisces,
512 2011 629 2052 monstra
654 2000 777 2065 marina,
798 1998 875 2052 solita
895 1998 1018 2052 Proteum
1044 1998 1166 2052 comitari
1182 1995 1342 2051 ludibunda.
1358 1995 1454 2067 virgil.

389 2084 486 2154 Gcorg.
502 2084 555 2147 lv,
568 2090 637 2148 429:

531 2191 610 2246 Qnurn
621 2191 718 2234 Proteus
726 2195 836 2234 consueta
846 2197 928 2248 petens
938 2204 951 2234 e
965 2186 1073 2234 fluctibus
1081 2197 1148 2234 entre

530 2263 594 2316 lbet5
603 2278 657 2308 enm
665 2262 724 2308 vasti
732 2261 819 2308 circum
831 2275 887 2322 gens
897 2261 991 2307 humida
1000 2261 1076 2332 pontiv
1162 2325 1164 2332 Ι

531 2337 654 2384 Exsultaue
665 2351 742 2382 rorem
754 2336 800 2381 late
812 2335 921 2396 dispersit
930 2351 1042 2383 amarum·

391 2435 519 2508 Virgilius
532 2435 639 2491 adhibet
653 2453 746 2492 vocem
757 2451 808 2494 eece
820 2435 849 2488 in
866 2435 1041 2490 describendo
1055 2434 1170 2507 Neptuni
1185 2435 1329 2500 comitatu,
1345 2436 1406 2488 AEn.
1418 2436 1456 2500 V,

392 2519 442 2572 822
458 2537 465 2571 :

527 2602 588 2646 Tum
597 2601 665 2647 vario
675 2603 786 2656 comitum
796 2602 865 2649 iacies
875 2616 881 2649 :
895 2601 1005 2649 immunia
1014 2615 1075 2656 cete,

528 2677 558 2721 Et
570 2676 648 2722 senior
659 2677 741 2724 Glauci
751 2678 849 2732 chorus,
858 2679 975 2739 lnousqne
985 2680 1113 2733 Palaemon,

531 2751 685 2813 Tritonesque
696 2751 749 2808 citi,
761 2753 891 2813 Phorcique
900 2752 1015 2799 exercitus
1024 2752 1107 2798 omnis.

390 2856 478 2910 Protei
492 2875 600 2910 cuniam
612 2859 724 2912 subeunt
735 2896 743 2922 ,
761 2854 835 2930 aliud
847 2857 1002 2922 Valerium,
1017 2857 1126 2930 phooaet
1136 2855 1208 2929 apud
1220 2853 1381 2926 Virgilium,
1395 2855 1454 2926 equi

392 2941 505 3008 marini,
519 2941 617 3012 Georg.
631 2942 682 3004 IV,
700 2943 750 3030 3337
765 2961 772 2994 ε

529 3043 646 3088 Caeruleus
655 3045 766 3097 Proteus,
779 3057 890 3103 maguum
900 3043 942 3103 qui
949 3042 1051 3104 piscibus
1060 3057 1142 3104 aequor

528 3117 557 3162 Et
565 3117 648 3178 juncto
658 3116 772 3178 bipedum
786 3133 857 3163 curru
868 3117 963 3164 metitur
973 3133 1096 3180 equorum.

391 3234 528 3283 -Plran'is
540 3235 573 3282 ab
589 3233 676 3285 antris.
695 3233 804 3286 Proteus
823 3234 937 3300 solebat,
952 3233 1099 3286 seeundum
1116 3233 1277 3297 Homerum,
1291 3230 1390 3305 Odyse.
1405 3233 1453 3296 tv,

390 3317 460 3378 384,
472 3333 500 3366 ee
511 3315 628 3384 recipere
639 3314 667 3367 in
680 3315 741 3368 litus
754 3317 846 3369 insulsi
855 3317 946 3370 Phari.
958 3317 1080 3370 Valerius
1090 3317 1166 3388 smgit
1180 3317 1276 3370 Protea
1290 3319 1361 3370 eirca
1375 3319 1453 3369 Lem·

390 3415 454 3449 num
469 3417 530 3450 cnm
544 3398 621 3450 solito
633 3399 761 3452 comitatu
774 3398 875 3452 venisse
885 3439 892 3464 ,
903 3399 1129 3472 quemadmodum
1139 3399 1212 3471 apud
1226 3399 1369 3470 Virgilium
1382 3437 1390 3461 ,
1401 3400 1419 3450 l.
1433 3399 1452 3450 l.

390 3480 517 3534 Emathia
536 3492 646 3554 portus,
660 3494 686 3535 et
701 3484 867 3554 peninsulam
880 3485 1004 3537 Pallenen
1017 3485 1156 3538 invisebat.

425 3608 462 3660 V.
478 3608 529 3677 ³²7
604 3628 650 3660 nec
662 3597 731 3662 trirba
748 3629 838 3664 nocens
846 3649 854 3672 ‚
871 3613 1018 3678 scelerisque
1035 3614 1138 3663 recentis

528 3696 608 3761 Sr'gna
624 3710 736 3758 marent5
748 3698 856 3763 tollitque
874 3699 922 3747 loci
939 3699 1057 3761 &theron
1073 3699 1191 3746 timorem.

388 3799 520 3854 Posterior
536 3804 616 3873 bnjtts
634 3803 747 3876 cpisodii
759 3824 822 3877 pars
835 3804 900 3858 mihi
918 3804 1023 3858 uidetur
1035 3803 1116 3875 priori
1132 3803 1216 3856 multo
1225 3803 1335 3856 inferior
1350 3803 1455 3874 :Argo-

386 3896 529 3936 nautarum
538 3886 632 3938 Lemni
642 3887 784 3956 adventus,
796 3889 902 3962 hospitii
911 3907 989 3956 usus,
1002 3876 1101 3941 mutuae
1111 3907 1172 3941 cum
1180 3887 1369 3941 Lemniadibus
1381 3877 1457 3940 uolu-

388 3977 472 4037 ptates
484 3983 514 4019 ae
529 3967 643 4032 deliciae,
657 3969 753 4024 debinc
768 3974 916 4044 profectio,
931 3991 988 4044 quas
1004 3991 1046 4025 res
1057 3971 1091 4023 ad
1101 3971 1218 4024 fabulam
1227 3972 1363 4044 potissime
1374 3972 1456 4042 perti·

387 4062 468 4114 nent,
480 4051 575 4104 minori
587 4063 675 4105 tamen
684 4073 748 4108 cura
764 4069 824 4108 sunt
836 4057 974 4110 elaboratae
985 4073 1065 4126 quam
1079 4056 1250 4108 Lemniorum
1263 4054 1363 4120 credes,
1373 4075 1454 4126 quarn

389 4134 499 4189 decebat
512 4138 603 4210 paucis
619 4138 662 4191 vix
680 4140 788 4213 attingi,
806 4160 836 4196 ao
852 4141 925 4195 omni
945 4141 1066 4196 cautione
1087 4139 1278 4214 diligentiaque
1294 4141 1455 4212 Argonautis

388 4220 478 4273 celari.
