3192 5128
371 579 452 625 xcvr
659 552 876 622 NICOLAJ
908 550 1103 621 HEINSII

370 707 480 769 manu,
506 685 568 749 nisi
590 685 775 766 conjectura
793 677 846 746 me
862 682 957 764 fallit,
974 680 1154 769 descripto,
1180 681 1235 744 oui
1256 682 1434 770 liagmenta

368 773 457 856 rese
470 790 636 879 Pompeii,
657 791 703 854 sto
715 789 764 854 ue
776 785 1436 878 cananennsugusunsrnvuqneur-

370 898 453 978 sini,
477 895 725 961 clarissimorum
741 898 776 959 in
792 915 828 959 ra
843 895 981 960 literaria
993 895 1156 970 virorum,
1177 909 1254 981 post
1265 893 1434 982 prodiere,

369 1001 482 1066 eudem
500 1001 672 1090 Pomponii
686 1020 785 1066 manu
802 1015 928 1065 exarata
943 998 1159 1064 accedebant:
1175 1019 1252 1062 nam
1266 999 1434 1064 volumine

366 1108 480 1191 altero,
492 1106 605 1172 itidem
618 1107 797 1182 chartaceo,
813 1121 846 1169 et
858 1121 923 1170 tres
936 1106 1060 1194 priores
1076 1104 1321 1194 Argonauticon
1331 1104 1432 1170 libros

369 1229 444 1278 cunr
458 1224 549 1302 parte
563 1211 671 1300 quarti
682 1212 871 1300 complexo,
885 1209 976 1298 quod
985 1207 1121 1274 Osoniae
1131 1209 1167 1273 in
1181 1210 1325 1301 collegio
1335 1211 1433 1301 Regi·

330 1365 332 1369 ,
369 1319 461 1382 nensi
488 1333 678 1399 asservatur,
699 1316 764 1396 jam
785 1317 864 1382 olim
884 1317 970 1380 inter
989 1315 1056 1404 ipsa
1079 1313 1261 1384 studiorum
1285 1317 1434 1382 tirocinia

367 1421 453 1511 apud
471 1423 642 1486 Britannos
655 1421 780 1485 fueram
795 1441 885 1486 usus.
901 1418 1065 1485 Advocati
1081 1435 1196 1508 praeter
1207 1420 1278 1484 hoee
1291 1419 1432 1484 admini-

367 1529 440 1592 cula
457 1528 493 1592 in
506 1543 631 1616 partem
649 1525 823 1590 nonnullas
838 1527 927 1615 typis
946 1525 1240 1616 cbalcbograpbicis
1255 1524 1432 1614 descriptas

365 1635 541 1717 editiones,
555 1635 705 1699 Aldinam
719 1635 912 1722 presertim,
927 1633 985 1698 sed
999 1634 1054 1698 cui
1068 1634 1103 1696 in
1117 1632 1279 1721 plerisque
1290 1649 1363 1697 tuto
1377 1655 1433 1722 pa·

365 1760 440 1805 rum
454 1739 624 1804 aedanus
643 1740 733 1828 quod
746 1741 854 1821 bunc,
868 1741 1069 1827 quicumque
1083 1736 1216 1802 tandem
1228 1737 1296 1817 ejus
1313 1736 1433 1802 mendi

365 1843 484 1910 codicis
497 1867 609 1910 curem
624 1837 749 1927 babuit,
761 1846 859 1934 longe
873 1846 948 1933 plus
959 1843 1093 1934 ingenio
1105 1865 1166 1908 suc
1178 1865 1217 1906 ac
1228 1841 1432 1922 conjectandi

362 1967 566 2039 praeposterae
591 1949 730 2034 libidini,
754 1969 853 2038 quam
868 1949 960 2016 libris
980 1971 1080 2013 mann
1102 1949 1256 2028 exaratis,
1279 1946 1434 2023 detulisse

365 2077 433 2120 nou
444 2057 554 2145 paucis
565 2056 765 2145 argumentis
778 2055 838 2118 aim
846 2053 993 2118 edoctus.
1004 2056 1042 2118 ln
1055 2053 1219 2143 plerisque
1231 2070 1341 2117 tamen
1355 2052 1434 2117 buic

365 2161 538 2250 exemplari
556 2180 722 2226 assensum
743 2159 866 2248 praebet
884 2159 965 2223 liber
978 2157 1102 2223 calamo
1119 2173 1281 2240 exaratus,
1296 2157 1435 2246 quipri·

365 2263 440 2328 dem
462 2266 497 2329 in
515 2265 897 2330 Erfurtanabibliotbeca
919 2264 1076 2345 exstabat,
1100 2279 1134 2328 et
1150 2285 1249 2350 quem
1271 2262 1339 2327 non
1362 2285 1432 2326 uno

364 2371 436 2434 loeo
461 2385 578 2435 testem
604 2369 739 2435 aduocat
753 2371 788 2435 in
810 2371 936 2434 Criticis
956 2371 1109 2434 Periculis
1129 2369 1316 2451 Picentinus,
1339 2367 1432 2434 uude

363 2476 499 2563 planum
514 2475 550 2540 fia
560 2499 598 2540 ac
613 2476 946 2558 manifestum,fi1isse
965 2491 1050 2539 notae
1065 2475 1166 2560 illum
1179 2473 1432 2562 haudquaquam

362 2595 506 2646 nemetae.
518 2583 626 2668 Atque
641 2583 766 2645 utinam
778 2583 878 2646 anus
894 2581 948 2645 ille
962 2581 1163 2662 Parrhasius,
1173 2580 1223 2644 vir
1233 2579 1321 2644 inter
1331 2581 1432 2646 etatis

362 2707 428 2749 suae
443 2685 674 2750 literatissimos
687 2685 762 2766 jure
779 2685 961 2772 mentoque
976 2683 1218 2766 numerandus,
1230 2701 1432 2750 commenta-

363 2789 447 2870 rios,
473 2809 556 2876 ques
584 2789 700 2853 icco
735 2803 847 2852 nostro
866 2787 995 2851 Valerio
1019 2787 1211 2854 illustrando
1236 2787 1430 2873 adornabat,

364 2895 487 2982 quique
499 2893 636 2982 Neapoli
650 2894 828 2972 etiamnum
840 2890 882 2956 ad
893 2891 934 2956 D.
941 2893 1073 2956 ioannis
1083 2893 1271 2958 Carbonarii
1276 2893 1432 2962 feruntur

256 2985 258 2990 ⁵
363 3009 505 3080 exstare,
522 2999 557 3061 in
579 2999 708 3064 bonum
724 3016 899 3065 commune
925 2997 990 3062 luci
1011 2999 1219 3086 permisisset.
1239 3000 1430 3066 Poteramns

365 3117 452 3167 certe
473 3119 548 3192 post
572 3104 657 3170 banc
684 3123 816 3190 operam
839 3117 905 3166 tam
923 3103 1135 3190 exquisitam,
1151 3104 1430 3170 lucubrationibus

364 3207 487 3297 AEgidii
502 3208 633 3272 Maserii
658 3207 831 3291 tralatitiis,
852 3223 886 3271 et
902 3207 1003 3290 illius,
1027 3229 1127 3294 quem
1149 3209 1295 3276 dicebam
1310 3211 1429 3294 modo,

362 3314 380 3380 J
382 3313 498 3376 oannis
512 3313 662 3400 baptistae
675 3311 724 3375 Pii
737 3313 893 3393 caruisse,
904 3313 1006 3378 multa
1018 3313 1089 3377 sine
1101 3313 1283 3378 surdiorum
1294 3315 1429 3396 jactura.

361 3421 502 3483 loannes
526 3419 666 3506 Baptista
695 3440 827 3508 quoque
851 3419 1009 3509 Egnatius
1033 3421 1224 3509 perhibetur
1245 3421 1310 3500 jam
1334 3423 1429 3506 olim,

360 3537 393 3586 et
414 3535 526 3587 nostro
543 3524 661 3588 seculo
674 3524 813 3588 Michael
826 3525 989 3590 Piccarnrs
1004 3548 1097 3614 pares
1119 3527 1154 3589 in
1174 3528 1324 3592 Flaccum
1339 3529 1430 3594 hunc

361 3641 510 3691 nostrum
534 3629 783 3696 commentarios
812 3628 978 3713 meditati,
1006 3630 1064 3696 sed
1087 3632 1229 3719 quinne
1252 3655 1328 3698 cum
1350 3635 1428 3722 ipsis

361 3733 549 3798 auctoribus
571 3733 698 3822 pridem
721 3735 966 3801 interciderunt.
989 3738 1040 3802 Eu
1056 3734 1153 3810 ¹bisce
1172 3761 1267 3821 nero,
1284 3760 1428 3827 quorum

361 3859 460 3926 opera
480 3839 595 3904 bleceo
617 3840 812 3905 laudabilem
836 3843 871 3906 in
900 3843 1038 3908 modum
1066 3861 1178 3908 navata
1200 3845 1428 3916 circumfertur

360 3944 507 4030 publice,
533 3947 812 4012 commendandus
836 3950 1014 4036 praesertim
1037 3950 1127 4013 venit
1147 3948 1330 4016 Ludorieus
1350 3954 1429 4018 Car·

359 4049 455 4131 rien,
479 4051 550 4116 'non
569 4053 639 4116 sine
660 4054 784 4144 ingenti
809 4054 959 4120 felicitate
985 4072 1099 4120 nactus
1124 4053 1268 4120 codicem
1290 4059 1427 4123 reterri·

360 4175 451 4221 nrum
465 4159 710 4248 optimumque,
727 4162 819 4242 cujus
833 4161 983 4249 praesidio
999 4183 1107 4226 naevos
1122 4162 1297 4250 plurimos,
1313 4179 1345 4228 et
1357 4165 1428 4253 qui·

360 4259 434 4329 dem
458 4263 668 4349 inveteratos,
692 4281 804 4334 nostre
829 4283 934 4360 poetae
957 4267 1100 4334 detersit.
1124 4268 1207 4333 Nam
1228 4291 1426 4359 quamquam
