3226 5114
415 543 799 608 nnconnurtcon
826 545 911 608 nm
934 547 993 608 tv.
1167 546 1229 632 295

209 673 300 757 Quid
310 695 488 738 memorem
498 698 594 762 ,quas
602 675 663 738 Iris
674 698 773 763 aquas
782 699 878 764 ,quas
888 691 1037 764 torqueat
1046 679 1161 742 Ancon
1170 678 1229 740 iton

208 789 358 855 Proxima
367 788 577 854 Thermodon
593 790 646 855 hic
655 790 722 871 jam
739 807 825 856 secat
834 815 922 874 arva,
935 807 1118 872 mement03

209 905 332 992 Inclyta
350 905 604 989 Amazonidum,
617 928 801 995 magnoque
816 922 927 970 exorta
943 907 1086 972 Gradivo

208 1018 295 1083 Gens
310 1019 385 1100 ubi3
398 1019 553 1090 femineas
570 1043 631 1086 nec
647 1036 684 1084 tu
703 1043 792 1084 nuno
809 1020 904 1086 crede
918 1037 1075 1103 catervas,

207 1133 271 1200 Sed
288 1135 409 1221 qualis,
425 1135 483 1200 sed
498 1151 618 1223 quanta
633 1136 709 1200 viris
724 1136 856 1200 insultat
870 1136 979 1224 Enyo,

207 1251 353 1337 Diraque
368 1251 535 1339 Gorgonei
550 1251 702 1341 gestatrix
714 1252 839 1316 innuba
854 1254 1002 1317 monstri.
1190 1267 1227 1305 ⁶⁰⁵

209 1363 258 1426 Ne
273 1363 331 1427 tibi
347 1378 428 1450 tunc
441 1364 605 1430 horrenda
620 1387 717 1454 rapax
730 1365 772 1430 ad
786 1366 880 1430 litora
895 1367 1032 1454 puppim

207 1477 331 1542 Ventus
345 1495 434 1568 agat,
449 1479 528 1546 ludo
541 1481 678 1546 volitans
693 1503 797 1568 quum
811 1496 917 1544 turma
933 1480 1074 1569 superbo

209 1583 373 1658 Pulvereis
390 1595 527 1658 exsultat
543 1596 652 1682 equis,
666 1596 852 1683 ululataque
870 1597 966 1662 tellus

207 1707 374 1787 Intremit,
392 1723 424 1772 et
441 1731 565 1797 pugnas
582 1725 671 1792 mota
686 1726 776 1798 pater
790 1711 902 1776 incitat
919 1710 1019 1776 hasta.

207 1821 281 1885 Non
299 1821 343 1885 ita
358 1821 400 1885 sit
415 1821 589 1886 metuenda
604 1823 680 1902 tibi,
694 1824 866 1888 saevissima
883 1846 1088 1912 quanquam,
1188 1842 1226 1880 ⁶10

209 1935 295 2000 Gens
307 1935 509 2024 Chalybum,
526 1935 616 2000 duris
631 1937 755 2024 patiens
770 1940 822 2002 cui
841 1939 948 2002 cultus
964 1939 998 2002 in
1018 1939 1120 2018 arvis,

208 2051 249 2114 Et
262 2066 354 2114 tonat
367 2049 484 2116 afflicta
500 2073 627 2139 semper
640 2051 757 2116 domus
775 2053 867 2140 ignea
883 2074 995 2116 massa.

209 2166 289 2231 lnde
306 2189 437 2231 omnem
456 2167 619 2232 innumeri
633 2189 724 2255 reges
740 2189 798 2254 per
815 2167 918 2230 litoris
937 2189 1044 2244 oram,

209 2281 348 2369 Hospitii
363 2279 434 2369 quis
448 2281 536 2345 nulla
550 2279 646 2363 fides,
659 2279 717 2346 scd
735 2281 836 2345 limite
855 2297 945 2344 recto

207 2395 343 2484 Puppis,
357 2411 389 2458 et
403 2396 516 2483 aequali
534 2411 731 2459 transcurrat
748 2395 899 2460 carbasus
916 2417 1003 2458 aura.
1191 2413 1229 2450 ⁶1⁵

194 2604 249 2650 600.
262 2606 310 2648 Aut
321 2613 428 2666 torqueat.
440 2602 515 2648 Vatic.
529 2613 552 2648 ct
564 2602 637 2648 Cocli
646 2603 717 2650 codd.
729 2612 752 2648 et
764 2602 818 2648 edd.
831 2613 885 2650 ante
897 2603 1117 2650 eur.-601.nn
1128 2613 1150 2649 et
1164 2613 1230 2650 secat.

163 2685 253 2728 Bonon.
269 2681 322 2726 cod.
339 2707 369 2716 —
384 2681 439 2728 603.
456 2683 516 2726 Gens
532 2681 572 2727 tbi.
588 2680 664 2726 Codd.
676 2690 700 2725 ct
710 2681 765 2727 edd.
776 2691 830 2728 ante
842 2681 921 2726 lleins.
937 2707 967 2716 -
985 2681 1040 2734 dot.
1057 2680 1104 2726 Sed
1113 2681 1194 2743 qualia
1209 2692 1232 2725 et

162 2770 261 2824 quanta.
274 2759 349 2807 Codd.
365 2769 389 2806 et
401 2759 455 2806 edd.
468 2769 552 2821 preter
564 2761 664 2819 lingent.
674 2785 705 2794 —
715 2759 769 2806 606.
787 2763 833 2808 Nec
849 2761 896 2804 tibi.
909 2759 984 2805 codd.
1000 2767 1023 2805 et
1033 2759 1087 2806 cdd.
1102 2768 1156 2805 anto
1165 2760 1230 2806 em.

164 2843 238 2886 Nune.
252 2839 327 2886 Codd.
343 2847 367 2884 et
382 2839 436 2884 edd.
450 2849 535 2899 praeter
551 2839 640 2884 Bouon.
658 2839 669 2882 l
690 2848 713 2884 et
724 2837 803 2884 licius.
823 2864 855 2873 -
868 2839 922 2893 614.
943 2839 1037 2883 unone.
1047 2837 1122 2884 Vatis.
1141 2839 1230 2883 Bonon.

164 2917 234 2964 codd.
251 2927 274 2964 et
288 2918 341 2964 edd.
353 2926 407 2964 autc
417 2919 518 2979 lingent.
528 2920 571 2964 Eo.

151 3126 235 3174 rupe,
250 3104 404 3158 altissimum
419 3105 447 3156 in
466 3105 552 3158 nubes
560 3114 675 3156 erectum
756 3107 817 3173 607.
830 3108 898 3155 Ludo
907 3107 1096 3171 volitansqtuun
1107 3118 1235 3155 cannaru-

166 3183 502 3251 montem(rid.VIIl,214)
512 3221 520 3246 ,
529 3186 674 3244 Carambin,
718 3186 792 3251 potho
803 3186 922 3236 Pulvems
934 3187 1041 3236 exsultat
1052 3181 1234 3250 quaomnia

164 3263 374 3334 promontorium
396 3262 593 3335 Paphlagonia,
618 3266 679 3331 quid
721 3261 765 3316 hic
777 3258 846 3315 hene
856 3261 974 3316 delecta:
992 3259 1103 3315 mirifice
1114 3259 1162 3314 sihi
1176 3261 1233 3330 pla·

165 3361 312 3402 tmnorem,
327 3362 389 3409 quas
398 3345 446 3392 Irt's
461 3341 557 3396 fluvius
567 3357 681 3411 torqueat
721 3353 781 3396 cent
794 3345 956 3408 Amazones,
967 3341 1040 3413 quod
1057 3340 1170 3394 incitatis
1181 3379 1188 3404 ,
1206 3350 1236 3392 ut

166 3421 379 3492 (vehementiam
398 3421 535 3493 designat)
552 3443 633 3491 aquas
652 3435 679 3476 et
720 3421 857 3494 pulverem
872 3421 1014 3492 colligant,
1033 3421 1108 3492 equis
1125 3419 1235 3472 volitare

167 3508 269 3553 Aaron.
283 3531 319 3540 —
334 3505 374 3555 Dc
385 3507 488 3553 Ancona
496 3522 521 3554 v.
531 3502 565 3556 ad
577 3502 677 3556 calcem
722 3519 769 3572 per
784 3519 891 3572 campos
899 3500 1000 3572 possint
1012 3517 1021 3562 ;
1034 3503 1177 3564 ululataque
1188 3500 1234 3548 tel·

166 3577 245 3651 hujus
258 3579 319 3632 libri
332 3590 387 3632 not.
397 3584 457 3632 600.
468 3579 518 3633 En.
723 3585 776 3640 Ius,
795 3581 910 3650 graviter
923 3597 1060 3642 resonans,
1074 3577 1192 3636 intremit,
1214 3590 1240 3626 et

202 3663 264 3711 602.
284 3664 428 3727 Magnoque
447 3675 535 3714 exorta
554 3664 677 3722 Gradivo,
719 3680 817 3729 pugnas
837 3674 902 3712 mota
924 3674 1008 3727 pater,
1036 3657 1126 3720 Mars,
1150 3657 1238 3706 incitat

167 3737 269 3801 Marte,
275 3757 411 3806 gennuae
417 3739 543 3806 scaturiens
553 3743 624 3792 crede
633 3759 679 3790 ea·
723 3742 807 3789 hasta.
1150 3777 1153 3784 .

166 3830 257 3877 ternas,
275 3822 321 3868 sed
337 3819 434 3885 qualis,
452 3822 497 3868 scd
511 3817 571 3886 (bia
584 3819 678 3889 repeti·
758 3821 820 3870 611.
829 3820 895 3866 Gens
906 3816 1035 3877 &abbam
1046 3817 1056 3880 (
1066 3811 1120 3863 vid.
1133 3809 1169 3871 V,
1187 3816 1232 3871 tlt

168 3905 223 3948 tum
231 3901 276 3948 sed
288 3896 399 3950 intendit
409 3897 571 3967 orationem)
584 3913 677 3965 quanta
722 3899 800 3967 sqq.)
813 3931 821 3956 ,
833 3896 899 3944 duris
908 3895 1005 3961 patiens
1019 3893 1059 3942 cui
1070 3894 1145 3941 cultu
1153 3893 1178 3940 in
1190 3907 1234 3938 ar-

167 3977 228 4025 oirt's
246 3977 360 4037 insultat,
375 3975 548 4047 contemptim
569 3995 614 4030 eos
631 3977 678 4030 ha·
723 3979 772 4034 vis,
785 3973 882 4045 quibus
898 3969 1031 4042 lapidosus
1053 3989 1115 4040 ager
1130 3981 1235 4020 tenuem

168 4054 226 4116 bet,
244 4059 314 4118 Enyo
334 4057 452 4124 (nomen
469 4075 582 4127 graccum
601 4061 679 4110 Bello·
723 4055 822 4106 rictum
846 4052 959 4122 prabet,
984 4065 1007 4100 ec
1033 4064 1101 4100 tonat
1120 4049 1232 4118 afflicta,

168 4153 208 4184 uec
219 4136 228 4197 )
237 4169 245 4194 ‚
254 4137 358 4202 divaque
364 4141 467 4198 innuba,
478 4155 580 4207 semper
590 4137 677 4208 virgo,
723 4130 821 4184 malleis
828 4148 962 4203 percussa,
970 4148 1063 4198 semper
1070 4131 1155 4180 dotans
1162 4129 1235 4193 ignea

169 4211 271 4277 Pallas,
286 4219 410 4283 Gorgonei
424 4221 546 4286 gestatrix
562 4220 674 4277 incussi,
723 4230 816 4264 massa.

169 4291 261 4361 capitis
271 4291 394 4346 Medusae.
684 4327 692 4352 .
758 4295 818 4354 614.
832 4292 933 4356 Hospitii
945 4292 997 4356 quis
1008 4289 1163 4357 unllafides‚
1177 4300 1234 4335 om-
