3198 5106
375 564 443 610 ccx
656 535 830 609 rutel
860 537 1136 608 BURMANNI

376 685 409 734 et
428 667 510 757 quid
529 667 571 732 de
590 667 670 733 Silio
685 665 760 734 Aldi
774 666 900 748 judicet
919 669 1071 749 Carrion,
1090 665 1155 732 vid
1177 665 1234 742 lib.
1253 668 1286 731 ll
1307 667 1446 734 Emend

375 797 445 862 cap.
457 776 508 856 ll,
520 787 553 836 et
563 795 635 861 que
645 773 686 846 cl,
702 771 988 838 Drakenborchius
1001 774 1036 838 in
1049 772 1177 862 egregia
1189 771 1377 860 prelatione
1388 797 1447 842 sua

375 880 418 945 ad
439 879 554 947 sitium
572 877 614 944 de
639 879 738 943 Juntn
756 895 789 943 et
814 877 899 944 Aldo
921 901 996 943 vere
1022 877 1254 968 pronuntiavit
1276 881 1347 944 lam
1368 901 1446 946 vero

375 980 537 1071 quidquid
554 982 674 1065 Aldus,
690 983 806 1066 Junta,
821 999 853 1048 et
868 983 921 1048 alii
936 983 1071 1064 alicujus
1089 982 1232 1046 nominis
1251 985 1446 1074 typographi

376 1088 561 1170 ediderant,
573 1088 608 1154 id
624 1087 742 1178 cupide
760 1089 870 1154 statim
885 1089 1111 1154 ultramontes
1128 1089 1352 1178 exprimebant
1363 1089 1445 1156 Fro-

231 1257 233 1260 ,
372 1195 506 1276 benins,
517 1193 712 1282 Stephanus,
725 1195 896 1276 Golinaeus,
909 1193 1075 1282 Gryphius
1091 1195 1206 1260 etalii:
1220 1217 1364 1283 quorum
1376 1195 1445 1262 duo

372 1303 498 1391 priores
517 1300 634 1366 merito
656 1321 718 1364 suo
745 1299 918 1390 diligentiae
934 1299 1082 1382 leudem,
1099 1315 1132 1366 et
1152 1301 1273 1366 inerte
1294 1323 1353 1367 sue
1374 1304 1444 1392 psl·

371 1425 459 1472 mam
475 1408 670 1472 retulerunt.
685 1405 895 1471 Frobeniauae
909 1407 997 1472 enim
1017 1422 1051 1472 et
1071 1402 1310 1496 Stephaaorum
1324 1408 1443 1474 editio-

371 1536 430 1578 nes
446 1513 521 1595 jure
541 1513 652 1602 magni
674 1510 759 1576 fiunt
780 1511 821 1578 ab
839 1511 975 1578 eruditis
992 1535 1001 1578 t
1019 1513 1096 1601 quia
1115 1513 1177 1592 illis
1203 1513 1327 1581 admoti
1349 1517 1443 1580 fuere
1556 1537 1558 1548 ¹

370 1621 431 1684 riri
445 1619 641 1700 doctissimi,
660 1618 719 1706 qui
737 1618 861 1692 collatis
877 1617 1076 1684 editionibus
1091 1618 1204 1701 variis,
1225 1636 1258 1686 et
1273 1619 1443 1686 codicibus

371 1726 516 1814 scriptis,
537 1725 595 1794 ubi
619 1723 712 1812 copia
732 1739 818 1808 erat,
841 1725 944 1790 multa
965 1725 1065 1790 millia
1088 1724 1281 1813 mendarum
1301 1727 1442 1792 susttrle·

370 1846 469 1914 runt,
491 1847 525 1896 et
541 1831 673 1920 signum
689 1843 862 1894 erexerunt
881 1829 984 1895 bonas
1002 1828 1162 1895 editiones
1183 1853 1258 1912 non,
1274 1829 1443 1912 festinmo,

371 1935 430 2002 sed
447 1959 525 2002 cum
545 1957 624 2002 cum
643 1949 677 2000 et
697 1933 809 2000 surdo
828 1935 976 2004 curandi.
996 1937 1129 2002 Colinaei
1152 1959 1233 2002 vero
1254 1952 1288 2001 et
1306 1935 1444 2026 Gryphii

371 2043 476 2108 nullas
493 2042 562 2108 fere
575 2039 659 2123 vidi,
673 2063 746 2129 quae
764 2040 849 2108 hanc
863 2040 994 2108 laudem
1007 2056 1211 2124 mereantur,
1233 2057 1267 2107 et
1284 2064 1359 2131 quae
1374 2064 1443 2106 non

371 2147 412 2217 ad
424 2147 561 2212 verbum
581 2169 665 2236 soepe
680 2130 828 2213 hanc'vel
837 2147 925 2212 illam
938 2145 1115 2212 editionem
1127 2147 1319 2235 exprimant.
1333 2149 1444 2232 Quare

373 2254 456 2322 lucri
473 2253 647 2342 cupidine,
675 2269 708 2318 et
721 2252 853 2318 fortuna
874 2272 1006 2318 omnem
1024 2273 1139 2318 eorum
1162 2253 1442 2343 typographorum

371 2381 503 2448 opernm
517 2359 738 2448 gubernante,
752 2357 933 2423 tolerabiles
945 2374 1041 2441 sunt,
1050 2358 1078 2423 si
1093 2357 1135 2423 ad
1148 2359 1235 2424 bona
1248 2359 1443 2446 exemplaria

371 2480 450 2530 sunt
461 2486 637 2553 expressae3
654 2463 746 2534 fede
760 2481 884 2532 verost
896 2463 1021 2548 infide,
1041 2465 1099 2530 ubi
1110 2466 1212 2530 melos
1225 2480 1375 2530 auctores
1393 2486 1444 2530 se·

371 2587 529 2658 quuntur.
551 2572 602 2636 Ne
623 2569 664 2636 de
676 2571 746 2636 eliis
758 2591 872 2660 evager
887 2570 1033 2660 longius,
1042 2571 1160 2636 Valerii
1176 2569 1338 2636 codicesa
1355 2570 1444 2634 Coli-

371 2699 444 2740 neeo
460 2690 494 2741 et
509 2676 657 2766 Gryphio
675 2697 843 2770 expressos
862 2677 1082 2759 annuemus,
1097 2700 1180 2765 quos
1196 2679 1446 2766 Argentoraten-

353 2805 437 2848 sem
456 2783 634 2874 Eugentini
648 2799 714 2851 tem
731 2781 868 2848 fideliter
883 2783 1028 2848 imitatos
1047 2805 1116 2850 esse
1132 2799 1234 2848 testor
1248 2797 1283 2847 et
1299 2781 1443 2864 affirmo,

369 2905 407 2956 ut
421 2906 454 2954 et
468 2890 546 2956 vitia
559 2911 734 2977 operarum
755 2888 966 2971 retinuerint,
984 2904 1017 2954 et
1033 2889 1067 2954 in
1086 2888 1287 2977 paucissimis
1302 2889 1381 2952 locis
1401 2887 1443 2953 ab

369 2994 547 3082 archetypo
567 2993 732 3060 differant.
756 2993 915 3082 Exemplo
936 3015 1004 3058 uno
1030 3010 1086 3058 aut
1107 2994 1208 3058 altero
1233 2993 1331 3081 (nam
1347 2993 1443 3058 tedet

365 3102 432 3182 jam
447 3101 565 3166 harum
577 3099 869 3181 observationum,
889 3099 1001 3187 quales
1018 3100 1137 3187 passim
1160 3101 1195 3162 in
1217 3101 1303 3164 notis
1328 3121 1442 3164 occur·

368 3204 459 3292 runt)
470 3203 640 3294 defungar.
656 3204 726 3270 Lib.
740 3203 797 3284 lV,
813 3203 892 3286 268,
907 3205 1011 3291 qualis
1024 3206 1058 3268 in
1072 3203 1144 3268 alto
1158 3204 1270 3270 Pliade
1282 3220 1379 3294 capta
1388 3228 1442 3268 ra·

368 3316 408 3377 tis
428 3309 532 3376 edidit
553 3293 760 3398 Engentinus
775 3308 854 3372 vitio
873 3331 1068 3397 operarum:
1087 3332 1161 3375 nam
1180 3312 1229 3376 Pii
1253 3311 1352 3376 editio
1374 3309 1441 3374 alto

369 3416 485 3496 bebet;
499 3413 556 3477 sed
573 3429 606 3476 et
621 3410 782 3476 Colinaeus
802 3428 835 3476 et
846 3412 1011 3500 Gryphius
1024 3412 1096 3478 atta
1112 3413 1293 3495 dederunt,
1316 3437 1356 3478 ex
1377 3438 1441 3502 qua

369 3523 509 3588 lectione
531 3519 647 3584 vitiosa
676 3533 709 3582 et
731 3519 830 3584 stulta
854 3519 1013 3584 sententia
1036 3520 1150 3584 oritur.
1182 3520 1307 3586 Eodem
1334 3520 1441 3602 libro,

368 3649 466 3693 versu
481 3628 545 3703 214
554 3622 700 3712 ,fugila
714 3625 951 3690 resultantibus
964 3637 1033 3690 aret
1046 3613 1170 3708 humus,
1190 3650 1250 3714 pro
1261 3629 1357 3706 raris,
1370 3628 1440 3690 En·

371 3732 526 3824 gentinus
540 3729 706 3811 ediderat,
721 3752 781 3794 nec
795 3729 1012 3796 emendarunt
1024 3731 1093 3797 duo
1109 3732 1144 3798 hi
1161 3721 1439 3820 typographorum

370 3837 550 3926 coryphei,
570 3837 621 3901 vel
642 3859 754 3900 eorum
775 3851 991 3919 correctores,
1008 3838 1111 3926 ignari
1124 3835 1289 3902 latinitatis
1315 3851 1348 3899 ct
1373 3859 1441 3898 mo-

370 3945 487 4009 dorum
515 3945 727 4034 poeticorum.
747 3943 818 4019 Lib.
842 3944 911 4025 Ill,
937 3943 1015 4025 165,
1040 3942 1317 4032 Argentoratensis
1339 3941 1439 4006 editio

371 4051 472 4116 hebet
480 4099 489 4133 ,
494 4050 569 4140 jam
582 4049 666 4114 abies
672 4050 832 4138 piseoeque
846 4061 952 4130 rursu,
967 4050 1167 4138 prosamque
1174 4074 1187 4129 ;
1201 4065 1234 4114 et
1246 4037 1331 4112 banc
1344 4049 1439 4112 metri

371 4157 478 4222 labem
500 4157 709 4220 retinuerunt
732 4156 892 4220 Colineeus
914 4171 946 4219 et
970 4155 1157 4243 Gryphins:
1176 4156 1275 4244 plura
1300 4156 1440 4244 reperiet

372 4265 474 4328 lector
488 4262 521 4324 in
539 4262 657 4326 nostris
671 4260 1025 4344 animadversionibus,
1038 4260 1172 4327 undeet
1186 4261 1220 4327 in
1238 4261 1437 4351 paucissimis
