3246 5112
399 441 526 506 Novl
557 441 807 506 EDITORIS
835 441 988 508 NOTAE.
1173 465 1225 536 '79

157 556 311 620 Britannia,
326 553 438 609 bellator
451 553 588 627 egregius,
601 553 766 627 triumphem
779 555 880 610 Urbnn
895 555 973 608 rediit
991 557 1114 626 (Sueton.
1126 559 1226 629 Caius,
1253 595 1256 606 .

156 642 322 786 cailleiiiiia,
337 693 501 793 suffragante
511 720 678 784 Bumnsnno,
689 719 725 772 ad
738 720 879 776 Maurum
894 722 948 776 Jul.
960 723 1070 778 Cereris
1082 726 1111 779 in
1124 726 1225 781 Britan-

157 810 232 863 niam
247 805 441 880 expeditionem
454 804 549 877 respici
566 804 619 858 hoc
637 805 696 858 loco
711 817 816 870 censet,
829 805 1011 880 pluralemque
1024 828 1164 864 numerum
1176 831 1226 884 pro

158 887 288 960 singulari
303 905 352 960 per
363 890 466 959 lppacu
482 885 562 937 luisse
572 884 688 956 positum
697 901 706 947 ς
716 884 761 937 sed
775 885 851 938 falso.
866 887 894 940 si
908 887 966 958 quis
977 888 1045 964 eninr
1055 901 1178 961 paratum
1191 893 1226 944 ab
1328 865 1331 872 Ι

158 975 278 1044 Augusto
293 971 394 1024 bellum
403 1008 411 1034 ,
421 968 615 1040 ridiculamque
626 969 683 1023 Caii
694 967 886 1041 expeditionem
895 971 1059 1036 meminerit,
1071 975 1227 1030 intellexerit

159 1057 240 1129 plane
253 1066 372 1107 nostrum
384 1056 444 1126 jure
461 1050 571 1116 dixisse,
586 1053 723 1107 Oceanum
735 1053 863 1108 hactenns
875 1054 964 1119 Iulos,
977 1054 1005 1107 id
1017 1067 1071 1120 est,
1086 1058 1226 1131 imperato·

161 1159 221 1193 rum
238 1139 322 1211 gentis
337 1137 414 1190 Juliae
428 1135 637 1190 dominationem
654 1135 821 1208 indignatum
839 1138 929 1192 lunae.
940 1139 1035 1192 Censet
1048 1138 1170 1196 Heinsius
1182 1143 1226 1196 hic

158 1221 241 1278 alludi
260 1221 470 1294 expeditionibus
482 1220 536 1272 Jul.
551 1219 675 1283 Cereris,
689 1220 794 1274 Claudii
808 1233 834 1274 et
846 1222 976 1285 Neronis;
989 1221 1112 1292 equidem
1126 1243 1162 1278 an
1179 1245 1227 1278 un·

158 1325 239 1380 quam
256 1305 289 1359 de
306 1303 429 1360 intranda
447 1303 582 1358 Britannia
598 1304 670 1358 Nero
689 1304 846 1376 agitaverit,
861 1323 969 1376 proram
986 1305 1086 1358 nescio.
1103 1307 1228 1362 Similiter

160 1391 240 1444 Silina
252 1390 405 1444 Flavianum
418 1397 523 1458 gentem
541 1385 617 1440 Julin
632 1387 752 1440 conferre
766 1387 867 1454 voluit,
881 1388 928 1441 lib.
941 1389 998 1453 111,
1013 1389 1084 1458 ⁵9⁵:

423 1535 429 1546 .
446 1534 452 1545 .
471 1533 478 1546 .
495 1501 606 1546 Etsacria
618 1501 713 1562 augebit
722 1516 809 1548 nomen
818 1502 883 1548 lulis.

195 1623 231 1674 V.
249 1640 289 1674 ro.
306 1623 377 1688 Eripe
387 1639 426 1670 mc
432 1621 545 1688 popidis,
557 1622 689 1671 relabenti
699 1622 783 1670 aidila
794 1633 874 1672 unte.
883 1620 1021 1674 —Amore
1030 1620 1118 1675 laudis
1126 1659 1134 1686 ,
1142 1634 1167 1675 et
1180 1641 1226 1676 ru.

160 1725 210 1778 pra
222 1716 328 1758 ceteros
344 1702 478 1757 eminendi
487 1700 611 1774 cupidine
626 1721 730 1775 semper
743 1701 887 1774 flagrarunt
896 1715 994 1775 poete,
1005 1716 1035 1760 ut
1043 1705 1094 1778 ipsi
1104 1706 1175 1760 ultro
1187 1708 1228 1761 la·

161 1789 358 1861 tentumvirgil.
374 1786 473 1860 Georg.
485 1787 541 1850 111,
553 1792 568 1839 8
582 1804 589 1838 :

376 1943 381 1954 .
400 1942 406 1953 .
424 1942 430 1954 .
446 1907 567 1954 Tentanda
577 1907 615 1954 ria
625 1916 676 1962 est,
687 1923 734 1969 qua
743 1922 782 1955 me
792 1923 888 1969 qnoque
897 1907 985 1969 poesim

374 1983 468 2030 Tollere
478 1983 557 2029 humo.

161 2094 238 2166 Prop.
260 2091 334 2163 Eleg.
354 2093 412 2155 111,
433 2107 468 2143 1:
490 2097 544 2159 Quo
564 2110 602 2142 me
616 2092 694 2160 fama
714 2095 779 2142 lavat
793 2107 858 2143 tem
879 2095 996 2146 sublinit.
1017 2091 1098 2146 Ovid.
1116 2093 1224 2146 Metam.

160 2177 223 2241 XV,
236 2181 284 2241 148
294 2213 303 2239 ,
313 2175 407 2230 iisdem
423 2175 478 2229 sere
490 2192 520 2229 ec
530 2175 625 2228 Noster
638 2173 769 2228 ornantis
783 2175 872 2228 verbis
885 2176 1062 2250 Pythagoram
1078 2177 1227 2249 loquentem

161 2260 279 2313 ¹¹¹d¹¹⁰¹l·
363 2383 368 2394 .
387 2382 392 2394 .
412 2381 417 2392 .
431 2345 590 2408 juvatterria,
606 2355 629 2394 et
641 2345 711 2392 inerti
719 2345 774 2392 sede
783 2343 869 2393 relictis

360 2422 429 2468 Nube
443 2421 503 2468 vehi.

167 2531 307 2595 Horatius,
322 2529 375 2584 Od.
387 2533 418 2596 1,
433 2547 481 2602 29:

419 2649 590 2696 Madocnrun
600 2648 692 2694 hedera
703 2648 918 2708 promittentium
1035 2705 1037 2716 Ι

421 2725 464 2772 Dis
474 2724 571 2770 miscent
582 2724 684 2785 ruperim
700 2738 737 2770 me
749 2723 853 2784 gelidum
863 2737 957 2774 nemus,
999 2765 1004 2779 ,

422 2797 630 2861 Nympharumque
641 2797 702 2843 leves
715 2813 768 2843 cnm
780 2797 863 2857 satyris
872 2797 937 2844 chori

423 2873 553 2934 Secernunt
565 2871 663 2934 populo.

162 2981 236 3034 Idem
250 2981 284 3034 de
301 2982 414 3048 virtute,
430 2981 483 3036 Od.
499 2982 557 3049 111,
575 3001 606 3044 a,
620 2981 672 3034 23:

456 3090 580 3148 cetusque
588 3087 708 3149 vulgares,
720 3095 744 3134 et
753 3085 823 3132 odam

408 3162 503 3223 Spernit
517 3164 614 3209 humum
629 3161 734 3223 fugiente
747 3177 831 3223 penna.

162 3271 249 3334 Quum
261 3280 349 3322 autem
363 3268 427 3322 dicit
437 3271 530 3322 Noster
544 3287 551 3322 :
564 3273 638 3338 Eripe
651 3290 701 3332 me,
714 3282 764 3323 etc.
777 3267 841 3321 nihil
857 3267 930 3322 aliud
943 3269 1028 3322 voluit
1037 3287 1117 3341 quam
1130 3289 1225 3341 rogaro

163 3353 328 3426 Principem,
340 3365 370 3405 ut
383 3353 432 3406 sibi
450 3351 519 3406 vires
533 3352 646 3407 adderet
657 3391 665 3418 ,
676 3353 779 3406 afflaret
791 3352 908 3425 spiritus,
919 3352 1024 3405 canenti
1039 3353 1137 3405 laceret
1150 3352 1225 3423 (vid.

161 3438 230 3491 intra
246 3456 315 3490 vers.
334 3443 392 3506 11).
407 3439 498 3503 Quare
511 3440 595 3492 miror
607 3438 657 3491 cel.
672 3436 809 3490 Dodwello
827 3438 864 3491 ita
877 3437 956 3511 hujus
973 3435 1023 3489 loci
1041 3455 1146 3490 sensum
1165 3433 1227 3487 cali·

161 3541 235 3592 gesse
245 3533 291 3584 ,nt
299 3520 492 3595 Vespasianum
500 3523 556 3594 jam
566 3521 619 3574 vita
630 3521 783 3575 defunctum
792 3520 946 3583 crediderit,
956 3533 1136 3592 temporeque
1146 3538 1223 3572 suum

161 3604 198 3656 illi
206 3623 302 3676 poema
311 3605 421 3658 Flaccus
434 3602 583 3658 dedicarit:
597 3629 608 3652 ι
621 3604 779 3670 Quomodo,
791 3605 826 3656 ait
836 3641 845 3667 ,
856 3605 991 3657 Valerium
1003 3604 1049 3670 ille
1057 3604 1141 3676 potuit
1151 3615 1226 3656 terre

161 3689 276 3760 eripere,
292 3689 313 3742 ai
327 3688 381 3760 ipse
395 3687 483 3741 adhuc
500 3700 646 3742 versaretur
660 3688 688 3740 in
707 3687 805 3741 terris?
819 3713 830 3734 ι
853 3688 887 3740 Εῑ
901 3705 961 3740 mox
976 3687 1010 3741 od
1028 3708 1083 3760 seq.
1099 3705 1223 3741 versum:

162 3779 249 3826 Sancte
255 3788 352 3842 patan-
362 3775 472 3826 invocat
479 3809 486 3836 ,
494 3772 602 3844 inquam
610 3810 618 3835 ,
626 3772 673 3826 sed
683 3783 802 3826 sanctum
810 3775 874 3846 jam,
883 3783 1064 3825 consecratum
1072 3771 1203 3828 videlicet.
1216 3798 1227 3818 υ

164 3857 282 3912 Dodwell
296 3857 392 3912 annal.
406 3857 517 3922 Quintil.

200 3978 232 4028 Υ.
251 3995 293 4030 11.
305 3981 393 4028 Sancte
401 3991 490 4046 pater,·
505 3991 662 4044 incertamque
674 3977 738 4044 fave
753 3979 900 4028 verteranda
914 3980 1014 4027 canenti

306 4066 382 4112 Facta
394 4064 485 4112 vimm.

164 4165 252 4212 darete
265 4178 350 4226 potem·
368 4161 400 4212 nd
416 4162 496 4232 patris
511 4161 600 4230 putriae
612 4162 811 4232 appellationem
827 4162 920 4232 respici
939 4162 1069 4214 credimus
1081 4200 1087 4224 ,
1101 4179 1181 4231 quarn
1198 4159 1231 4208 ab
