3226 5114
386 507 448 573 256
685 511 720 572 C.
745 508 941 575 VALERII
972 513 1141 578 FLACGI

425 641 687 730 languentisque
701 657 810 706 movet
824 645 944 708 trustra
960 645 1132 709 conamina
1150 634 1290 714 desitrae:
1394 683 1399 694 ·
1429 673 1458 716 so

424 756 550 842 Corpus
563 753 662 818 hebet
676 776 810 838 somno,
826 758 1006 847 refugaque
1023 759 1168 825 eluditur
1183 762 1319 846 umbra3

424 869 510 932 Tum
528 869 693 957 lacrymis,
710 885 782 934 tum
796 893 877 936 rece
891 873 1000 960 sequi,
1017 889 1087 938 tum
1101 897 1253 965 rumpere
1267 894 1404 965 questus
1418 929 1428 962 ‚

426 983 539 1064 Quum
553 1005 671 1072 sopor,
686 999 719 1048 et
733 1006 816 1048 vano
836 1007 908 1073 spes
927 1000 1038 1050 moesta
1055 989 1227 1052 resolvitur
1241 1006 1326 1056 actu.

425 1099 557 1163 Fluctus
575 1097 616 1162 ab
634 1099 789 1162 undisoni
807 1122 869 1163 ceu
885 1099 969 1164 forte
984 1101 1149 1190 crepidine
1166 1105 1233 1168 saxi

426 1213 538 1294 Quum
555 1213 638 1302 rapit
654 1213 836 1302 Halcyones
854 1213 979 1278 miserre
996 1215 1167 1305 fetumque
1181 1218 1363 1308 laremque3
1422 1244 1448 1290 ts

424 1328 455 1393 lt
470 1351 568 1419 super
583 1351 666 1417 segra
680 1351 812 1417 parens,
829 1331 1060 1418 queriturque,
1077 1333 1280 1398 currentibus
1294 1335 1407 1419 undis,

424 1445 520 1508 Certa
532 1445 642 1533 sequi,
659 1466 869 1532 quocumque
885 1444 1005 1528 ferant,
1021 1444 1184 1535 audetque
1200 1465 1379 1536 paretque,

372 1577 374 1580 ·
421 1559 488 1622 Icta
502 1557 621 1623 fatiscit
635 1557 727 1644 aquis
742 1555 848 1620 donec
860 1555 996 1642 domus,
1012 1559 1191 1648 haustaque
1209 1559 1313 1626 fluctu
1327 1579 1394 1645 est;

421 1675 478 1737 Illa
493 1672 605 1738 dolens
623 1693 737 1735 vocem
756 1670 863 1753 dedit,
880 1689 959 1736 etse
975 1674 1106 1738 sustulit
1121 1675 1196 1739 alis:

421 1786 517 1854 Haud
535 1787 625 1851 aliter
644 1787 751 1850 somni
768 1803 902 1852 moesttu
918 1787 1025 1854 labor:
1043 1789 1147 1856 exsilit
1160 1813 1290 1874 amens,
1418 1811 1444 1854 ⁵0

420 1903 605 1989 Effusisque
622 1922 719 1990 genas
736 1901 876 1966 lacrimis
890 1903 989 1992 rigat:
1006 1903 1167 1987 -Ibimus,
1180 1905 1301 1994 inquit3

420 2019 514 2083 Solus
532 2033 565 2082 et
580 2017 641 2080 hos
658 2029 786 2080 montes
802 2015 994 2104 desertaque
1007 2016 1109 2081 lustra
1124 2018 1264 2101 tenebis‚

407 2210 446 2257 41.
465 2200 540 2248 vada.
556 2201 646 2246 lienem
662 2198 716 2244 eod.
731 2224 763 2234 -
778 2197 817 2254 45.
835 2199 886 2245 Cur.
897 2197 988 2245 Vitioee
999 2199 1064 2245 Just.
1080 2199 1124 2246 En.

376 2367 487 2422 matra,
505 2371 616 2414 conatur
634 2358 752 2412 dextram
768 2360 884 2430 erigere:
930 2361 1124 2429 rapitfitumque
1132 2365 1270 2430 laremque,
1283 2361 1370 2435 pullos
1378 2381 1439 2416 cum

375 2443 487 2504 frutus,
511 2439 634 2510 languet,
657 2455 779 2491 somnum
801 2437 887 2492 discu-
929 2437 986 2509 ipso
1000 2437 1075 2493 nido.

374 2533 490 2574 tereuon
497 2529 597 2591 potest,
612 2536 697 2584 corpus
706 2519 776 2569 lebet
784 2537 880 2577 somam
966 2521 1010 2582 46.
1022 2517 1116 2571 Nescio
1128 2559 1136 2585 ‚
1147 2537 1195 2574 cur
1209 2519 1322 2591 argutati
1334 2519 1386 2572 sint
1398 2520 1439 2572 in·

374 2603 511 2670 refisgaque
520 2600 623 2649 eluditur
630 2598 724 2648 umbra.
924 2607 1054 2669 terpretes
1064 2596 1092 2649 in
1106 2598 1165 2651 loco
1179 2599 1317 2652 facillimo:
1328 2603 1361 2662 it,
1372 2599 1439 2652 voli·

410 2687 454 2744 4²·
469 2675 674 2749 Expergefactus
691 2673 800 2727 taudem
812 2714 820 2741 ,
834 2691 884 2727 non
927 2686 979 2743 tat,
1000 2695 1072 2745 super
1089 2680 1161 2728 stadis
1174 2680 1315 2730 mutibus
1324 2715 1333 2739 ,
1353 2681 1437 2746 queri·

373 2761 480 2812 lacrimis
487 2794 495 2818 ,
512 2774 578 2826 quas
589 2773 639 2808 nec
650 2755 745 2808 hernes
758 2773 807 2808 nee
819 2753 883 2808 deos
927 2767 1013 2822 aerque
1021 2756 1168 2826 (querula),
1176 2759 1297 2823 audetque
1305 2771 1434 2824 pavetque,

373 2838 442 2891 adeo
464 2833 591 2888 dedecere
616 2835 726 2886 Veteres
753 2834 884 2905 putabant
927 2833 1060 2905 eleganter
1072 2833 1126 2888 duo
1141 2835 1435 2906 animimotussibiop·

371 2916 446 2989 (vid.
467 2915 535 2967 infra
552 2915 606 2974 vt,
625 2913 698 2981 738,
721 2922 747 2965 et
763 2913 881 2984 Lessing.
925 2913 1006 2985 positi
1019 2913 1046 2966 iu
1061 2912 1154 2968 eodem
1168 2913 1285 2987 subjecto
1299 2930 1306 2966 :
1321 2929 1386 2966 certa
1398 2933 1436 2964 se·

374 2999 520 3050 Laocoont.
536 2994 881 3064 p.6),tums›ocesequitur;
926 2995 985 3060 qui,
1009 3012 1160 3062 quocunqne
1174 2996 1283 3062 serant,
1308 2992 1436 3047 fluetibus

374 3091 423 3127 tum
443 3086 540 3143 questus
559 3073 657 3139 rumpit,
674 3070 768 3123 emittit
780 3111 787 3136 ,
799 3089 882 3141 quum
925 3089 981 3123 sese
990 3083 1113 3145 prompta
1127 3083 1166 3124 est
1184 3070 1363 3136 committere;
1375 3089 1435 3124 mox

370 3173 445 3227 spem
456 3171 503 3224 per
513 3149 672 3202 insomnium
684 3149 879 3221 conceptamin
925 3151 1042 3203 animum
1066 3149 1236 3222 despondet,
1257 3168 1340 3223 quum
1364 3155 1432 3210 icta,

370 3233 483 3285 nihilum
491 3228 623 3282 redactam
634 3225 717 3279 videt.
924 3228 1037 3302 agitata,
1054 3233 1153 3290 domus,
1166 3227 1246 3282 nidus
1254 3267 1263 3293 ,
1269 3231 1381 3299 fatiscit,
1398 3230 1433 3280 ri-

386 3310 503 3363 -Nobis
513 3306 880 3376 videturWagnerussrecto
924 3326 981 3360 mas
1003 3309 1075 3379 agit,
1102 3306 1274 3372 dissolvitur,
1297 3313 1433 3375 haustaque

370 3410 449 3444 sensu
463 3387 614 3440 deflexisse:
630 3386 729 3456 sopitus
742 3384 880 3449 Hercules,
914 3391 994 3458 fluctu
1009 3402 1059 3448 cst,
1084 3397 1109 3440 et
1132 3388 1318 3458 submergitur.
1339 3388 1378 3438 De
1391 3387 1433 3439 iis·

370 3490 422 3524 non
432 3480 476 3532 ‚ut
488 3467 643 3536 Wagnerus
653 3475 729 3534 putat
739 3501 746 3526 ,
758 3481 879 3535 experge·
923 3465 984 3519 dem
1006 3466 1179 3538 halcyonibus
1194 3470 1334 3518 audene'bus
1352 3465 1432 3517 simul

370 3551 455 3604 laetus
470 3585 477 3610 ‚
489 3548 552 3616 stet,
570 3541 657 3615 Hylan
680 3556 769 3602 vocat,
797 3546 877 3610 qucri-
916 3547 1109 3614 paventibusque
1126 3543 1178 3598 rid.
1197 3545 1258 3599 Seu.
1275 3546 1430 3616 agamemn.

369 3646 408 3681 tur
416 3623 488 3700 quod
495 3641 555 3676 suos
564 3621 699 3693 amplexus
709 3641 774 3692 puer
784 3622 877 3693 fugiat,
922 3626 982 3677 680.
992 3644 1031 3696 sq.

369 3699 878 3772 donecvanoconamiuetandemexper-
957 3706 999 3758 56,
1021 3701 1101 3755 Haud
1123 3702 1198 3756 aliter
1224 3702 1369 3766 Heroides,
1386 3703 1431 3755 eui

369 3788 565 3860 gelaetus‚spem
576 3799 629 3832 una
640 3797 701 3830 cum
711 3798 797 3848 sopore
805 3779 878 3834 videt
921 3787 1003 3834 somni
1009 3797 1105 3835 moestus
1119 3786 1200 3845 labor,
1213 3781 1292 3834 tristis
1302 3800 1350 3852 per
1358 3799 1429 3834 sotu-

367 3880 529 3918 evsnescere.
543 3860 594 3910 En.
920 3879 983 3913 num
991 3861 1090 3932 species
1100 3861 1185 3914 oblata
1195 3899 1203 3926 ‚
1212 3879 1286 3934 spem
1294 3861 1429 3934 injecerat,

403 3951 446 4008 44.
462 3939 536 3993 Idem
557 3937 581 3990 ei
597 3933 714 4002 accidit,
733 3935 806 4007 quod
819 3941 874 3988 tat·
919 3959 972 4012 qus
984 3941 1047 4012 vigil
1059 3938 1223 4010 dejiceretur.

365 4025 438 4091 cycni
456 4016 587 4089 (Alcedo,
603 4018 749 4083 Eisvogel),
766 4015 823 4080 evi,
836 4020 876 4066 cut'
956 4021 998 4072 5².
1023 4021 1143 4072 Desertos
1160 4019 1258 4091 igitur,
1280 4019 1318 4070 mi
1340 4017 1429 4091 Hyla,

355 4109 448 4174 flactris
468 4101 498 4149 ab
521 4099 580 4146 saxi
598 4097 714 4152 undisoni
734 4098 871 4162 crepidine,
917 4107 1020 4149 montes
1036 4097 1084 4150 hos
1101 4098 1231 4169 silvasque
1247 4099 1369 4162 tenebis,
1382 4119 1429 4149 nec

364 4201 426 4236 nam
438 4181 464 4232 in
478 4175 587 4230 summis
600 4173 717 4225 litoribus
733 4171 810 4225 nidos
824 4172 873 4225 sibi
917 4195 954 4226 res
964 4179 1202 4228 stiraberenostras?
1213 4176 1305 4230 Oratio
1312 4175 1430 4230 Hercule

364 4276 463 4315 struere
491 4257 551 4308 istas
580 4254 702 4306 volucres
728 4253 870 4318 novimus,
916 4271 968 4304 suae
978 4253 1026 4306 sibi
1038 4255 1141 4308 virtutis
1151 4255 1257 4308 conscio
1268 4254 1365 4326 digna!
1381 4257 1431 4309 Re·
