3192 5128
416 513 628 582 JACOBO
658 513 908 584 PAMELIO.
1079 540 1189 586 txxtx

92 643 234 708 laborat
249 665 335 726 sua,
358 641 417 708 sed
432 665 503 707 uon
520 643 596 708 ideo
611 665 679 709 uon
703 645 841 710 maxima
862 648 1063 736 optimorum
1085 671 1189 714 rema-

22 829 23 840 ,
96 763 201 816 neret
213 749 332 838 copia;
350 766 384 814 et
402 763 454 813 tot
465 749 640 839 scriptores
657 751 749 816 omni
765 751 886 818 invidia
901 755 1084 844 superiores
1097 758 1190 845 paul·

22 851 23 868 ¹
97 856 199 921 latim
221 856 540 946 expergiscerentur,
555 872 745 946 tanquama
767 860 856 948 gravi
872 875 906 925 et
924 859 1053 926 diutino
1072 885 1191 928 somno

100 966 360 1056 actamquae
368 968 461 1032 facile
469 966 572 1050 fieret,
580 983 672 1057 puto,
680 970 707 1032 si
716 969 902 1058 principum
912 971 1144 1059 pollicitatione
1153 997 1192 1039 ac

22 1119 23 1146 ;
102 1073 222 1140 lavore
239 1074 396 1163 pneclara
412 1074 542 1165 ingenia
561 1073 628 1169 ltuc
646 1073 869 1140 incitarentur.
884 1074 984 1158 Quod
997 1077 1041 1141 ita
1059 1077 1094 1141 iu
1112 1077 1189 1143 Gal·

105 1181 161 1246 liis
180 1180 312 1246 factum
326 1178 493 1264 videmus,
506 1197 546 1246 ut
558 1203 636 1246 suos
706 1180 848 1246 habeant
858 1181 1051 1248 Muretuset
1061 1183 1190 1248 Lambi-

22 1343 23 1378 ,
108 1309 193 1369 uos,
218 1309 310 1376 ,quos
333 1286 444 1352 mtdtis
468 1287 503 1351 in
526 1286 591 1351 hoc
609 1286 773 1353 scribendi
791 1309 909 1377 genere
932 1309 1099 1378 opponere
1116 1292 1191 1370 jure

109 1392 253 1483 possint.
275 1391 420 1458 Taruetsi
440 1413 509 1457 uon
526 1392 710 1482 negaverim
724 1393 823 1458 Italos
840 1393 918 1458 huic
938 1394 1071 1484 negotio
1086 1393 1189 1459 confi-

112 1499 239 1564 ciuudo
253 1499 390 1587 reliquis
409 1498 563 1563 omnibus
580 1499 680 1589 magis
697 1521 824 1588 semper
841 1499 941 1564 fuisse
953 1499 1102 1583 idoneos,
1119 1516 1191 1565 tum

22 1603 24 1676 ἶ
113 1605 207 1694 quod
229 1605 323 1670 Italia
345 1601 531 1669 studiorum
557 1619 661 1668 mater
685 1603 747 1686 sit,
776 1626 848 1692 quae
872 1605 1014 1670 literatos
1037 1606 1192 1695 singulari

22 1739 23 1768 1
114 1711 260 1800 quodam
272 1713 384 1776 animo
400 1711 555 1800 prosequi
571 1712 675 1793 solet,
692 1727 765 1776 mm
780 1709 871 1798 quod
886 1712 1061 1800 antiquitas
1073 1713 1191 1778 ,omnis

116 1818 239 1884 dridem
262 1817 405 1884 residere
431 1818 588 1883 videatur.
616 1819 766 1910 Quotum
792 1820 880 1882 enim
910 1841 1075 1907 quemque
1099 1819 1191 1884 inve-

117 1925 202 2007 nias,
219 1946 321 2014 quem
351 1947 427 1990 cum
449 1926 552 1990 Paulo
574 1927 741 2008 Manutio,
761 1927 787 1990 si
805 1942 862 1992 aut
886 1927 1095 1992 excellentem
1115 1947 1192 1990 eru-

118 2031 299 2116 ditionem,
327 2049 384 2097 aut
408 2032 558 2097 eximiam
584 2032 784 2124 diligentiam
808 2048 1010 2122 spectemus,
1044 2031 1194 2096 conferre

118 2135 256 2202 audeas?
279 2139 358 2203 Nou
382 2158 512 2202 necesse
541 2137 647 2202 habeo
667 2139 828 2204 Victorios
852 2154 885 2202 et
908 2137 1057 2228 Sigonius
1087 2138 1195 2201 nomi·
1262 2167 1265 2174 ·

119 2264 208 2324 nare,
226 2265 373 2330 quorum
389 2243 474 2307 fama
490 2259 523 2307 et
538 2243 639 2332 gloria
656 2259 763 2308 totum
776 2243 890 2308 orbem
905 2259 1063 2308 terrarum
1076 2264 1191 2332 perra·

118 2365 186 2437 gata
197 2365 267 2414 est:
281 2365 388 2414 unrun
401 2347 482 2414 illud
494 2348 628 2433 addam,
640 2351 713 2438 plus
730 2373 786 2414 eos
798 2373 836 2414 ex
849 2351 1022 2415 Veteribus
1036 2349 1192 2415 restitutis

22 2489 24 2532 t
117 2455 218 2520 laudis
236 2457 405 2538 retulisse,
423 2477 521 2544 quam
546 2457 667 2544 alioqui
684 2479 724 2520 ex
742 2451 852 2520 multis
869 2457 1029 2520 librorum
1048 2455 1192 2522 millibus

22 2645 23 2650 ἵ
119 2560 305 2650 prodigioso
331 2562 429 2626 titulo
459 2563 650 2651 conscriptis
682 2562 802 2626 referre
835 2562 1028 2649 potuissent.
1058 2563 1096 2663 ln
1125 2585 1191 2650 qua

22 2671 23 2676 ’
119 2666 278 2730 sententia
300 2665 363 2730 nisi
385 2668 424 2730 Τ.
448 2666 488 2732 Ι).
507 2665 716 2746 jamdudum
740 2687 809 2730 esse
827 2687 1077 2754 cognoscerem,
1101 2667 1192 2755 plus-

119 2773 229 2836 culum
244 2773 308 2836 hac
324 2774 359 2836 in
380 2795 417 2837 re
427 2789 460 2838 et
473 2773 629 2862 temporis
643 2789 677 2836 et
691 2773 810 2836 laboris
824 2794 992 2860 ponerem.
1007 2773 1071 2838 Sed
1088 2797 1193 2862 quum

119 2877 392 2960 animadvertam,
411 2901 447 2943 ea
462 2895 494 2943 te
516 2877 681 2944 studiosos
696 2899 830 2958 omnes,
849 2878 907 2965 qui
925 2879 976 2942 vel
993 2879 1193 2943 mediocrem

120 3005 208 3074 spem
225 2983 268 3049 de
289 3007 324 3050 se
345 2986 609 3066 concitaverunt,
629 2984 833 3048 humanitate
857 2983 1049 3072 complecti,
1071 3001 1192 3049 utnon

121 3091 226 3156 solum
245 3090 284 3156 iis
308 3091 506 3156 familiariter
532 3091 652 3171 utaris,
675 3089 910 3154 verumetiam
936 3089 1125 3173 consilium,
1145 3092 1194 3153 l'a·

123 3196 272 3280 euitates,
297 3197 400 3285 ipsam
425 3197 568 3285 denique
591 3197 692 3261 vitam
711 3217 788 3260 cum
810 3196 871 3261 illis
894 3217 1105 3261 communem
1124 3217 1195 3260 esse

121 3303 216 3386 velis,
235 3325 395 3391 quorsum
411 3305 527 3369 attinet
542 3320 651 3370 tecum
667 3303 817 3392 pluribus
834 3303 949 3393 agere?
960 3301 995 3366 id
1006 3302 1093 3366 enim
1108 3303 1135 3365 si
1148 3303 1196 3365 fa-

123 3431 244 3492 cerem,
257 3411 420 3499 plerisque
433 3410 556 3475 adulari
575 3411 696 3499 magis,
711 3431 810 3498 quam
828 3431 868 3474 ex
885 3410 995 3472 animo
1011 3409 1195 3496 loquicen-

124 3537 216 3600 rerer,
239 3540 304 3604 qua
318 3517 521 3608 suspicione,
538 3516 669 3597 moriar,
686 3515 713 3579 si
732 3515 911 3604 quidquam
929 3515 1010 3580 mihi
1027 3515 1194 3580 molestius

124 3639 177 3688 aut
186 3625 315 3713 gravius
328 3627 516 3716 contingere
528 3640 653 3714 potest,
665 3624 839 3712 presertim
854 3645 957 3712 quum
973 3645 1026 3686 me
1037 3622 1120 3688 adeo
1134 3623 1194 3686 tibi

22 3809 23 3822 χ
124 3729 299 3796 oberatum
314 3751 383 3796 esse
395 3732 505 3813 sciam,
519 3748 558 3796 ut
568 3733 619 3797 vel
634 3732 746 3819 capitis
759 3731 857 3811 hujus
874 3731 1024 3794 auctione
1034 3731 1120 3792 iacta
1133 3729 1196 3793 sol·

22 3855 23 3882 t
124 3834 227 3900 tendo
244 3857 314 3901 esse
331 3856 502 3925 nequeam.
517 3835 620 3920 Quod
638 3856 741 3924 quum
759 3859 827 3901 non
845 3855 992 3924 possem,
1011 3835 1072 3898 nisi
1086 3836 1194 3924 ingra-

125 3941 264 4006 tissimus
282 3963 352 4008 esse
372 3945 507 4026 vellem,
523 3943 740 4026 dissimulare,
762 3942 856 4006 ratiis
873 3943 951 4007 hinc
973 3941 1050 4006 inde
1071 3939 1195 4006 delibe-

22 4087 23 4150 t
126 4049 300 4114 rationibus
317 4067 442 4115 mature
452 4051 585 4132 habitis,
596 4052 630 4114 in
642 4073 713 4115 eam
723 4050 854 4115 tandem
867 4050 941 4114 reni
952 4050 1194 4139 cogitationem,

22 4155 24 4244 ζ
126 4154 219 4218 satius
235 4177 306 4220 esse
326 4158 422 4222 alieni
442 4159 512 4222 aeris
534 4157 730 4222 dissolvendi
748 4157 958 4238 dilationem,
982 4177 1080 4244 quam
1099 4154 1194 4217 toties

22 4289 24 4378 q
126 4259 224 4326 debiti
239 4261 515 4333 condonationem
530 4267 713 4356 impetrare.
728 4265 927 4354 Plerumque
940 4264 1028 4329 enim
1043 4282 1106 4328 usu
1121 4281 1193 4326 ere·
