3122 5126
398 569 421 612 x
673 529 674 532 ¹
804 540 1058 608 PRAEFATIO

398 678 499 763 vatis,
516 676 689 744 Patavium
708 675 809 744 fuisse
827 675 1005 768 conjicitur
1025 699 1044 743 e
1061 673 1193 743 duobus
1211 674 1375 744 Martialis
1390 677 1462 771 epi-

393 799 650 895 grammatibus,
664 801 698 885 Ι,
712 797 759 874 60
776 812 809 869 et
823 822 887 894 77,
902 798 937 866 in
956 798 1077 891 quibus
1094 822 1171 866 eum
1188 795 1313 866 Flacci
1324 800 1462 869 nomine

392 923 557 1018 designari
581 919 714 1016 vulgata
741 921 856 1014 opinio
879 935 938 989 est.
968 921 1004 989 Si
1027 944 1081 988 res
1108 920 1153 987 ita
1178 933 1248 1005 est,
1274 945 1463 1015 cognomen

391 1049 520 1131 Setini,
548 1046 685 1116 ductum
715 1045 759 1114 ab
783 1045 866 1114 urbe
890 1045 998 1129 Setia,
1025 1040 1125 1112 hodie
1151 1044 1281 1128 Sezza,
1303 1045 1338 1111 in
1363 1045 1463 1114 Latio
1499 1039 1508 1047 ’

392 1168 476 1254 sita,
493 1181 603 1262 potest
626 1167 773 1236 indicare
792 1191 869 1234 eum
892 1165 927 1232 in
945 1164 1009 1232 bac
1034 1164 1117 1233 urbe
1139 1163 1199 1232 diu
1217 1165 1465 1236 commoratum

391 1315 479 1374 esse,
500 1288 551 1358 vel
574 1290 680 1358 civem
703 1287 899 1382 adoptatum
921 1287 963 1356 ab
982 1310 1022 1355 ea
1040 1287 1150 1357 fuisse.

437 1412 607 1484 Nonnulla
627 1411 692 1482 alia
711 1412 752 1482 de
766 1411 902 1482 Valerio
921 1411 1082 1480 docerent
1102 1409 1265 1480 Martialis
1284 1411 1461 1505 Epigram-

388 1549 498 1619 mata,
515 1536 543 1604 si
559 1550 688 1605 certum
710 1549 796 1604 esset
814 1558 893 1603 eum
909 1557 1015 1601 unum
1031 1557 1159 1627 semper
1179 1531 1304 1602 Flacci
1322 1533 1459 1602 nomine

389 1657 424 1725 in
446 1657 486 1725 iis
508 1654 686 1750 designari.

435 1774 618 1863 Martialis,
642 1780 673 1864 I,
694 1799 754 1872 77,
772 1774 928 1848 bortatur
955 1776 1113 1846 Flaccum
1142 1790 1188 1869 ut,
1210 1777 1332 1845 omissa
1365 1780 1458 1876 poesi

389 1914 559 1992 tamquam
590 1899 701 1967 minus
722 1896 870 1987 lucrosa,
895 1899 938 1968 ad
960 1899 1072 1970 forum
1098 1925 1132 1968 se
1155 1913 1346 1985 convertat;
1366 1899 1460 1993 quod

388 2021 526 2116 quidem
548 2020 726 2090 consilium
747 2020 859 2089 afferri
876 2021 1012 2093 Valerio
1034 2046 1102 2090 non
1124 2024 1256 2117 potuit,
1274 2023 1337 2091 nisi
1354 2048 1458 2118 quum

389 2147 554 2241 poeticam
575 2159 679 2214 artem
698 2145 844 2239 primum
875 2160 1028 2214 tentaret.
1054 2148 1185 2216 Docent
1208 2143 1273 2213 alia
1293 2144 1462 2214 Martialis

387 2268 459 2338 loca
485 2268 640 2338 Flaccum
664 2267 875 2362 elegantioris
900 2269 976 2336 vitae
994 2268 1117 2353 fuisse,
1141 2266 1294 2362 pretiosis
1316 2267 1459 2337 divitum

388 2391 649 2479 toreumatibus,
679 2391 900 2486 AEgyptioque
924 2417 1020 2460 servo
1049 2406 1222 2491 utentem,
1255 2392 1310 2460 cui
1334 2416 1459 2460 nomen

385 2531 457 2584 erat
477 2516 695 2602 Amazonico,
713 2513 929 2609 pulchritudo
951 2516 1093 2603 eximia,
1113 2539 1295 2609 omnesque
1316 2512 1459 2600 deliciae,

385 2663 468 2734 quas
483 2636 573 2732 apud
595 2637 659 2708 hoc
681 2626 861 2732 puerorum
878 2662 981 2731 genus
999 2639 1113 2733 magni
1132 2637 1298 2706 faciebant
1314 2639 1457 2708 Romani

385 2761 467 2857 (lv,
481 2763 586 2856 epigr.
604 2759 867 2856 41¹).Praeterea
887 2761 1019 2830 videtur
1036 2759 1148 2830 villam
1173 2762 1204 2829 ei
1228 2761 1329 2830 fuisse
1347 2760 1457 2844 Baiis,

387 2908 455 2978 quo
473 2883 636 2952 Martialis
654 2908 730 2954 eum
752 2897 836 2952 esset
853 2881 1005 2952 aditurus
1021 2880 1113 2978 (XI,
1132 2887 1238 2978 epigr.
1257 2881 1329 2980 80).
1351 2882 1456 2953 Colli·

387 3007 478 3100 gitur
493 3032 536 3082 err
551 3005 618 3075 alio
637 3005 801 3076 Martialis
823 3005 896 3075 loco
916 3005 929 3091 l
937 3011 1005 3093 IX,
1027 3007 1111 3104 91),
1130 3005 1285 3077 Flaccum
1305 2991 1455 3101 peregri-

386 3143 523 3197 nantem
538 3131 662 3223 Cypri,
679 3128 847 3223 eleganter
860 3153 899 3198 ac
920 3127 1058 3198 delicate
1083 3129 1129 3198 ibi
1147 3131 1277 3198 vixisse.
1302 3131 1457 3224 Denique

386 3249 511 3320 Valerii
538 3248 647 3319 Flacci
668 3251 1017 3340 Quindecimviratus,
1040 3253 1213 3348 splendida
1235 3253 1390 3348 inprimis
1406 3253 1456 3322 di-

258 3363 266 3385 '
386 3374 517 3466 gnitas,
544 3389 578 3443 et
606 3375 676 3468 ipsa
694 3399 754 3466 per
773 3399 825 3460 se,
853 3391 886 3444 et
906 3374 1106 3469 ampliorum
1128 3376 1296 3446 honorum
1319 3400 1392 3469 spe,
1413 3376 1455 3446 ad

385 3520 469 3589 quos
494 3519 579 3590 saepe
606 3495 728 3590 gradus
749 3497 831 3584 fuit,
858 3497 1092 3566 firmissimum
1123 3513 1359 3593 argumentum
1385 3514 1454 3582 est,

385 3620 547 3689 Nostrum
566 3617 607 3686 de
627 3643 663 3686 re
678 3617 832 3688 familiari
851 3621 930 3689 satis
949 3622 1033 3689 bene
1051 3621 1270 3688 constitutum
1292 3619 1403 3687 fuisse.

432 3741 588 3815 Valerius
602 3741 738 3812 Flaccus
752 3744 898 3813 amicum
912 3744 1031 3814 habuit
1043 3741 1253 3828 Martialem,
1267 3767 1319 3828 ac,
1331 3756 1369 3810 ut
1382 3766 1452 3811 cre·

384 3863 486 3936 dibile
505 3880 572 3952 est,
590 3865 749 3954 Stellam,
774 3867 940 3936 Martialis
962 3869 1131 3953 ornicum,
1158 3880 1193 3933 et
1218 3864 1343 3935 Valerii
1369 3888 1452 3934 coae·
1545 3869 1555 3880 “

386 4003 522 4057 taneum
548 4003 648 4084 atque
667 3988 827 4083 collegam
848 3990 882 4058 in
905 3987 1220 4078 Quindecimviratu
1242 3985 1345 4081 (Stat.
1372 3983 1451 4053 Silv.

385 4115 420 4202 I,
442 4137 481 4198 a,
512 4109 609 4209 176).
626 4112 736 4183 Flacci
760 4128 792 4183 et
810 4112 919 4186 Stellae
937 4114 1074 4182 nomina
1104 4109 1310 4205 conjunctim
1337 4132 1452 4178 occur-

383 4250 463 4306 runt
493 4237 527 4303 in
567 4233 806 4332 epigrammate
829 4233 894 4322 56,
918 4239 987 4322 lx,
1011 4237 1070 4305 ubi
1094 4232 1259 4305 Martialis
1285 4231 1326 4300 de
1351 4257 1391 4299 eo
1416 4257 1449 4298 se
