3198 5106
372 553 475 604 otxrv
676 535 828 606 PETRI
850 535 1133 608 ,BURMANNI

372 677 530 751 aequuum
547 661 707 744 judicium
728 665 865 730 Cronius
888 667 932 732 ad
947 665 1090 755 scioppii
1112 666 1294 730 Consultat.
1314 683 1347 754 p.
1368 664 1444 754 327,

373 783 406 834 et
421 783 443 832 t.
461 769 511 832 IX
527 767 676 834 Animad.
693 771 756 856 69,
772 791 850 854 nos,
871 771 958 836 bona
976 793 1052 837 cum
1068 792 1186 837 eorum
1208 771 1320 855 venia,
1332 771 1368 836 in
1384 773 1446 838 alia

372 875 482 940 omnia
492 875 624 957 ibunns,
633 877 763 964 sequuti
772 893 806 941 et
813 878 983 967 proprium
992 877 1166 958 judicium,
1176 891 1210 941 et
1220 877 1444 944 auctoritatem

371 979 518 1046 virorum
543 980 817 1050 doctissimorum.
842 982 927 1049 Nam
953 983 1230 1050 commentarium
1258 983 1327 1066 ejus
1354 983 1445 1074 quod

372 1086 506 1170 attinet,
518 1089 633 1154 vellem
650 1089 878 1155 ostenderetur
898 1089 1020 1173 nobis.
1030 1088 1112 1179 quid
1129 1112 1170 1155 cx
1186 1111 1245 1154 sua
1260 1111 1351 1178 penu
1366 1113 1445 1180 pro·

372 1192 500 1276 tulerit,
520 1215 589 1282 quo
608 1196 660 1260 vel
675 1217 764 1262 nnus
784 1194 948 1262 diffieilior
961 1198 1054 1262 locus
1068 1213 1154 1260 nora
1166 1196 1240 1261 lnce
1252 1196 1445 1280 illusmetnr,

371 1299 424 1364 rel
436 1299 607 1388 depravata
619 1301 717 1367 lectio
730 1300 935 1370 emendetur.
952 1302 1103 1385 Quantus
1116 1302 1206 1367 enirn
1219 1317 1361 1390 quantus
1376 1319 1444 1385 est,

372 1405 661 1495 impudentissimis
692 1409 787 1474 furtis
815 1431 856 1474 ex
880 1409 1029 1499 priorum
1053 1407 1227 1475 doctorum
1249 1409 1373 1474 seriniis
1396 1423 1445 1474 est

372 1514 583 1602 compilattu,
597 1515 683 1579 nulla
698 1537 783 1603 saepe
800 1515 968 1580 mentione
985 1535 1101 1580 eorum
1117 1514 1220 1596 iacta,
1234 1529 1272 1578 ut
1286 1514 1321 1579 in
1340 1515 1444 1603 prima

371 1621 560 1709 prefatione
584 1620 812 1709 probavimus,
827 1637 860 1687 et
880 1621 946 1686 hoc
967 1621 1034 1702 jam
1058 1621 1131 1685 orbi
1153 1621 1279 1686 literato
1302 1619 1446 1685 ostendit

299 1769 302 1777 ·
372 1727 617 1794 Brouekhusitrs
632 1727 840 1818 adPropert.
854 1730 909 1810 ΙΙ,
928 1751 993 1811 nu,
1012 1751 1063 1817 17,
1082 1745 1115 1794 et
1129 1728 1237 1793 Tibul.
1252 1728 1444 1812 1‚v111,46‚

373 1833 487 1921 etipse
501 1834 638 1900 Crenius
658 1834 699 1901 de
713 1835 853 1924 Furibus
870 1835 1025 1919 librariis,
1039 1857 1072 1924 p.
1089 1857 1146 1916 11,
1159 1857 1235 1899 eum
1253 1835 1340 1898 inter
1358 1835 1447 1898 sures

219 1946 231 1970 '
371 1940 486 2020 refert,
496 1955 530 2004 et
544 1941 759 2007 Brouokhusii
772 1942 880 2007 verbis
901 1940 935 2007 id
955 1941 1080 2022 lirnmt3
1093 1955 1127 2006 et
1141 1963 1201 2006 nos
1218 1942 1337 2029 passim
1351 1941 1445 2010 ctiam

281 2107 285 2114 .
372 2045 408 2110 in
422 2046 509 2111 uotis
523 2047 684 2114 inscitiam
703 2047 772 2128 ejus
789 2063 824 2113 et
838 2048 943 2138 plagia
956 2047 1196 2112 adnotavimus.
1213 2045 1304 2128 Quid
1319 2045 1361 2111 de
1378 2048 1446 2127 ejus

372 2154 608 2218 commentario
630 2153 797 2218 censuerit
808 2152 979 2238 Romilius,
996 2167 1085 2240 patet
1101 2173 1141 2215 ex
1157 2151 1244 2215 notis
1258 2149 1393 2215 adstat.
1410 2152 1446 2232 1,

372 2254 448 2322 Silv.
463 2279 508 2338 u,
523 2280 595 2344 177,
609 2258 668 2344 qui
683 2259 791 2322 orantis
813 2254 943 2342 conduc
955 2270 989 2321 st
1002 2269 1146 2345 corrupte
1154 2254 1364 2344 praeclusisse,
1382 2255 1446 2336 ait,

365 2363 490 2452 partim
492 2365 631 2451 prostati,
635 2364 759 2451 portent
765 2362 901 2428 Bartlrii.
911 2362 948 2425 V
943 2360 1075 2426 arithm
1081 2361 1251 2441 edomia,
1259 2382 1315 2424 nec
1314 2355 1448 2444 fidelem

370 2470 468 2532 aram
479 2467 657 2557 mutamque
669 2469 910 2559 exscriptorem,
925 2465 1042 2532 nedum
1057 2480 1095 2531 ut
1105 2467 1146 2531 de
1159 2487 1217 2531 suo
1232 2464 1360 2554 aliquid
1374 2464 1450 2530 bont

371 2572 420 2640 ad
434 2573 651 2640 enarrandae
667 2585 797 2638 tantum
813 2583 974 2638 auctorem
992 2569 1134 2658 coty‘erre
1152 2572 1294 2659 quereri.
1315 2569 1446 2634 Grono—

371 2667 462 2746 rium
477 2681 665 2766 jactantiam
690 2679 768 2760 eius
785 2679 987 2770 castigarisse
1000 2676 1141 2743 vidimus
1161 2675 1203 2740 ad
1226 2674 1283 2741 lib.
1297 2677 1355 2758 tv,
1372 2676 1446 2764 2‘67.

371 2786 451 2852 Hero
465 2786 660 2876 premittere
671 2787 778 2851 mcum
798 2785 883 2867 fuit,
898 2807 941 2850 ne
959 2806 1020 2850 nos
1038 2781 1259 2848 calumniandi
1277 2797 1312 2846 et
1335 2804 1446 2871 repre·

372 2891 539 2959 hendendi
562 2881 697 2958 liliidine
717 2891 887 2963 detrahere
909 2891 978 2972 ejus
1002 2889 1128 2955 nomini
1143 2887 1246 2953 videri
1262 2888 1446 2976 possimus:

233 3057 239 3070 .
373 3019 468 3081 nam,
486 2999 578 3088 quod
593 2998 716 3064 iactum
738 2998 875 3080 nollem,
892 2997 977 3062 inter
997 2993 1180 3059 laudatores
1198 2992 1309 3059 Alamli
1327 2991 1448 3056 referre

373 3127 475 3194 cogor
484 3106 592 3170 virum
603 3105 793 3195 egregium,
818 3118 851 3168 ct
864 3101 974 3166 multis
987 3100 1111 3165 meritis
1124 3121 1201 3190 erga
1212 3098 1447 3187 rempublicam

372 3210 545 3280 limarum
568 3207 855 3290 commendatum,
876 3209 915 3273 cl.
930 3206 1135 3288 Fabricium,
1159 3207 1218 3294 qui
1231 3205 1399 3270 volumine
1415 3204 1448 3268 Π

372 3315 526 3381 Biltlioth.
544 3315 613 3380 Lat.
629 3339 663 3403 p.
679 3313 746 3392 634
765 3313 828 3403 (r),
858 3311 954 3378 laude
972 3312 1082 3400 potius
1106 3310 1239 3402 dignam
1258 3310 1327 3392 ejus
1346 3308 1447 3374 indu·

373 3422 486 3486 striom
501 3411 630 3503 censet,
647 3442 765 3508 quam,
783 3417 874 3508 quod
892 3441 960 3483 non
983 3418 1173 3484 satisfecerit
1195 3418 1286 3482 omni
1303 3429 1448 3502 exparte

373 3529 529 3610 eruditis,
548 3527 871 3617 reprehendendum,
892 3525 969 3614 quia
994 3547 1062 3590 non
1087 3526 1196 3614 plures
1220 3544 1323 3588 annos
1347 3543 1445 3608 quarn

373 3637 501 3702 xxvfl
513 3651 614 3701 natus
638 3635 776 3702 ediderit
791 3635 935 3704 Poetam.
962 3633 1242 3716 Quaestionem,
1258 3630 1285 3694 si
1301 3629 1335 3690 in
1352 3628 1449 3690 furtis

277 3747 281 3753 ’
374 3743 551 3808 manifestis
574 3745 815 3809 excusationem
842 3757 998 3823 meretur,
1013 3738 1123 3804 nescio
1147 3735 1279 3826 quando
1302 3735 1367 3798 hoc
1384 3733 1447 3798 cri·

374 3850 465 3916 mine
478 3850 621 3916 accusari
636 3850 778 3938 aliquem
797 3850 844 3914 fas
862 3863 966 3930 esset3
981 3846 1038 3934 qui
1057 3845 1145 3909 enim
1168 3865 1206 3907 ea
1227 3855 1320 3906 etate
1345 3840 1449 3904 nescit

374 3955 497 4044 aliquid
511 3955 691 4045 producere
704 3977 744 4021 ex
758 3979 817 4020 aua
829 3977 936 4044 penu,
947 3976 997 4018 nae
1009 3952 1063 4015 ille
1076 3971 1256 4036 numquam
1267 3945 1311 4010 ad
1325 3947 1445 4010 bonam
1534 3981 1546 4004 0

375 4063 502 4151 frugem
513 4062 688 4149 perveniet.
701 4062 863 4127 Excusare
875 4057 1008 4147 quidem
1020 4057 1055 4119 in
1069 4055 1130 4119 hac
1145 4067 1236 4117 aetrte
1250 4051 1325 4115 licet
1338 4051 1449 4116 minus

413 4300 452 4372 (r)
469 4299 529 4353 Sive
539 4299 639 4355 exedit.
650 4299 752 4353 Ernesti
762 4336 769 4363 ‚
781 4297 903 4364 rowell,
917 4313 942 4367 p.
958 4295 1016 4349 253.
1028 4294 1116 4346 llnrn
