3192 5128
276 551 280 558 .
384 519 464 566 cuv
692 443 1151 568 primicialem

384 651 456 694 eum
474 625 590 694 codas
601 639 706 715 pocae
721 627 940 694 mansne
948 679 959 712 ,
972 653 1018 694 etc
1040 630 1174 718 antipae
1194 631 1375 720 exemplari
1389 633 1464 710 Dm,

313 813 315 818 Ι
383 737 470 816 eico,
493 733 613 798 addae
634 730 723 798 ludria
748 733 865 814 tribus,
888 736 948 824 qui
967 735 1250 818 desiderabantur,
1276 749 1308 803 et
1334 738 1458 829 Orpheo

384 845 496 910 uano.
514 839 565 906 Ad
587 840 708 904 calcem
724 859 803 904 vero
821 840 1039 928 supplementi
1055 864 1074 904 a
1089 841 1150 906 Pio
1172 841 1298 926 additi,
1320 845 1459 934 legitur:

385 951 475 1016 Fines
503 947 723 1014 commentarii
740 950 775 1010 in
801 945 965 1010 Valerium
989 947 1160 1030 Flaccum,
1184 963 1215 1014 et
1238 951 1270 1013 iu
1297 951 1463 1039 Apollonii

383 1067 536 1146 quartum
545 1053 807 1140 Argormuticon,
821 1075 843 1114 a
855 1052 914 1116 Pio
926 1052 1120 1118 Bononierui
1125 1053 1282 1120 latonae
1292 1056 1457 1122 donatam

383 1164 563 1228 Excussere
579 1159 769 1240 Hieronymo
791 1157 970 1222 Platonico.
992 1157 1114 1222 Bonan.
1139 1160 1241 1226 hone
1265 1162 1302 1226 X
1315 1162 1456 1244 sedente,

382 1267 540 1333 MDXIX
549 1313 559 1345 ,
581 1263 658 1328 Kal.
684 1264 793 1328 Maiis.
817 1262 904 1328 Hinc
919 1263 1069 1351 sequitur
1090 1264 1193 1330 Index
1211 1266 1245 1330 in
1268 1265 1456 1332 Valerium:

383 1391 417 1439 et
439 1373 610 1460 deinceps,
627 1393 715 1436 novo
736 1370 832 1434 titulo
853 1369 1001 1458 (qualem
1019 1370 1117 1439 hodie
1138 1373 1240 1438 nostri
1259 1375 1457 1464 typographi
1486 1435 1489 1440 .

381 1481 585 1544 araunium
595 1475 754 1566 appellare
765 1475 885 1564 solent)
895 1475 1083 1542 inscribitur
1094 1477 1238 1542 medium
1250 1479 1381 1563 folium,
1397 1480 1456 1544 Or

375 1587 457 1675 placi
466 1585 688 1674 Argonautica
700 1583 841 1648 mma:
854 1606 953 1671 quam
969 1601 1112 1673 partem,
1128 1607 1219 1650 more
1234 1587 1456 1676 typographo·

380 1716 456 1758 rum
471 1689 716 1772 festinantium,
733 1712 820 1755 novo
837 1690 975 1779 signavit
990 1691 1024 1754 in
1041 1691 1194 1756 inferiore
1210 1692 1327 1780 pagina
1340 1693 1453 1782 alpha·

380 1799 458 1864 beto
474 1795 645 1878 librarius,
659 1817 701 1858 ne
717 1813 905 1886 cogeretur,
921 1797 1060 1880 scilicet,
1076 1796 1209 1862 differre
1223 1799 1345 1886 Orphei
1361 1799 1454 1864 istius

379 1904 586 1982 versionem,
614 1901 720 1968 donec
744 1901 795 1966 Pii
815 1903 1056 1968 commentariis
1081 1925 1208 1968 summa
1233 1926 1348 1968 manus
1370 1923 1455 1971 esset

382 2008 544 2098 imposita
564 2006 656 2090 Quid
671 2007 770 2098 ergo?
788 2009 877 2074 fraus
893 2025 928 2074 et
943 2009 1068 2075 lacinus
1091 2010 1323 2098 lucripeerum
1341 2026 1375 2076 et
1390 2013 1453 2076 im-

379 2131 568 2204 postorum,
587 2114 694 2202 qtralia
707 2114 828 2179 centies
843 2114 876 2178 in
892 2114 1101 2180 auctionibus
1114 2114 1176 2178 illis
1193 2114 1339 2192 subdolis
1350 2134 1383 2180 et
1398 2117 1464 2182 fal-1

379 2221 517 2303 lacibus,
540 2242 613 2307 qum
632 2217 829 2307 decipiendis
854 2233 886 2282 et
903 2220 1041 2306 pecunia
1058 2219 1272 2309 emungendis
1294 2221 1457 2309 imperitis¹

379 2326 539 2391 librorum
561 2337 709 2388 veterum
737 2321 907 2403 studiosis,
935 2323 1113 2410 praesertim
1140 2324 1274 2406 exteris,
1297 2325 1452 2394 institute

378 2432 530 2510 fuerunt,
550 2427 673 2514 aliquot
689 2426 808 2492 abhinc
830 2427 922 2492 aunis
940 2425 1244 2510 animadvertimus,
1267 2429 1382 2494 fucum
1406 2433 1457 2508 fe·¹

380 2556 497 2605 cerunt
523 2553 641 2602 nasuto
666 2552 780 2602 nostro
804 2535 1062 2610 bibliothecario.
1092 2539 1218 2628 Orphea
1244 2540 1332 2604 enim
1357 2541 1452 2608 illum

381 2648 534 2711 latinum
548 2643 727 2710 avellerunt
740 2643 883 2731 propolae
898 2643 950 2708 isti
963 2666 982 2708 a
998 2644 1048 2708 Pii
1064 2646 1321 2729 commentariis,
1333 2642 1453 2736 etquia

379 2752 475 2816 titulo
497 2771 559 2814 suo
581 2749 742 2814 referebat
768 2746 913 2829 codices,
931 2771 950 2812 a
969 2749 1083 2836 primis
1107 2752 1328 2842 typographiae
1349 2753 1450 2830 initiis

377 2859 572 2946 impressos,
587 2877 649 2943 pro
666 2852 908 2940 antiquissima,
925 2854 1049 2943 Orphei
1061 2855 1160 2922 latine
1176 2857 1278 2939 versi,
1290 2856 1447 2942 editione,

377 2984 454 3028 eum
467 2961 537 3024 sine
554 2957 656 3023 dubio
674 2956 821 3022 studioso
832 2957 962 3022 cuidam
978 2957 1158 3047 primarum
1172 2960 1353 3028 editionum
1368 2986 1449 3030 veu-

376 3067 553 3132 ‹liderunt:
570 3088 646 3136 uam
664 3062 837 3151 deceptum
860 3064 959 3128 fuisse
981 3065 1199 3149 Maitairium,
1217 3067 1295 3133 inde
1315 3091 1452 3157 quoque

376 3188 520 3262 apparet,
538 3170 630 3259 quod
642 3170 711 3258 ipae
726 3169 760 3232 in
772 3169 877 3256 prima
891 3170 1016 3258 paginae
1031 3187 1122 3258 parte
1136 3170 1312 3240 editionem
1329 3176 1379 3240 Pii
1395 3199 1447 3242 re·

376 3299 511 3343 censens
521 3323 530 3358 ,
542 3299 640 3364 quam
652 3296 720 3338 non
732 3273 850 3338 vidisse
864 3273 1004 3356 ridetur,
1020 3274 1190 3364 Orpheum
1205 3277 1250 3342 illi
1261 3278 1397 3368 jungam
1411 3281 1447 3345 in

377 3383 529 3465 subjectis
546 3403 624 3446 vero
649 3378 735 3444 not‘u
752 3379 900 3460 conjicit,
917 3379 1116 3446 characteres
1137 3381 1229 3448 istius
1245 3384 1370 3472 Orphei
1392 3409 1448 3452 se·

376 3491 530 3576 paratim,
558 3504 597 3552 ut
614 3484 784 3565 credebat,
805 3485 918 3564 etalio
947 3499 1094 3573 tempore
1117 3486 1212 3570 editi,
1230 3489 1382 3582 accedere
1404 3492 1447 3556 ad

376 3594 520 3658 Platonis
533 3592 573 3657 de
588 3589 785 3672 Benedictis,
796 3612 895 3677 quem
907 3607 1014 3654 tamen
1026 3592 1093 3672 jam
1106 3594 1143 3657 Α.
1158 3591 1244 3672 1488
1260 3593 1446 3662 inclaruisse

375 3714 575 3781 narraverat,
593 3698 712 3762 tomol
729 3697 847 3763 Annal.
860 3718 893 3784 p.
916 3695 996 3779 188,
1014 3713 1047 3762 et
1062 3699 1160 3763 simul
1182 3699 1363 3780 conjecerat
1386 3725 1447 3767 vo·

375 3822 483 3871 catum
507 3805 626 3886 fuisse,
648 3804 806 3868 ioannem
828 3802 1008 3868 Antonium
1029 3803 1231 3870 Platonidem
1252 3805 1446 3874 Benedictu-

374 3933 470 3992 rum,
501 3933 612 3998 quem.
628 3905 830 3974 Platonidem
858 3904 978 3973 deinde
1004 3929 1044 3972 ex
1075 3909 1177 3974 forma
1204 3914 1446 4000 patronymica,

372 4039 445 4105 pag.
466 4015 547 4098 306,
561 4016 671 4082 forsan
691 4010 834 4080 Platonis
851 4010 955 4078 filium
968 4012 1069 4078 fuisse
1086 4014 1227 4096 conjicit.
1240 4017 1323 4100 Quae
1335 4022 1445 4085 omnia

371 4123 519 4203 infirma,
535 4121 672 4188 confusa
697 4136 730 4182 et
751 4118 891 4200 incerta,
918 4141 978 4184 nec
996 4142 1015 4183 a
1033 4141 1106 4204 me,
1130 4123 1188 4209 qui
1212 4125 1306 4212 copia
1329 4127 1444 4192 talium

370 4226 531 4297 librorum
554 4225 731 4304 destituor,
757 4224 890 4288 refutari
916 4223 990 4290 satis
1015 4243 1176 4313 possunt,
1206 4229 1263 4300 sed
1290 4246 1442 4321 typogm.
