3192 5128
228 597 233 612 ι
349 531 452 578 extvr
650 514 800 582 PETRI
829 515 1105 585 BURMANNI

351 639 411 704 rib.
437 639 548 727 Antiq.
574 662 647 730 pag.
666 642 745 724 134,
769 647 825 731 qui
850 625 925 710 addi
942 662 1079 734 possunt
1104 646 1209 710 citatis
1223 667 1242 708 a
1257 646 1356 710 liailio
1376 649 1410 709 in

351 745 468 808 Lexico
486 746 608 811 Histor.
625 747 733 812 Critic.
750 752 857 813 Immo
870 773 988 815 nomen
1002 749 1129 816 Phaedri
1141 753 1250 839 ipsum
1263 753 1410 834 traxisse,

350 852 426 938 quia
443 851 476 914 in
491 852 642 941 tragoedia
660 855 789 920 &necte
809 857 985 945 Hippolyto
999 857 1123 947 agenda
1144 857 1286 921 Phaedrae
1307 875 1411 946 partes

351 957 483 1044 egisset,
500 957 590 1023 unde
614 977 647 1024 et
664 962 825 1027 Thomam
841 963 1009 1027 Phaedram
1032 964 1072 1028 ah
1090 964 1157 1027 aliis
1176 963 1299 1028 dictum
1313 965 1412 1028 luisse

350 1083 389 1129 cx
402 1063 552 1147 Erasmo,
570 1089 588 1128 a
604 1067 704 1131 bailio
717 1067 876 1151 adducto,
895 1086 1036 1157 apparet.
1052 1070 1243 1134 Perversum
1256 1093 1334 1134 vero
1347 1071 1412 1134 hoc

350 1168 489 1255 antiquar
500 1167 649 1236 dictiorus
662 1172 833 1238 studiuma
845 1191 1041 1264 preceptore
1054 1199 1116 1239 suo
1126 1175 1298 1256 Beroaldo,
1312 1199 1411 1263 quem

350 1272 458 1343 laudat
473 1273 513 1338 ad
529 1275 585 1340 lib.
600 1276 663 1358 Vl,
680 1280 760 1360 416,
781 1279 925 1343 hausisse
937 1279 1013 1342 Pius
1027 1279 1169 1362 videtum
1187 1297 1220 1344 et
1232 1281 1340 1344 Jovius
1357 1303 1410 1345 re·

349 1377 427 1460 lert,
442 1401 517 1444 eum
531 1382 703 1447 aemulandi
714 1383 905 1448 Beroaldnm
919 1385 1043 1466 studio,
1055 1407 1089 1449 se
1102 1385 1321 1458 accinxissead
1335 1386 1411 1449 ohs-

350 1506 445 1550 curos
471 1488 619 1550 auctores
637 1488 907 1579 interpretandos.
930 1493 969 1555 ln
987 1491 1122 1571 juvenili
1145 1479 1257 1574 aetate,
1277 1493 1410 1556 caluisse

349 1591 533 1660 vehementi
544 1615 619 1681 erga
629 1596 767 1682 puellam
782 1600 1037 1677 Bononiensem,
1052 1619 1147 1684 quam
1161 1598 1288 1662 Floram
1301 1613 1408 1678 vocat,

349 1697 463 1764 ardore
476 1699 613 1783 fatetur,
628 1719 660 1766 et
671 1703 739 1782 ejus
751 1703 843 1768 dotes
857 1705 955 1793 elegia
969 1703 1145 1769 celebrasse
1157 1725 1191 1767 se
1201 1703 1245 1766 ait
1258 1702 1299 1766 ad
1309 1703 1365 1768 lib.
1376 1707 1408 1785 Ι,

348 1804 433 1885 611,
450 1822 563 1871 aestum
577 1810 750 1898 antiquum
763 1810 868 1874 verbis
885 1811 1045 1893 referens,
1059 1833 1132 1899 quse
1148 1811 1239 1875 illum
1261 1807 1409 1873 nondum

348 1909 443 1996 plane
459 1912 613 1980 resedisse
630 1913 818 1978 ostendunt.
837 1917 863 1978 A
880 1915 968 2004 vulgi
985 1915 1195 2004 opinionibus
1214 1931 1247 1979 et
1270 1915 1410 2002 superti-

349 2014 433 2078 tioso
451 2033 541 2080 metu
557 2039 624 2082 non
640 2018 811 2082 abduxisse
829 2020 924 2107 plane
941 2021 1105 2100 animum,
1120 2019 1177 2084 sed
1196 2019 1361 2082 ominibus
1378 2035 1412 2082 et

349 2121 503 2211 prodigiis
528 2124 700 2188 attendisse
716 2141 748 2188 et
770 2124 865 2189 fidem
891 2121 1041 2190 habuisse
1066 2125 1187 2189 docent
1201 2147 1257 2206 ea,
1278 2147 1351 2211 quae
1369 2124 1411 2187 ad

349 2226 404 2291 lib.
423 2229 491 2309 ΙΙΙ,
505 2249 548 2313 90
562 2229 694 2317 profert.
710 2230 907 2294 Sententiam
920 2229 1083 2294 derorum
1101 2228 1281 2292 necessario
1292 2243 1409 2292 eventu

350 2333 452 2419 aperit
466 2333 506 2397 ad
521 2333 574 2398 lib.
592 2334 636 2416 V,
655 2334 734 2415 218,
747 2334 905 2422 prodens,
929 2357 963 2398 se
981 2357 1149 2398 causarum
1163 2333 1336 2396 caelestium
1352 2355 1411 2397 ne-

350 2438 501 2502 cessarios
511 2440 644 2503 effectus
655 2463 721 2502 non
731 2440 850 2504 audere
861 2438 1005 2520 credere,
1016 2456 1149 2528 propter
1159 2438 1367 2526 antipathiam
1378 2454 1411 2501 et

349 2543 576 2631 sympathiam,
585 2544 791 2609 'habilitatem
803 2562 836 2608 et
847 2544 1081 2608 inhabilitatem
1095 2544 1335 2632 recipientium,
1345 2559 1405 2606 etc.

349 2650 456 2713 Immo
472 2648 579 2732 addit,
594 2650 657 2714 hoc
670 2650 801 2714 credere
814 2673 905 2738 paene
916 2650 1054 2737 impium
1069 2672 1148 2714 esse.
1167 2651 1261 2713 Ritus
1278 2665 1311 2712 et
1327 2648 1407 2712 ceri-

349 2753 473 2816 monias
503 2755 651 2818 Ecclesiae
667 2756 818 2818 Romanae
834 2776 909 2817 non
921 2753 1048 2818 dubitat
1069 2754 1216 2817 conferre
1230 2775 1305 2816 cum
1327 2776 1406 2842 gen-

350 2859 431 2923 tium
446 2857 689 2924 Idolatricarum
710 2860 869 2941 cultibus,
884 2876 966 2925 etot
979 2860 1028 2923 hae
1042 2859 1182 2947 hymnos
1202 2875 1236 2922 et
1255 2858 1406 2923 sacrificia

348 2965 442 3028 certis
468 2964 583 3028 ritibus
600 2963 660 3028 diis
683 2965 889 3047 offerebant,
911 2964 952 3028 ad
971 2963 1211 3028 avenuncanda
1234 2965 1336 3045 mata,
1352 2987 1407 3052 pe·

350 3085 413 3134 stes
432 3087 466 3134 et
482 3071 697 3150 calamitates,
715 3071 811 3136 simili
834 3070 934 3134 modo
963 3093 1040 3134 suos
1059 3069 1136 3134 dicit
1165 3071 1295 3134 binatim
1319 3071 1406 3133 laia·

350 3179 419 3239 nias
439 3177 522 3240 obire
539 3190 570 3240 ot
588 3177 650 3240 diis
675 3175 738 3262 (ita
755 3176 887 3240 Sanctos
902 3175 1016 3262 vocat)
1027 3177 1207 3264 pompatice
1221 3175 1405 3264 supph'cam.

348 3283 417 3346 Nec
432 3287 539 3346 tainen
556 3283 599 3345 ita
617 3281 779 3346 addictum
795 3281 894 3345 fuisse
911 3281 1042 3369 plebeiis
1059 3281 1340 3369 persuasionibus,
1368 3297 1405 3342 ut

348 3389 417 3453 sine
434 3389 501 3454 ullo
517 3388 701 3452 discrimine
712 3387 811 3450 aniles
831 3387 953 3451 fabulas
969 3388 1144 3474 reciperet,
1163 3403 1251 3475 patet
1265 3409 1304 3451 ex
1317 3409 1406 3449 com-

349 3495 508 3557 mentario
520 3493 561 3558 ad
572 3493 674 3557 Plaut.
686 3492 912 3581 Amphitryon.
927 3494 976 3575 Il,
1000 3515 1011 3555 1
1027 3542 1035 3574 ,
1052 3493 1109 3556 ubi
1126 3509 1221 3582 negat
1234 3495 1404 3556 Daemonas

348 3615 406 3662 aut
417 3620 527 3688 magos
540 3621 635 3687 posse
648 3598 797 3662 homines
815 3600 848 3662 in
862 3599 979 3663 bestias
995 3615 1136 3681 vertere,
1152 3598 1209 3663 sed
1222 3597 1403 3687 prodigiosa

348 3703 416 3784 illa,
433 3727 506 3790 quae
517 3704 614 3793 vulgo
622 3703 1028 3792 jactantur,phantasmata
1044 3705 1275 3768 melancholico
1287 3701 1403 3766 morbo

347 3809 508 3874 adscribit.
528 3809 574 3874 De
591 3809 659 3888 ejus
680 3808 861 3874 eruditione
883 3809 1006 3874 diversa
1025 3809 1120 3874 video
1138 3831 1206 3873 esse
1228 3807 1403 3872 doctorum

346 3917 489 3981 virorum
502 3916 630 3995 judicia.
650 3919 797 3982 Barthius
815 3918 848 3980 in
870 3933 921 3982 eol
929 3917 1081 3996 majorem
1095 3917 1240 3980 lectionis
1255 3916 1403 4004 copiam,

348 4046 445 4110 quam
455 4022 651 4102 dijudicandi
661 4023 843 4088 facultatem
850 4023 958 4088 laudat
966 4024 1022 4087 lib.
1034 4025 1066 4103 Ι,
1077 4021 1207 4086 Advers.
1220 4037 1297 4102 a,et
1306 4022 1403 4097 xxi,

348 4152 379 4217 7,
391 4146 425 4193 et
440 4130 543 4195 simile
559 4131 626 4194 sere
640 4146 689 4194 est
701 4131 858 4210 judicium
874 4130 1020 4195 Durantii
1032 4128 1167 4208 Casellii,
1183 4127 1238 4191 lih.
1250 4129 1271 4192 Ἰ
1282 4127 1406 4194 Veriar-

348 4235 433 4299 Lect.
468 4233 515 4299 15.
543 4238 661 4323 lneptec
690 4236 863 4300 locutionis
881 4233 1067 4314 hominem,
1094 4233 1268 4297 multarum
1296 4248 1403 4297 tamen
