3226 5114
396 533 785 600 ARGONAUTICON
815 539 900 602 LlB.
927 539 985 602 1v.
1168 543 1230 629 273

202 665 282 730 Avia
296 681 487 754 responsant
502 668 626 756 gemitu
638 668 732 757 juga,
747 671 882 760 pervigil
895 684 934 736 ut
949 696 1052 764 quum

203 778 374 846 Artificum
390 797 483 847 notat
495 783 565 872 ipse
584 805 718 866 manus,
734 800 768 848 et
782 785 920 851 fulmina
936 789 1074 878 Cyclops

202 895 410 986 Pmsubigit:
428 897 529 985 pulsis
546 898 718 986 strepitant
733 900 909 966 incudibus
928 905 1037 969 urbes.

248 1011 375 1076 Emicat
391 1011 462 1093 hic,
482 1011 694 1102 dextramque
710 1031 821 1103 parat,
838 1016 1049 1108 dextramque
1067 1022 1210 1087 minatur

154 1175 156 1180 .
203 1124 425 1214 Tyndarides3
441 1125 526 1191 redit
541 1127 608 1192 huc
624 1129 727 1192 oculis
745 1145 777 1193 et
790 1129 937 1218 pondere
952 1133 1096 1223 Bebryx,
1194 1169 1233 1211 ιφ

203 1240 257 1305 Sic
271 1255 379 1322 ratus3
394 1240 573 1306 ille'autem
587 1244 683 1308 celeri
700 1245 785 1332 rapit
803 1267 860 1308 ora
876 1245 1013 1312 sinistra.

148 1425 150 1434 Ι
204 1355 417 1421 Conclamant
430 1356 528 1438 socii,
541 1373 574 1423 ct
587 1357 710 1422 subitas
726 1357 806 1423 dant
821 1360 938 1448 gaudia
953 1385 1059 1428 voces.

204 1471 302 1536 Illum
318 1471 479 1561 insperata
490 1473 661 1548 ¹turbatum
674 1473 806 1556 fraude,
820 1474 1049 1569 furentemque

206 1585 380 1652 OEbalidcs
394 1588 497 1675 prima
515 1587 652 1678 refugit,
669 1587 748 1653 dum
766 1588 922 1672 detonet,
937 1592 1001 1674 ira,

204 1702 350 1767 Territus
368 1703 437 1791 ipse
456 1702 572 1786 etiam,
586 1719 684 1791 atquc
697 1703 838 1792 ingentis
856 1706 1005 1772 conscius
1023 1711 1104 1774 ausi.
1195 1731 1233 1781 ,με

204 1818 299 1883 savit
314 1819 410 1907 inops
424 1819 583 1906 Amycus,
600 1819 692 1882 nullo
710 1817 896 1884 discrimine
911 1841 980 1886 sese

204 1933 430 2022 Praecipitans,
443 1933 623 2021 aridusque
638 1933 698 1998 viri
714 1933 892 2022 (respectat
911 1953 1043 2002 ovantes
1081 1940 1085 1948 '

205 2049 336 2136 Quippe
354 2048 469 2136 procul
486 2047 634 2136 Minyas)
652 2063 751 2113 caestu
763 2051 887 2117 relatus
901 2066 1044 2138 utroque

191 2225 244 2287 287.
258 2227 378 2290 Artficum
390 2236 469 2273 notata
480 2243 570 2274 manus.
580 2227 657 2274 Vetic.
669 2228 723 2274 cod.
735 2243 806 2289 snpra
817 2237 852 2281 et,
865 2228 907 2275 sed
923 2239 1074 2291 expunctum.
1088 2233 1142 2280 vid.
1154 2236 1232 2285 lleins.

159 2314 210 2352 not.
226 2307 258 2354 A.
275 2317 353 2352 notata
371 2321 451 2353 mans.
468 2309 558 2353 Bcnon.
575 2307 627 2354 cod.
645 2308 810 2370 Artificamqpc
825 2318 902 2354 muta
921 2325 1009 2356 manus.
1030 2311 1144 2362 Bononl
1161 2323 1185 2360 st
1201 2319 1231 2362 ll.

157 2387 224 2432 Junt.
237 2386 291 2434 tlt.
302 2387 388 2434 notata
398 2403 488 2432 manns.
500 2390 602 2448 Engcnt.
614 2397 669 2451 post
681 2389 756 2434 Pium.
775 2413 806 2424 -
826 2401 880 2449 ²91.
893 2391 991 2440 Irritutr
1006 2389 1048 2436 itte
1058 2402 1143 2440 autem.
1161 2395 1233 2441 Prisci
1261 2433 1265 2436 .

158 2465 230 2514 codd.
238 2467 305 2527 juxte
317 2466 397 2519 Pium,
407 2477 431 2513 et
441 2467 475 2513 sic
486 2468 557 2514 scribi
566 2469 635 2529 jubet
644 2467 724 2514 Heius.
737 2495 768 2504 -·-
779 2467 833 2530 ²93·
847 2472 898 2529 Qec
910 2468 935 2514 ln
947 2471 994 2516 flns
1005 2487 1027 2517 v.
1038 2471 1105 2518 abest
1119 2490 1131 2520 a
1143 2477 1233 2523 bonon.

157 2544 213 2591 cod.
231 2553 256 2592 ct
271 2545 325 2591 edd.
341 2555 395 2592 ente
405 2547 471 2592 Gerr.
480 2547 507 2592 ln
517 2547 614 2607 antiquo
625 2547 707 2592 codice
718 2545 814 2609 (Varie.)
825 2547 923 2608 reperiri
932 2549 981 2609 jem
992 2561 1117 2598 monuerat
1127 2553 1188 2600 Pius.
1200 2581 1231 2590 κ-

158 2625 214 2686 298.
224 2625 320 2686 Minyas
334 2635 387 2673 tunc
400 2635 477 2671 coestu.
488 2624 564 2672 vecie.
576 2635 600 2671 et
614 2627 705 2671 Bonom
718 2625 788 2672 codd.
798 2625 842 2672 En.

196 2781 325 2835 asc-288.
339 2781 420 2835 Varia
436 2781 618 2854 excogitarunt
630 2781 672 2832 in·
715 2785 793 2847 bryc,
808 2780 976 2834 dextrorsum
988 2783 1080 2836 oculos
1093 2797 1229 2858 totamque

158 2873 303 2932 terpretes,
318 2860 442 2914 utlucem
454 2859 600 2914 obsceniori
611 2861 671 2912 loco
716 2861 834 2931 corporis
858 2860 956 2914 molem
977 2861 1071 2926 vertit,
1093 2867 1129 2914 sic
1144 2881 1226 2930 ratres,

159 2939 338 2994 offunderent.
361 2939 433 2992 Nihil
454 2951 544 2992 temen
564 2951 670 2992 mutan·
715 2938 806 2993 dextra
828 2958 939 2993 usurum
962 2938 1161 3006 adversarium,
1185 2948 1228 2996 ille

158 3018 224 3072 dum
231 3055 239 3082 ,
250 3019 271 3071 si
278 3019 426 3074 Durrilium
433 3016 593 3090 sequor-ised
602 3017 671 3071 Cba·
714 3033 795 3070 auten
804 3022 877 3071 celeri
884 3021 960 3087 rapit,
973 3019 1033 3072 ferit
1044 3040 1105 3085 ,ora
1113 3025 1224 3077 sinistra.

158 3098 273 3150 ritonem
284 3117 312 3170 p.
331 3097 401 3166 592,
416 3098 460 3151 ed.
481 3097 553 3170 Lips.
571 3098 617 3169 qui
631 3097 669 3150 sic
751 3117 811 3165 29²·
828 3103 990 3152 Conclamat
1005 3103 1083 3161 socii,·
1102 3115 1126 3153 et
1138 3106 1227 3154 subitas

159 3178 282 3250 exponit:
298 3178 334 3232 ita
350 3189 445 3231 sonant
460 3178 510 3230 sub
525 3177 609 3249 plagis
622 3195 670 3248 pe·
714 3183 788 3240 dant,
800 3190 958 3250 provocant,
972 3183 1071 3247 gaudia
1087 3200 1172 3234 voces.
1190 3187 1226 3235 11-

158 3268 233 3310 ctora
248 3257 363 3310 Pollucis
382 3269 408 3310 et
420 3258 530 3330 Amyci,
549 3257 589 3308 uti
607 3256 669 3308 stri-
714 3263 762 3310 lnm
774 3262 910 3326 insperata,
925 3270 1005 3330 quam
1020 3275 1074 3310 non
1090 3261 1226 3325 timuerat,

159 3337 224 3391 dent
231 3335 345 3389 incudes
352 3339 477 3399 AEtnaeae,
491 3335 601 3407 qnando
609 3340 668 3404 ipse,
714 3339 848 3398 birbaum,
865 3349 934 3390 statu
950 3335 1101 3408 dejectum,
1111 3341 1223 3409 fraude,

158 3416 298 3470 Vulcanus
314 3434 423 3485 nempe,
436 3415 491 3486 ipse
504 3414 629 3468 dominus
645 3425 671 3467 et
710 3419 841 3484 puraque
850 3418 1021 3485 irafurentem
1033 3417 1127 3470 Pollux
1141 3419 1225 3490 fugit,

159 3493 674 3570 ipysdmixrne,officinasCyclopumsuo·
717 3500 774 3546 dnm
786 3499 898 3555 detonet,
915 3506 1007 3548 tonare
1020 3493 1122 3549 desinat
1131 3500 1142 3567 (
1151 3497 1226 3552 deto-
1268 3483 1274 3506 ¹

159 3595 219 3628 rum
231 3574 336 3637 invisit,
353 3585 378 3626 et
391 3591 470 3644 opere
485 3591 578 3626 corum
589 3572 672 3644 inspi-
716 3593 781 3627 nare
798 3573 835 3626 sic
857 3584 896 3626 est
912 3573 983 3645 apud
997 3575 1093 3646 Virgil.
1107 3578 1170 3630 AEn.
1183 3578 1227 3642 X,

159 3655 196 3708 cit
208 3655 321 3724 (notet).
336 3654 472 3714 observat,
486 3663 511 3704 et
525 3651 561 3703 illi
574 3651 672 3724 primas
717 3657 768 3724 809
779 3657 802 3724 ),
816 3652 980 3706 defervescat
993 3653 1031 3706 im
1042 3691 1050 3717 ,
1061 3659 1152 3706 territes
1164 3660 1224 3725 ipss,

159 3753 260 3788 massas
275 3735 302 3788 ln
320 3733 438 3786 fulminis
453 3731 565 3804 liguram
575 3751 672 3804 procu·
716 3736 904 3803 atqueingcnu's
916 3735 1027 3784 conscius
1037 3737 1101 3786 ansi.
1243 3791 1246 3796 ¹

160 3814 227 3868 dunt
238 3815 437 3884 (pmsubiyitnt),
452 3829 512 3864 mox
523 3810 671 3883 perpolien·
752 3813 812 3878 295.
827 3815 898 3862 Saevit
908 3814 978 3879 inops
991 3813 1093 3864 consilii
1103 3819 1226 3878 Amycus,

159 3893 214 3947 das.
227 3893 359 3946 Hactenus
371 3891 513 3944 Dorrilius.
715 3895 782 3944 nullo
801 3894 953 3951 discrimine,
969 3902 1082 3957 temere,
1096 3912 1150 3944 sese
1160 3915 1229 3962 proe·

199 3973 258 4042 289.
281 3975 397 4033 Emicat,
426 3970 528 4043 prosilit
551 3968 663 4031 Pollux,
714 3973 1006 4040 cipitat,avidauqueviri
1013 3981 1146 4040 (respectat
1152 3992 1228 4024 oran-

160 4058 323 4120 dextramque
329 4066 416 4119 parat,
429 4051 532 4114 elevat,
546 4055 672 4102 dextram·
715 4065 749 4103 tet
769 4053 856 4118 quippe
871 4053 962 4117 procul
979 4053 1103 4114 Minyas),
1125 4052 1228 4121 pudore

161 4131 329 4200 que(melius
340 4132 577 4199 dextra)minatur,
592 4129 671 4182 simu·
715 4139 900 4200 exasperatus,
912 4127 985 4201 quod
1003 4127 1119 4182 ludibrio
1135 4148 1163 4181 se
1178 4132 1228 4182 Ar·

160 4213 213 4272 lat,
227 4208 353 4263 scdextre
364 4210 460 4262 inferre
474 4211 556 4262 ictum
569 4210 672 4281 Amyco
716 4208 837 4280 goneutis
852 4225 907 4260 esse
918 4206 1033 4270 rideret,
1045 4222 1119 4258 caestu
1131 4214 1229 4260 velatus

161 4290 246 4352 velle3
261 4293 323 4340 redit
335 4292 465 4341 hierusalis
478 4305 501 4341 et
506 4295 617 4359 pondere
626 4294 673 4341 Be·
717 4303 818 4355 utroque
829 4291 914 4350 irruit,
923 4288 951 4339 lr.
961 4307 984 4340 e.
997 4289 1034 4340 uti
1047 4288 1166 4340 omnium
1181 4308 1231 4361 op·

271 4389 297 4452 1.
1019 4387 1055 4448 18
