3246 5112
368 509 428 581 124
665 507 699 568 C.
724 505 914 570 VALEllIl
943 507 1114 570 FLACCI

407 638 475 699 leta
493 655 589 722 genes
603 657 611 698 ι
624 635 778 702 «Utinam
795 661 862 702 non
879 639 933 702 hic
949 637 1008 701 tibi
1024 637 1159 700 nuntius
1175 659 1290 721 essem,

407 751 436 814 Ο
454 772 560 830 soror,
577 764 633 812 aut
648 766 795 834 nostros,
811 753 934 842 inquit,
952 752 1042 840 prius
1057 747 1145 814 unda
1163 749 1291 815 dolores

408 864 547 944 Obruat,
564 864 598 926 in
618 865 672 928 tali
690 867 844 953 quoniam
861 867 920 930 tibi
937 882 1082 954 tempore
1098 865 1231 946 conjux,

406 977 458 1042 Sic
475 978 610 1058 meritse,
626 979 708 1042 votis
727 1001 824 1066 quem
844 993 880 1042 tu
898 978 1041 1066 fletuque
1057 979 1209 1066 requiris,

406 1093 478 1155 Heu
493 1091 588 1173 furit,
604 1107 637 1156 et
650 1108 749 1181 captae
764 1092 900 1181 indigno
916 1092 1089 1156 famulatur
1107 1093 1219 1158 amori.

405 1209 539 1294 Jamque
554 1205 707 1289 aderunt,
722 1207 934 1296 thalamisque
950 1208 1014 1271 tuis
1030 1207 1181 1272 Threissa
1196 1209 1404 1297 propinquat,

406 1322 480 1384 Non
499 1321 622 1402 forma,
641 1343 708 1384 non
726 1337 793 1385 erte
807 1321 914 1403 colus,
932 1343 1000 1386 non
1015 1320 1110 1386 laude
1127 1321 1262 1410 pudoris

405 1435 467 1500 Par
484 1435 562 1517 tibi,
579 1457 639 1499 nee
654 1436 760 1524 proles
778 1420 886 1525 magni
902 1437 1051 1525 praeclnra
1068 1437 1217 1534 Dorycli:

404 1549 492 1614 Picta
508 1571 638 1630 manus,
654 1565 792 1638 ustoque
808 1551 912 1638 placet
927 1549 983 1616 sed
1002 1551 1135 1615 barbam
1153 1567 1274 1616 mento.

405 1667 555 1728 Attamen
573 1665 633 1728 hos
649 1663 726 1728 tales
742 1665 851 1728 forsan
870 1664 1014 1728 solabere
1031 1687 1124 1729 casus

404 1779 454 1842 Tu
468 1777 629 1855 thalamis,
648 1778 778 1866 fatoque
795 1779 880 1868 leges
899 1780 1031 1843 meliore
1047 1794 1199 1866 penates3

405 1893 459 1956 Me
477 1909 532 1955 tua
550 1893 659 1956 matris
675 1915 788 1982 egens,
805 1891 1020 1980 damnataque
1035 1893 1148 1980 pellice
1166 1893 1272 1980 proles

404 2007 588 2088 Exanimat,
605 2029 702 2094 quum
715 2006 780 2085 jam
797 2006 930 2070 miseros
948 2021 1128 2070 transversa
1146 2021 1306 2086 tuentem,

404 2121 592 2208 Letalesque
610 2121 726 2208 dapes,
744 2119 926 2207 infectaque
942 2121 1059 2208 pocula
1077 2143 1186 2184 cerno.

403 2236 470 2299 Scis
489 2235 594 2300 simile
611 2250 648 2298 ut
665 2233 802 2299 llummis
821 2236 921 2298 simus
939 2258 1060 2324 genus3
1079 2234 1161 2300 adde
1178 2237 1318 2299 cruentis

393 2463 444 2521 146.
456 2469 547 2512 Amore.
555 2466 630 2512 Vutic.
640 2465 691 2513 eod.
703 2467 747 2515 Eo.

360 2657 468 2709 maritus
480 2660 535 2718 tibi,
550 2669 627 2721 tuns,
647 2661 693 2718 sic,
716 2669 770 2710 tem
783 2657 865 2721 hene,
910 2662 999 2710 laberis
1020 2661 1151 2722 thalamis,
1171 2662 1251 2715 altero
1268 2663 1420 2726 connuhio,

360 2739 464 2797 merita,
480 2735 544 2789 dum
555 2739 620 2788 votis
633 2754 694 2788 eum
702 2741 816 2808 fletuque
828 2755 867 2787 re-
901 2739 1113 2806 famqnemellon
1118 2755 1220 2806 penates
1229 2743 1311 2810 eliges5
1318 2739 1354 2794 sic
1360 2742 1421 2793 Ovi-

360 2818 447 2883 quiris,
464 2815 554 2868 insano
564 2851 572 2878 ,
583 2833 662 2886 seque
678 2826 756 2886 teque
766 2815 865 2882 :indigno
909 2814 984 2876 dius,
997 2815 1079 2889 Epist„
1094 2817 1148 2882 XI,
1165 2818 1213 2870 105
1226 2835 1233 2868 :

360 2911 450 2946 amore
458 2893 565 2965 captiva
574 2905 686 2958 tenetur,
697 2894 774 2965 elque
779 2893 865 2956 famu·
963 2903 1039 2944 Nubite
1047 2903 1113 2943 felices
1122 2907 1181 2945 Pei-eu
1189 2906 1271 2944 meliore
1282 2917 1375 2950 semem

359 2976 434 3024 latur.
908 2969 959 3025 sed
972 2970 1050 3023 doleo
1059 2971 1152 3024 liberos
1161 2985 1219 3025 tuos
1229 3009 1236 3035 ,
1246 2977 1335 3039 pellice
1346 2977 1416 3024 dam-

398 3050 590 3122 148.Et,quod
599 3049 864 3121 magismireris,non
908 3064 994 3110 natos,
1017 3069 1084 3121 quos
1106 3063 1181 3122 puter
1194 3052 1250 3122 ipse
1271 3051 1298 3102 in
1315 3053 1420 3123 pellicis

353 3131 454 3196 forma,
468 3144 580 3180 noeane
599 3133 678 3188 eolus,
697 3125 791 3189 nendi,
813 3145 862 3179 unu
907 3129 1016 3199 gratim
1035 3127 1157 3200 negliget.
1170 3127 1274 3191 viel,
1287 3147 1331 3198 7⁰·

361 3205 676 3278 pingendi,texendi‚non
686 3209 862 3273 laudepudoris
945 3209 1004 3269 154.
1023 3211 1164 3259 Tramversa
1178 3223 1296 3270 cicentem,
1313 3209 1420 3279 oblique

360 3298 387 3338 et
398 3284 561 3338 verecundie
572 3289 616 3337 tibi
623 3305 686 3354 par,
699 3303 748 3337 nec
761 3303 819 3356 quae
829 3285 863 3337 nd
907 3295 933 3336 et
948 3284 1115 3356 contemptim
1131 3284 1318 3357 despicientem
1335 3305 1417 3339 cerno

362 3365 464 3416 nobiles
474 3365 556 3417 avitos
564 3383 646 3435 genus
656 3365 766 3428 referat,
777 3364 815 3416 uti
823 3375 851 3414 tu
855 3401 863 3426 ‚
907 3381 1062 3423 novercam.
1072 3368 1201 3432 letalesque
1209 3368 1285 3433 dapes
1297 3403 1305 3428 ,
1316 3368 1417 3434 insecta·

356 3448 438 3510 proles
447 3447 531 3512 magni
531 3447 655 3511 praeclara
667 3445 779 3509 Dolyeli,
788 3445 863 3514 cujus
908 3461 955 3510 qne
966 3445 1073 3510 pocula,
1087 3442 1175 3495 cibum
1186 3453 1328 3514 potumque
1341 3459 1418 3495 vene·

360 3521 473 3573 nominis
490 3519 618 3572 Phoenicis
635 3531 660 3572 et
674 3521 818 3591 Cassiopeoe
834 3519 863 3572 li-
907 3532 1000 3584 nutos;
1011 3538 1072 3573 nam
1082 3560 1089 3586 ‚
1099 3520 1179 3573 ovid.
1193 3522 1257 3575 Met.
1273 3523 1301 3585 1,
1318 3526 1386 3589 147:

359 3599 424 3650 lium
434 3599 514 3651 hahet
521 3598 678 3652 scholiastes
684 3599 815 3670 Apollonii
823 3601 861 3663 11,
921 3608 995 3650 taeda
1002 3607 1102 3648 terribiles
1110 3609 1195 3648 misam
1210 3609 1288 3648 nonu
1304 3621 1401 3648 novem.

361 3677 409 3740 178
423 3680 482 3727 :sed
488 3678 559 3744 pieta
565 3695 659 3737 manus,
668 3692 863 3746 utcumquemen-
945 3677 1003 3730 156.
1018 3679 1068 3728 Scis
1083 3679 1160 3728 simile
1177 3691 1206 3727 nt
1215 3680 1328 3747 flammis
1343 3679 1418 3728 simus

358 3769 423 3815 trena,
434 3765 502 3807 note
514 3754 629 3808 threiciis
643 3756 746 3822 (Cicero
761 3755 795 3810 de
804 3757 861 3811 Oli.
904 3775 989 3824 genus,
997 3773 1076 3826 quem
1083 3754 1221 3808 irritabiles
1228 3754 1416 3826 simus,quum·

358 3832 405 3894 11,
427 3833 487 3900 25),
499 3832 620 3888 manibus
633 3835 758 3906 genisque
772 3836 863 3912 ipuste
907 3851 959 3905 que
968 3832 1086 3887 luoilead
1097 3836 1165 3886 imm
1174 3833 1367 3886 inflammemur
1377 3833 1417 3885 fe·

356 3909 863 3985 (vid.pauloinim),placerepotuerunt
907 3905 1416 3984 mine(ingenuuprofeotoeonlessiol);

357 3989 462 4042 merito.
473 3990 545 4042 Nihil
562 3991 776 4060 prolectoomisit
786 3993 863 4045 mele·
908 3990 971 4061 quid
981 3991 1061 4062 igitur
1074 3990 1220 4044 timendum
1231 4011 1245 4043 n
1258 3994 1345 4053 Dalm,
1359 4009 1418 4062 scy-

356 4065 416 4120 dica
424 4104 431 4130 ,
440 4066 512 4138 quod
522 4065 555 4119 sd
565 4068 691 4124 invidiam
702 4070 790 4124 velere
800 4089 861 4142 pos·
906 4070 974 4122 thien
992 4071 1088 4123 semino
1099 4108 1107 4132 ‚
1120 4071 1162 4123 cui
1172 4075 1298 4138 patrium,
1315 4070 1417 4141 panius

358 4155 395 4198 sel
412 4145 567 4198 faciendam.
906 4166 963 4200 mos
976 4158 1030 4210 est,
1043 4153 1140 4210 soevire,
1159 4166 1218 4219 quse
1235 4153 1298 4200 laete
1310 4149 1413 4217 ferino,

391 4226 448 4279 1⁵1.
459 4219 502 4278 Te
513 4237 601 4280 tamen
612 4228 721 4280 sortasse
730 4239 808 4280 temet
821 4247 860 4278 so·
907 4226 1005 4296 equino
1018 4227 1158 4297 prtesenim
1168 4263 1175 4292 ,
1187 4228 1225 4279 uti
1235 4239 1261 4281 et
1269 4245 1341 4280 nune
1350 4227 1419 4279 Ter·
