3122 5126
401 549 568 635 PETRO
597 553 627 620 A
659 553 846 627 LERMA.
1050 577 1150 626 xtvn

65 679 343 769 reprehensionis
368 682 499 746 aculeos
524 705 592 747 non
617 687 769 752 senserit:
785 709 859 752 nam
885 704 924 753 ut
950 690 1149 779 antiquiores

66 786 241 867 ominum,
260 787 434 852 Platonem
458 789 646 878 multosque
672 793 750 856 alios
774 793 816 857 ab
836 795 1026 877 Aristotele,
1042 797 1150 885 ipsum

67 893 286 958 Aristotelem
311 894 353 957 ab
381 894 450 958 aliis
476 897 732 983 reprehensum,
753 922 813 963 neo
837 916 1005 989 poetarum
1031 903 1148 987 deum,

69 999 261 1062 Homerum
279 998 403 1064 invidia
419 1001 578 1084 sentisse,
594 1018 632 1067 ut
649 1019 771 1069 taoeam
794 1027 833 1070 er
851 1008 970 1072 nostris
986 1009 1150 1099 Hierony·

70 1125 183 1186 mum,
194 1105 428 1193 Augustinum
438 1154 448 1188 ,
459 1107 661 1172 Laomntium
673 1156 682 1191 ,
693 1111 909 1198 Cyprianum,
920 1113 961 1177 ab
974 1114 1052 1202 ipsis
1064 1116 1150 1181 inter

72 1225 220 1297 seatque
235 1210 278 1274 ab
294 1211 363 1274 aliis
376 1225 646 1293 notatos,nonne
658 1215 849 1280 Laurentius
862 1218 1035 1302 Veliensis,
1047 1219 1149 1284 homo

72 1337 137 1378 snae
161 1316 370 1402 tempestatis
388 1316 612 1396 latinissimus,
633 1335 667 1383 et
683 1321 803 1386 multos
820 1343 948 1387 summa
967 1325 1150 1390 eruditione

73 1435 269 1508 prestantes
282 1421 369 1485 viros
381 1423 515 1505 taxavit,
528 1440 562 1487 et
573 1424 644 1512 ipae
658 1425 741 1489 intra
758 1427 931 1514 praecordia
948 1451 1016 1494 non
1032 1431 1149 1496 obtusa

74 1527 299 1614 posteriorum
312 1527 375 1591 tela
386 1529 611 1616 persentiscit?
623 1532 673 1595 An
683 1531 880 1616 Politianus,
893 1534 997 1619 Picus,
1013 1538 1150 1602 Hermo·

75 1633 214 1720 lausque
232 1635 395 1698 sermonis
410 1634 501 1698 latini
515 1653 582 1700 non
594 1637 765 1720 vexillarii,
785 1637 841 1702 sed
856 1637 954 1704 duces
968 1657 1060 1706 etate
1074 1665 1148 1725 sua,

77 1738 378 1826 importunissimos
390 1739 621 1804 blatea-aterum
633 1763 761 1806 morsus
774 1761 945 1809 evaserunt
955 1746 969 1810 l
978 1747 1148 1828 Erasmus,

78 1843 456 1924 credo,utestomnibus
465 1844 642 1934 disciplinis
650 1847 1148 1940 admirandus,nulliusunquam
1246 1835 1263 1844 „

78 1949 144 2012 telis
174 1964 227 2013 est
257 1950 442 2033 lacessitis,
465 1953 518 2016 oui
544 1954 634 2018 velut
660 1951 779 2043 Hydroe
807 1957 929 2045 capita,
951 1957 1147 2026 detractores

79 2053 216 2118 subinde
240 2055 415 2142 pullulant.
429 2057 493 2123 Sed
515 2059 596 2147 quid
623 2057 735 2125 multia
756 2061 863 2149 opus?
880 2084 978 2127 nemo
1000 2085 1146 2152 unquam

80 2161 135 2224 init
156 2159 244 2224 adeo
270 2159 409 2244 doetus,
426 2161 484 2251 qui
507 2185 675 2253 nunquam
700 2167 872 2248 laberetur,
889 2184 922 2232 et
946 2169 1148 2252 offenderet3
1261 2154 1272 2164 ’

81 2290 194 2348 neno,
212 2268 273 2354 qui
292 2268 326 2331 in
346 2269 407 2334 hos
425 2293 527 2336 casses
546 2273 743 2362 laqueosque
766 2297 834 2337 non
857 2275 1033 2359 incideret,
1050 2280 1147 2365 quin·

81 2374 161 2455 isto,
175 2373 336 2438 aiterum
352 2377 445 2442 l'ateri
461 2367 629 2460 volumus,
644 2401 740 2445 nemo
757 2381 820 2445 nisi
835 2380 951 2446 doetus
970 2385 1147 2471 reprehen-

82 2478 266 2560 ditnr3inde
276 2480 366 2544 enim
378 2505 491 2548 omnes
502 2484 635 2573 gloriam
644 2487 760 2550 volunt
770 2488 933 2574 aucupari.
945 2489 1018 2552 Hoc
1030 2489 1148 2556 dixisse

81 2588 216 2674 puerit,
232 2607 277 2650 ne
300 2586 436 2655 credant
459 2589 594 2654 lectores
613 2590 757 2673 eandidi,
777 2613 829 2655 me
845 2613 883 2656 ex
900 2593 1033 2682 ingenio
1051 2617 1147 2678 meo,

82 2691 253 2759 blaserium
267 2745 277 2779 ,
292 2699 328 2760 in
344 2695 557 2783 quibusdam,
574 2717 647 2783 qum
665 2715 767 2783 pauca
782 2713 878 2778 sunt,
896 2697 1074 2763 admodum
1090 2721 1147 2765 su·

83 2800 212 2888 gillasse.
228 2805 392 2867 Caeterum
410 2817 449 2864 ut
463 2800 505 2864 ad
521 2799 570 2882 id,
583 2801 674 2864 unde
693 2821 807 2865 sumus
819 2804 954 2890 egressi,
967 2803 1147 2884 redeamus,

83 2905 245 2996 'I'beologe
274 2906 527 2996 sapientissime,
548 2925 609 2995 ego
637 2905 672 2969 in
699 2905 796 2986 hujus
823 2921 929 2994 poetae
953 2909 1148 2975 carminibus
1255 2912 1257 2922 '

84 3013 278 3077 excudendis
293 3012 329 3078 id
344 3013 421 3093 feei,
434 3010 524 3099 quod
538 3033 637 3076 nemo
649 3011 785 3076 fortasse
798 3011 933 3076 antebac
946 3012 1016 3077 lieri
1029 3014 1149 3080 debere

83 3118 322 3202 animadvertit,
336 3121 392 3207 qui
405 3119 485 3200 nisi,
498 3118 554 3182 ubi
568 3119 619 3182 rel
633 3119 718 3208 capti
730 3119 832 3183 oeulis
845 3118 886 3182 ab
899 3120 1148 3207 impressoribus

84 3241 219 3289 erratum
232 3240 369 3314 possent
382 3224 540 3306 indicare,
552 3223 634 3288 nibil
645 3225 830 3308 immutavi,
842 3243 880 3288 er
893 3225 961 3307 his,
974 3247 1047 3314 quae
1058 3243 1149 3292 erant

83 3329 113 3391 in
129 3331 307 3419 exemplari
330 3330 494 3410 omnium,
511 3347 585 3417 quaa
605 3329 732 3411 inveni,
745 3330 1002 3420 castigatissimo:
1016 3331 1073 3396 sed
1091 3333 1149 3396 ubi
1254 3373 1257 3380 ·

84 3436 129 3500 rel
140 3459 223 3524 ego,
234 3437 287 3500 vel
300 3436 381 3500 aliua
394 3435 555 3523 quispiam
566 3455 680 3498 eorum
690 3482 699 3515 ,
711 3427 768 3522 qui
780 3435 812 3498 in
823 3427 988 3500 Valerium
998 3438 1149 3502 flaccum
1236 3521 1240 3527 Ι

84 3542 322 3608 observationes
339 3541 530 3622 ediderunt,
547 3539 726 3628 Qidqttam
742 3541 968 3628 reponendum
985 3557 1115 3626 censet,
1131 3568 1150 3610 e

84 3651 211 3740 regione
228 3648 381 3714 dictionis
396 3647 555 3712 adnotatae
571 3646 832 3712 emendationem
848 3667 923 3713 cum
934 3651 1075 3714 auctoris
1090 3673 1150 3715 no·

85 3759 166 3821 mine
190 3756 382 3846 ponendam
408 3756 533 3837 curari,
561 3771 600 3818 ut
625 3754 765 3819 liberum
787 3755 949 3835 judicium
973 3758 1148 3825 lectoribus

84 3864 294 3950 mlinquatur.
819 3853 822 3860 ¹

124 3969 239 4033 Ceteri
255 3968 344 4032 enim
361 3984 494 4049 omnes,
507 3967 566 4055 qni
580 3966 645 4031 hoc
659 3981 761 4056 genas
769 3959 894 4053 aliquid
904 3965 1080 4050 dederunt,
1093 3984 1150 4033 aut

86 4075 156 4162 quia
168 4074 350 4154 doctiores,
361 4086 418 4136 aut
431 4073 506 4162 quia
517 4073 590 4161 plus
606 4072 667 4136 sibi
681 4071 890 4160 arrogabant,
899 4071 944 4136 ita
956 4088 994 4136 ut
1008 4072 1084 4160 ipsis
1096 4075 1153 4137 ali·

4 4219 5 4224 κ
87 4179 330 4268 quidplacebat,
339 4178 776 4267 dispunctapriorilectione,
784 4177 900 4242 mcudi
909 4178 1071 4260 volebant,
1080 4200 1151 4243 ore·

88 4284 214 4368 dentes,
225 4301 267 4350 ut
279 4307 374 4366 reor,
385 4283 456 4350 fieri
467 4286 575 4351 minus
589 4302 685 4373 posse
695 4333 703 4366 ,
714 4299 752 4348 ut
765 4285 962 4366 fallerentur,
975 4303 1013 4348 ac
1024 4305 1061 4348 ex
1077 4304 1154 4373 ope·
