3198 5106
302 562 573 634 THEOPHIL.
600 565 796 635 CHRIST.
823 565 1030 634 HARLES.
1079 585 1222 634 cnxxvn

158 687 245 772 edii,
263 706 314 773 et,
330 707 369 757 ut
389 692 472 758 illud
490 695 909 777 mecumcommuniearet,
928 693 1081 760 decenter
1102 695 1223 786 rogavi.

159 795 247 878 Nee,
275 795 366 883 quod
393 819 470 862 eum
495 801 576 888 grati
606 800 706 863 animi
733 797 956 864 testificatione
980 798 1151 888 profiteor,
1175 800 1224 864 vir

160 921 325 983 sruumus,
338 923 399 991 pro
415 923 471 985 ea,
490 926 554 993 qua
567 903 679 982 floret,
700 905 902 969 humanitate
918 905 1148 992 literarumque
1164 905 1224 970 bo·

162 1028 278 1072 uerum
287 1007 503 1088 iuvandarum
518 1009 645 1093 ardore,
654 1010 853 1076 deluitxmeis
868 1010 1029 1100 precibus.
1044 1011 1101 1076 Illa
1112 1011 1224 1094 editio,

161 1112 251 1178 libris
267 1113 444 1182 rarioribus
457 1116 717 1196 adnumeranda,
737 1134 771 1184 et
789 1142 808 1182 a
825 1120 1011 1183 Burmanno
1028 1119 1225 1208 reliquisque

162 1218 341 1285 editoribus
352 1221 463 1285 leviter
477 1223 621 1312 inspecta
635 1223 693 1312 (ι),
710 1245 777 1288 non
791 1225 897 1288 solum
913 1225 1016 1290 laetam
1028 1225 1225 1313 optimarum
1253 1232 1257 1238 ’
1366 1225 1370 1236 ’

161 1324 439 1416 singidunumque
462 1328 640 1395 lectionum
663 1328 754 1394 dedit
779 1345 939 1420 segetem,
965 1329 1022 1395 sed
1049 1331 1143 1395 etiarn
1175 1346 1227 1396 tot

163 1431 305 1520 egregias
315 1430 435 1498 codicis
448 1435 591 1523 antiqui,
600 1451 698 1524 atque
709 1435 974 1502 emendationum
985 1436 1046 1501 viri
1058 1435 1225 1516 cujusdam

163 1532 252 1600 docti
273 1535 441 1616 adjunctas
463 1538 579 1603 babuit
601 1538 710 1622 dotes,
734 1556 773 1605 ut
795 1543 891 1605 etiam
914 1541 966 1605 illa
989 1563 1056 1605 una
1077 1539 1226 1606 sufficere

163 1640 327 1706 videretur
337 1640 378 1707 ad
390 1659 554 1708 auctorem
567 1645 677 1709 multis
689 1645 768 1708 loeis
780 1644 842 1708 sibi
851 1641 1098 1711 restituendum.
1109 1645 1227 1711 Exem-

164 1747 209 1836 pli
223 1763 333 1814 autem
348 1750 561 1816 Bononiensis
574 1751 643 1816 haee
660 1767 709 1817 est
723 1750 910 1840 inscriptio:
988 1781 991 1786 ·

211 1851 247 1919 C.
270 1853 395 1919 Valerii
409 1857 523 1922 Flacci
536 1869 643 1948 poetoe
664 1855 885 1946 elegantissimi
904 1859 1128 1944 Argonautica
1152 1855 1227 1920 diti-

163 1972 273 2047 genter
292 1975 500 2053 aeeurateque
523 1965 691 2030 emendata
712 1978 744 2029 et
764 1987 819 2028 suo
843 1965 940 2028 niori
962 1949 1086 2027 reddita
1110 1964 1143 2026 in
1168 1962 1227 2026 too

167 2065 329 2132 voluento
344 2071 549 2136 eontinentur.
573 2071 612 2135 lu
633 2071 737 2135 forma
754 2071 902 2134 maxima.
923 2070 961 2133 lu
985 2067 1049 2133 fine
1067 2067 1141 2131 libri
1158 2068 1227 2140 haec

169 2173 343 2264 leguntur:
366 2175 515 2266 Explicit
543 2175 602 2241 too
631 2199 706 2265 opus
738 2175 773 2242 C.
801 2174 925 2241 Valerii
949 2175 1047 2240 Setini
1077 2173 1228 2238 Bononiae

167 2375 244 2432 uenis
259 2379 432 2435 Bononiensis
446 2382 529 2450 1498,
549 2383 700 2439 cumrariis
712 2381 870 2437 lectionibus
882 2399 964 2436 manu
976 2381 1114 2435 veterrima
1128 2377 1228 2434 adscri-

167 2464 235 2536 ptis,
248 2465 276 2520 in
289 2467 331 2522 bis
343 2468 422 2523 etiam
434 2470 554 2524 versibus
568 2471 682 2544 aliquot,
695 2489 755 2544 que
768 2471 796 2525 in
809 2469 871 2525 edd.
885 2489 927 2544 pr.
942 2489 997 2524 nou
1011 2481 1072 2523 sunt
1081 2507 1090 2534 ,
1099 2468 1148 2522 sed
1158 2479 1183 2520 et
1193 2467 1228 2520 ab

167 2556 223 2610 eliis
236 2557 340 2610 insertis
353 2576 369 2611 e
380 2559 565 2633 manuscriptis
580 2561 661 2615 libris.
674 2561 768 2614 Putari
781 2579 837 2614 esse
846 2579 877 2613 ex
891 2558 983 2613 codice
992 2558 1169 2621 Fsrnesiano,
1183 2555 1229 2609 sed

168 2643 291 2699 lectiones
300 2664 361 2698 cum
374 2647 447 2701 nulla
458 2647 574 2702 editione
585 2659 674 2702 vetere
686 2667 777 2701 omues
788 2648 970 2713 consentiunt,
983 2660 1014 2700 ut
1026 2667 1041 2700 e
1054 2647 1122 2700 libro
1132 2645 1230 2716 scripto

168 2733 255 2788 docte
267 2753 325 2788 esse
337 2734 488 2790 videantur.
506 2735 559 2790 Sed
577 2734 642 2789 dum
658 2755 703 2789 eas
718 2755 843 2808 comparo
859 2755 920 2788 eum
939 2735 1054 2789 editione
1067 2733 1228 2810 Burmanni,

168 2822 272 2894 reperi,
290 2821 334 2876 ed.
350 2823 452 2877 Bonon.
470 2842 525 2877 non
547 2823 609 2876 setis
626 2821 767 2894 diligenter
783 2824 931 2877 eonsultsm
953 2841 1009 2876 esse
1025 2822 1060 2874 ab
1076 2820 1186 2874 Heinsio
1203 2832 1230 2872 et

169 2909 338 2974 Burmanno;
356 2930 420 2964 nam
432 2909 566 2964 interdum
576 2912 633 2982 ejus
646 2909 801 2964 auctoritate
815 2921 935 2981 poterant
947 2908 986 2962 uti
997 2907 1032 2962 ud
1045 2907 1169 2961 lectiones
1182 2906 1229 2958 lir-

169 2997 295 3065 mundas,
306 3017 364 3071 que
372 2999 437 3072 ipsis
446 3000 617 3073 placebant».
629 2999 771 3052 Enimvero
779 2997 822 3052 ed.
834 2999 938 3052 Bonou.
948 3008 974 3052 et
984 2996 1043 3051 cod.
1053 3007 1106 3050 ret.
1120 2995 1230 3048 differre

170 3105 187 3138 s
199 3085 291 3140 codice
307 3085 484 3149 Fameeiano,
502 3097 574 3158 patet
587 3104 618 3138 en
635 3104 667 3138 eo
679 3087 756 3150 loco,
774 3103 855 3158 quem
867 3085 945 3150 Pius,
958 3085 1003 3138 lib.
1016 3083 1060 3150 Π,
1076 3103 1104 3158 p.
1117 3085 1183 3150 439,
1197 3101 1229 3136 ex
1291 3077 1293 3084 ¹

171 3174 215 3227 illo
224 3174 339 3247 profert3
356 3175 403 3227 ubi
416 3174 516 3228 nullam
526 3173 614 3228 notavi
625 3173 783 3227 varietatem.

205 3265 244 3331 (r)
257 3263 337 3316 Viros
354 3262 446 3317 doctos
467 3281 482 3316 e
505 3281 547 3317 me
565 3261 640 3317 haud
661 3275 758 3316 temere
776 3262 889 3316 incusari
907 3262 1036 3327 levitatis,
1056 3279 1089 3314 en
1111 3278 1194 3332 pauca
1215 3278 1230 3312 e

172 3351 260 3404 multis
277 3351 416 3424 exempla!
430 3351 490 3404 11ss).
501 3353 541 3416 11,
561 3353 624 3416 138,
639 3351 752 3405 Carrion
767 3350 841 3405 haud
853 3345 973 3406 accurate
986 3349 1098 3403 contulit
1109 3349 1174 3401 Bon.
1186 3346 1228 3401 ed.

172 3459 221 3494 neo
230 3440 341 3494 Vossius
353 3439 389 3493 ad
397 3440 441 3504 11,
455 3440 517 3507 561,
536 3441 582 3494 ubi
591 3441 697 3508 scribit,
710 3459 737 3494 se
747 3459 777 3494 ex
789 3440 834 3493 ille
843 3439 991 3513 reposuisse
997 3440 1146 3508 Jisncussque
1154 3440 1228 3497 veni,

173 3548 254 3600 quum
268 3540 356 3582 tamen
372 3528 493 3582 exhibeat
499 3531 643 3599 junctisque
661 3533 736 3592 veni,·
753 3530 796 3596 11,
816 3533 875 3600 167,
895 3540 1014 3590 estune,
1036 3545 1117 3599 quam
1137 3527 1230 3580 saltem

172 3617 325 3681 lectionem,
338 3619 482 3672 Burmann.
494 3617 586 3671 scribit
595 3658 603 3685 ,
613 3637 629 3672 a
641 3637 669 3672 se
681 3619 709 3671 in
719 3619 794 3672 nulls
804 3618 938 3672 inventam
952 3635 1009 3670 esse
1020 3615 1137 3670 editione
1147 3633 1155 3678 ;
1173 3615 1232 3682 ΙΙΙ,

175 3725 243 3777 270,
261 3705 337 3760 Carr.
349 3705 453 3780 prodit,
463 3706 568 3760 Borion.
582 3705 701 3772 habere,
718 3727 785 3774 quo,
800 3717 858 3759 utut
871 3706 942 3758 bona
959 3705 1051 3771 lectio,
1061 3707 1128 3772 quis,
1139 3705 1176 3758 ibi
1191 3724 1232 3758 re-

172 3795 305 3870 periatur-3
318 3797 374 3858 111,
388 3796 454 3864 305,
464 3806 503 3850 est
512 3795 540 3849 iu
553 3797 621 3850 Bon.
631 3815 672 3849 ex.
678 3799 818 3865 prohibebit,
830 3815 885 3850 non
894 3798 1022 3858 cohibebit,
1038 3794 1112 3868 quod
1120 3795 1233 3867 protulit

173 3883 235 3938 iude
245 3885 371 3948 Csrrion;
381 3903 447 3938 num
463 3885 543 3957 igitur
555 3897 686 3950 nostram,
696 3903 730 3938 an
739 3885 838 3958 priores
847 3883 1022 3945 consuluerit,
1037 3901 1103 3957 quas
1116 3869 1170 3936 non
1184 3883 1233 3937 ha-

174 3974 239 4037 beo,
252 3973 312 4028 edd.
328 3973 430 4027 Bonon.
447 3973 553 4038 nescio;
569 3974 625 4038 111,
643 3977 713 4044 629,
729 3973 810 4027 habet
823 3972 869 4028 illa
881 3974 974 4042 abfore,
986 3982 1012 4025 et
1021 3973 1101 4026 Carr.
1113 3972 1177 4025 citat
1189 3973 1232 4022 ab·

167 4063 244 4130 sores
257 4061 307 4130 IV,
320 4061 387 4128 534,
401 4063 511 4134 exempl.
528 4061 628 4116 Bonou.
643 4061 718 4115 dedit
730 4065 860 4122 rectinere,
883 4071 1009 4114 ettamen
1024 4059 1128 4132 scripsit
1140 4059 1231 4111 Burm.

175 4169 265 4204 omnes
286 4163 348 4204 vett.
360 4149 422 4205 edd.
437 4155 471 4204 ad
488 4152 644 4206 carrionem
658 4169 743 4222 usque
762 4149 885 4204 habuisse
904 4152 1015 4203 reclivem
1024 4170 1035 4211 ‚¹
1051 4148 1093 4212 V,
1109 4148 1176 4212 432,
1191 4165 1233 4198 ex.

176 4237 277 4292 Bonon.
292 4254 345 4292 ater
353 4242 409 4312 jam
424 4241 491 4294 bene
507 4238 596 4294 dedit:
617 4246 700 4311 quare
710 4240 787 4292 Carr.
798 4249 825 4290 et
837 4236 928 4292 Burin.
939 4238 1054 4292 scribere
1069 4255 1123 4290 non
1137 4234 1234 4296 debue-

174 4339 233 4382 rant
242 4365 250 4394 ,
261 4347 353 4384 omnes
361 4328 483 4400 vulgatas
492 4329 590 4386 bebere
599 4347 667 4383 acer.
677 4327 729 4383 ssd
739 4328 878 4382 hactenus.
