3116 5102
343 478 406 544 ³30
644 481 681 543 C.
705 479 902 544 VALERII
924 477 1104 554 FLACCI

386 609 557 698 AEquora?
570 631 632 674 nec
647 628 775 674 summa
790 609 1012 699 speculantem
1027 631 1139 700 puppe
1152 609 1275 676 ridebo
1386 633 1413 678 a

388 724 622 813 Pleiadumque
638 725 752 815 globos
767 741 800 791 et
812 741 943 815 agentes
958 725 1111 790 noctibus
1124 725 1261 792 Arctos?

388 842 450 905 Cui
464 840 591 930 Minyas
604 862 776 930 caramque
790 854 910 922 ratem,
928 839 981 904 cui
995 837 1099 905 sidem
1115 839 1238 905 tradis?

387 958 526 1046 Carpere
542 979 669 1022 securas
683 957 755 1045 quis
769 957 835 1038 jam
851 955 945 1036 jubet
962 955 1086 1021 AEsona
1101 957 1241 1022 noctes?

386 1073 458 1136 Hoc
476 1073 582 1155 labor,
599 1071 664 1136 hoc
680 1071 767 1136 dulci
783 1073 903 1137 totiens
922 1069 1069 1136 fraudata
1082 1093 1200 1161 sopore

387 1185 541 1269 Lumina,
559 1203 592 1251 et
606 1186 745 1252 admotis
761 1187 900 1252 nimium
918 1209 1010 1251 mens
1025 1185 1120 1296 apxia
1133 1187 1264 1251 Colchis
1386 1207 1410 1246 s·

386 1301 534 1367 Profuit?
547 1301 613 1366 heu
630 1317 790 1391 quantum
802 1302 933 1384 Phasis,
949 1316 1109 1390 quantum
1125 1301 1187 1367 AEa
1200 1305 1347 1368 recessit!

388 1417 418 1482 N
421 1441 487 1480 unc
503 1437 656 1506 quoque,
671 1419 698 1481 si
714 1417 805 1482 tenui
821 1433 975 1507 superant
987 1417 1022 1480 in
1036 1403 1176 1506 imagine
1192 1439 1296 1501 curse,

388 1532 481 1598 Adsis
499 1534 633 1616 umbra,
649 1556 789 1622 precor,
799 1534 929 1598 venturi
945 1532 1074 1623 praescia
1094 1533 1180 1611 caeli,

387 1653 625 1737 Rectoremque
640 1665 704 1714 tuae
723 1671 855 1714 moneas
871 1647 947 1713 ratis
959 1679 985 1713 ν.
1004 1647 1081 1712 Haeo
1096 1647 1154 1712 ubi
1172 1647 1256 1714 fatus

389 1765 463 1828 Sola
477 1765 584 1828 virum
600 1761 736 1828 flammis
752 1763 833 1828 vidit
849 1762 1031 1828 labentibus
1050 1783 1137 1827 ossa:

389 1877 510 1962 «Quod
525 1897 634 1944 tamen
648 1879 787 1943 externis
803 1902 908 1945 unum
927 1883 1070 1947 solamen
1087 1883 1122 1948 in
1139 1889 1205 1947 oris

389 1996 514 2076 Restat,
531 1995 590 2077 ait,
607 2017 694 2058 caras
711 1995 833 2060 humus
849 1995 919 2060 haec
934 2019 1002 2061 oon
1019 1997 1140 2062 dividet
1156 1998 1308 2078 umbras,

389 2111 535 2196 Ossaque
552 2131 612 2173 nee
627 2110 774 2190 tumulo,
792 2132 854 2173 nec
870 2133 980 2199 separe
997 2128 1147 2201 conteget
1162 2135 1263 2194 urna,

377 2305 414 2368 lp.
427 2309 468 2355 cat
485 2309 558 2353 satam
569 2323 614 2369 pro
625 2322 673 2354 var.
685 2307 740 2353 leet.
752 2309 841 2354 Bonon.
857 2307 909 2354 ooth
928 2335 958 2344 -
978 2310 1016 2364 ts.
1030 2311 1075 2370 Qui
1080 2309 1146 2374 jam.
1166 2311 1253 2356 Mases.
1269 2307 1350 2356 Alard.
1360 2307 1410 2354 etl&

346 2416 376 2426 -
384 2389 422 2436 50.
431 2389 462 2434 Et
470 2388 578 2432 attonitis.
591 2385 666 2433 codd.
677 2395 701 2432 et
712 2385 765 2433 add„
777 2389 873 2434 Δωσὼ.
883 2388 938 2435 ΑΜ.
949 2388 1013 2435 unde
1022 2389 1119 2435 admotis
1130 2390 1235 2435 Gronov.
1248 2389 1316 2436 Obss.
1324 2389 1366 2442 tv,
1375 2402 1409 2434 ar.

345 2470 413 2516 Nmtc
422 2468 501 2512 mia.
513 2467 603 2511 Bonon.
623 2465 676 2511 ood.
694 2473 717 2511 et
732 2463 785 2511 add.
797 2465 827 2511 ad
838 2465 890 2512 ΛΜ.
904 2482 985 2528 usque.
999 2493 1031 2502 -
1047 2467 1084 2516 δι.
1103 2470 1218 2528 Quantum
1229 2471 1294 2514 Bia,
1305 2466 1379 2512 Vatis.
1389 2475 1411 2512 et

344 2549 435 2594 Bouon.
455 2544 524 2591 codd.
546 2547 645 2606 lingent.
661 2545 725 2590 carr.
741 2548 909 2608 Quacumque.
920 2549 1035 2594 Bonoml
1053 2557 1077 2594 et
1090 2548 1121 2592 ll.
1134 2549 1199 2593 Junt.
1212 2549 1298 2593 Mases.
1313 2545 1366 2592 Ald.
1382 2571 1410 2580 -

344 2627 383 2674 53.
399 2627 505 2687 Prasaga
514 2639 559 2686 pro
572 2640 620 2670 var.
632 2625 685 2670 lect.
697 2624 788 2670 Boron.
800 2624 853 2670 cod.
868 2651 898 2660 -
914 2626 954 2672 55.
972 2625 1141 2673 lambentt'brts.
1150 2625 1216 2672 Gerr.
1228 2625 1282 2673 cod.
1294 2635 1319 2670 et
1329 2627 1410 2670 litter.

344 2721 374 2754 ex
385 2706 449 2766 conj.
459 2729 490 2740 -
500 2705 538 2752 56.
549 2704 672 2750 saraae.
681 2705 779 2764 lingent.
790 2702 855 2749 Garr.
867 2704 1081 2764 1.-57.Dta'dae,
1091 2715 1115 2752 et
1122 2721 1145 2752 r.
1154 2719 1205 2766 seq.
1214 2713 1328 2766 contem.
1339 2703 1410 2750 Codtl

345 2794 369 2831 et
380 2784 435 2832 add.
448 2794 503 2830 ante
513 2785 579 2830 Cirr.
597 2807 628 2820 —
645 2783 683 2830 st.
694 2783 795 2844 Dispare.
808 2785 898 2830 Boron.
907 2781 961 2828 eod.
970 2783 1013 2829 En.

380 2975 426 3039 46.
437 2976 562 3025 Pleiadum
570 2975 672 3042 globos,
682 2972 808 3043 quonlam
818 2989 857 3024 sc·
901 2977 952 3024 AE'a
965 2977 1065 3025 recessit
1077 2973 1248 3045 (metaphora
1263 2985 1370 3044 sumpta
1378 2971 1411 3025 ab

324 3063 416 3125 =ptem
427 3071 511 3105 unum
520 3051 591 3104 sidus
599 3051 743 3105 conficiunt
751 3055 858 3122 (glome-
901 3051 948 3120 iis,
968 3053 1033 3125 qui,
1053 3071 1136 3124 quum
1153 3064 1261 3124 portum
1280 3052 1309 3105 in
1331 3051 1413 3104 oculis

345 3135 421 3185 rasta
440 3134 521 3194 sidus,
538 3131 611 3204 apud
630 3131 785 3194 Manilium,
809 3131 857 3192 IV,
900 3131 1134 3195 habeant‚denuo
1143 3131 1170 3183 in
1180 3130 1262 3184 altum
1272 3130 1412 3203 projiciun-

347 3213 413 3275 sam
429 3216 514 3263 densa
533 3213 642 3262 Pleiades
659 3215 804 3278 (Grappe),
819 3210 855 3262 in·
900 3212 981 3280 tur),
995 3229 1076 3283 quam
1099 3229 1157 3263 sero
1177 3211 1268 3263 saltem
1289 3228 1361 3262 nunc
1382 3228 1412 3262 eo

346 3291 396 3354 fra,
408 3292 491 3361 414),
500 3307 524 3342 ee
534 3305 650 3359 agentes,
660 3303 801 3343 nautarum
810 3288 858 3343 du·
903 3292 1088 3361 perveniemus
1098 3289 1105 3342 l

345 3381 388 3424 ces
399 3409 407 3434 ‚
419 3373 527 3422 accolas
538 3375 634 3421 Arctos.
939 3369 982 3423 5².
992 3375 1065 3421 Nunc
1075 3391 1184 3439 quoque,
1192 3372 1216 3421 si
1222 3371 1293 3422 tanat
1299 3382 1414 3437 superant

381 3458 421 3520 47.
437 3453 480 3503 (hai
492 3449 590 3518 digno,
602 3459 688 3502 tecum
703 3465 859 3520 comparatr-
902 3449 927 3498 ia
945 3450 1054 3518 imagine
1073 3469 1152 3513 cara,
1173 3448 1194 3502 si
1216 3447 1339 3517 manilius
1357 3458 1413 3518 post

345 3531 389 3590 do,
401 3531 499 3596 Hsaias
508 3547 714 3600 caramqae‚quse
724 3540 802 3582 tantm
811 3528 859 3580 tibi
902 3539 1012 3581 mortem
1025 3527 1121 3600 aliquis
1134 3547 1226 3582 sensus
1235 3539 1292 3594 est,
1309 3539 1336 3579 et
1352 3544 1411 3578 cura

344 3627 414 3662 oure
424 3619 494 3670 erat,
506 3621 596 3667 ratem,
606 3610 646 3658 cai
650 3611 741 3669 sidera,
752 3627 859 3661 servan·
901 3625 990 3659 rerum
998 3607 1175 3670 terrestrium,
1184 3609 1252 3658 adsis
1263 3609 1347 3656 maht-a
1354 3626 1414 3657 vea-

347 3687 411 3741 dum
426 3689 536 3749 caelum,
548 3689 648 3739 tradis?
904 3689 954 3736 turi
966 3688 1074 3755 praescia
1090 3690 1160 3748 cati,
1179 3700 1344 3752 rectoremque
1362 3705 1412 3735 mo·

382 3774 424 3831 48.
432 3768 498 3833 Quis
507 3767 595 3830 saciat,
605 3779 634 3819 ut
645 3785 734 3820 secure
744 3763 860 3820 dormiat
904 3787 977 3826 neas,
993 3777 1038 3819 tua
1048 3765 1164 3820 siderum
1173 3766 1283 3837 celique
1290 3764 1414 3816 vicissitu-

345 3845 522 3920 patermeus?
533 3845 693 3918 -Adolph
704 3853 803 3898 Dureau
812 3852 861 3898 De·
903 3843 997 3898 diuum
1013 3846 1105 3917 peritia
1122 3842 1220 3920 adjuva
1239 3861 1414 3898 successorem

345 3931 448 3978 laraalle
457 3926 582 3997 proponit
592 3927 677 4000 legere
689 3933 793 3978 lasorra.
804 3926 858 3979 En.
904 3937 989 3977 tuum.

382 4009 422 4060 50.
438 4007 547 4056 Admotis
567 4009 665 4057 aimimn
685 4025 753 4059 mens
776 4007 858 4058 aazia
940 4003 983 4056 ⁵5.
994 4007 1065 4064 Sola,
1079 4014 1212 4076 separata,
1225 3999 1336 4052 diversis
1345 4001 1414 4070 rogis

346 4087 451 4144 Colchis,
461 4085 585 4155 somogia
597 4083 722 4151 sollicita,
734 4104 788 4157 quo
796 4105 856 4158 pro·
901 4093 1037 4146 cremata,
1053 4082 1123 4135 videt
1144 4085 1253 4134 eitonam
1272 4100 1331 4131 ossa
1338 4081 1415 4154 flam·

345 4166 405 4238 pius
413 4165 447 4216 ab
458 4163 562 4215 Colchis
573 4164 709 4217 absumus,
900 4165 946 4213 mis
959 4163 1105 4223 laborabas,
1119 4161 1148 4214 in
1161 4159 1263 4213 cineres
1275 4157 1413 4212 considen-

383 4244 616 4316 51·chqanatum
626 4245 723 4304 Phasis,
737 4257 855 4310 quantum
900 4241 970 4294 tibus
977 4259 987 4310 i
1007 4240 1054 4295 sed
1071 4261 1163 4306 caras,
1184 4239 1237 4306 ait,
1261 4241 1348 4291 tama
1366 4257 1414 4290 noa
