3192 5128
402 495 664 566 PRAEFATIO
697 497 949 570 siceum.
1088 469 1215 576 “cni
1248 516 1250 522 ·
1287 529 1292 548 ι
1370 529 1371 533 ι

116 627 370 707 contumelias,
395 627 430 690 in
455 627 551 709 alios,
571 629 654 695 nihil
678 630 788 695 minus
811 653 909 720 quam
933 653 1009 698 eum
1038 636 1214 704 lacessendi

5 811 6 830 Χ
116 747 184 795 aut
204 730 387 822 impetendi
404 733 551 797 animum
568 731 741 818 hahentes,
757 736 1019 824 inquinatissimo
1031 757 1064 804 et
1074 743 1212 810 barbaro

4 854 5 888 l
117 859 289 904 sermone
316 861 468 904 evomere
496 839 664 906 sustinuit.
693 841 802 924 Quem
826 844 853 906 si
882 844 1000 910 imitari
1023 849 1156 931 vellem,
1180 867 1214 916 et

117 966 209 1008 cum
226 959 297 1008 tam
313 942 448 1034 ignobili
464 943 688 1035 ludiimgistiu
706 965 822 1010 manus
841 948 1046 1014 committere
1066 952 1212 1038 luberet,

119 1049 355 1139 ignorantiam
378 1048 485 1113 omnis
503 1049 714 1116 humanitatis
737 1066 771 1115 et
791 1049 967 1141 disciplinas
981 1056 1141 1144 politioris
1158 1061 1212 1124 in-

120 1155 344 1236 credibilem,
356 1167 390 1220 et
403 1156 563 1220 sermonis
583 1157 681 1220 etiam
701 1157 792 1220 latini
807 1158 1002 1246 stupendam
1018 1160 1215 1251 imperitiam

120 1263 217 1326 clara
243 1262 278 1325 in
306 1261 379 1326 luce
401 1283 525 1349 ponere
550 1263 701 1330 facillime
726 1284 867 1351 possem.
896 1263 962 1330 Sed
988 1267 1213 1356 relinquimus

121 1390 209 1432 eum
229 1367 394 1456 ergastulo
415 1389 476 1432 suo
493 1369 652 1450 obscuro,
671 1384 703 1433 et
720 1367 895 1458 diligentiis
911 1371 1047 1460 ignobili
1064 1374 1209 1444 affixum

122 1475 210 1540 Non
227 1497 365 1562 possum
375 1487 511 1558 tamen,
535 1476 616 1562 quin
633 1476 750 1540 miram
771 1476 841 1558 ejus
857 1477 1063 1565 sagacitatem
1080 1481 1114 1545 iu
1131 1493 1214 1547 con·

121 1581 282 1662 jiciendi's
303 1582 484 1670 priscarum
509 1581 692 1647 editionum
720 1583 908 1648 auctoribus
932 1599 966 1650 et
983 1590 1213 1677 typographis,

125 1689 189 1752 nbi
220 1698 318 1753 certe
340 1689 418 1753 anni
442 1703 476 1754 et
498 1687 636 1754 officinae
654 1705 739 1754 notas
766 1690 802 1754 in
823 1689 994 1756 codicibus
1012 1691 1151 1778 desum,
1168 1698 1215 1760 ii·

126 1794 248 1875 deam,
263 1810 297 1858 et
312 1794 444 1883 publico
461 1795 557 1860 etiam
573 1815 746 1884 exponam.
765 1795 964 1885 Magistellus
977 1797 1049 1881 ille,
1066 1815 1159 1865 tomo
1178 1805 1213 1867 ll

127 1900 251 1964 Annal.
262 1900 405 1988 l'ypogr.
416 1901 531 1988 portel
540 1945 549 1980 ,
563 1923 594 1988 p.
609 1898 795 1987 337,nobis
809 1916 1035 1990 narrat,psries
1045 1925 1078 1968 se
1093 1905 1213 1993 Orphei

128 2004 348 2094 metaphrasin
362 2025 424 2068 esse
440 1997 583 2092 infolio,
598 2006 665 2068 sine
683 2025 769 2069 antio
776 2053 787 2085 ,
804 2005 894 2096 eujus
908 2007 1078 2072 character
1086 2012 1213 2076 wesdi't

122 2133 228 2200 prope
249 2111 298 2174 ad
313 2107 458 2176 Phatoriis
472 2111 514 2174 de
529 2109 703 2178 Benedictis
713 2111 917 2176 Bononiensi}
931 2115 1121 2204 typographi
1134 2117 1212 2180 elia-
1250 2143 1254 2150 ·

131 2231 286 2282 racterem
298 2240 310 2281 .·
322 2220 357 2282 in
370 2240 408 2281 ea
418 2215 556 2282 edeam
569 2229 643 2283 sunt
652 2221 826 2305 signatum
839 2232 869 2282 et
876 2219 1085 2286 reclamantes
1091 2269 1102 2302 ,
1111 2221 1212 2288 nulloe

133 2343 210 2386 vero
220 2323 360 2412 ephree:
371 2323 419 2386 ed
429 2323 547 2387 calcem
557 2337 709 2413 regestum
720 2327 759 2388 A.
771 2347 831 2405 iii,
842 2327 878 2389 Β.
888 2349 944 2408 ιιι,
958 2327 994 2390 C.
1005 2341 1046 2390 ιιι
1054 2373 1064 2410 ,
1073 2329 1108 2392 in
1119 2331 1211 2394 irri'ti'o

131 2429 269 2492 Ioannis
285 2429 381 2518 trapi.
404 2429 457 2494 Pii
474 2429 522 2493 ad
536 2417 720 2494 Senatorum
732 2429 1006 2519 Ehpltantutium.
1027 2434 1077 2500 Ex
1090 2435 1210 2523 quibus

132 2535 241 2600 veihis
262 2557 446 2624 numquam
471 2535 589 2601 Valerii
613 2534 719 2601 Flacci
744 2536 921 2601 edidonem
944 2562 962 2602 a
983 2539 1042 2603 Pio
1063 2558 1210 2606 curamm

133 2641 310 2730 inspexisse
328 2643 463 2731 catalogi
479 2645 701 2708 confectorem
716 2659 826 2730 patet:
841 2643 916 2711 licet
932 2667 1004 2708 eain
1022 2644 1142 2712 ibidem
1160 2671 1210 2712 re·

134 2765 263 2812 censeat
278 2748 343 2812 hoc
361 2748 481 2816 modos
499 2748 576 2813 Vel.
595 2747 708 2813 Flacci
721 2749 946 2834 Argonautica
962 2771 1035 2814 eum
1051 2773 1209 2817 cemmen-

133 2857 217 2919 tari‘o
232 2856 369 2919 Ioannis
385 2856 536 2944 Baptistae
551 2855 607 2919 Pii
614 2902 625 2935 ,
649 2869 681 2918 et
703 2854 752 2918 ad
766 2855 886 2919 calcem
908 2860 1064 2940 anonymi
1081 2864 1210 2946 pmtiea

137 2961 255 3049 Orphei
273 2963 485 3050 Argonautis.
506 2961 700 3050 metaphrasi
704 2986 717 3041 ;
735 2961 793 3049 qui
809 2961 924 3024 titulus
945 2961 1044 3050 longe
1061 2963 1154 3027 aliter
1171 2967 1206 3028 in
1314 3001 1315 3007 .

134 3066 222 3132 edito
235 3068 324 3132 libro
338 3069 536 3156 concipitur,
552 3069 628 3132 licet
639 3065 755 3132 eodem
769 3067 835 3132 lere
848 3065 975 3132 redeat:
986 3067 1044 3132 sed
1058 3069 1092 3132 in
1108 3070 1210 3136 hisut-

133 3173 179 3236 ria
191 3173 331 3238 literaria
349 3173 390 3238 ad
404 3175 669 3262 superstitionem
685 3195 790 3262 usque
806 3189 988 3238 accuratam
1007 3174 1208 3264 diligentiam
1262 3164 1268 3187 ¹

132 3279 256 3368 requiri
272 3285 371 3344 neino
387 3281 532 3370 negabit,
550 3303 650 3368 quam
663 3266 826 3369 piaecipue
837 3279 902 3344 hoc
915 3300 1019 3368 genus
1033 3283 1207 3371 scriptores
1306 3288 1314 3295 '

134 3383 174 3448 ali
200 3384 271 3448 aliis
296 3384 441 3475 exigunt.
461 3383 526 3449 Sed
545 3385 673 3449 minuta
689 3400 900 3449 mamimus.
926 3383 1026 3466 Quod
1045 3401 1144 3474 caput
1160 3389 1208 3452 ici

134 3505 196 3574 est,
223 3491 363 3558 credidit
386 3513 421 3556 se
441 3491 561 3556 habere
580 3491 665 3556 lianc
682 3490 919 3580 metaphrasin,
941 3491 991 3556 uti
1011 3493 1207 3582 singularem

132 3595 299 3679 libellum,
316 3613 350 3662 et
367 3598 538 3685 separatim
554 3597 595 3662 ab
613 3597 723 3685 aliquo
740 3597 944 3686 typographo
961 3591 1103 3662 editam:
1126 3616 1160 3664 et
1173 3599 1208 3666 id

132 3702 267 3785 titulari,
283 3703 342 3790 qui
358 3702 464 3767 tribus
488 3703 596 3768 verbis
611 3719 807 3792 conceptus,
823 3702 858 3766 in
877 3701 985 3767 medio
1002 3703 1096 3785 lolio,
1114 3727 1206 3772 more

131 3808 310 3896 primarum
324 3807 529 3896 editionum,
545 3809 755 3898 conspicitur,
776 3809 836 3896 ipsi
854 3809 1050 3896 persuasisse
1065 3810 1204 3878 videtin.

129 3915 231 4002 Atqui
261 3914 288 3978 si
312 3913 445 3980 vidisset
466 3911 642 3980 editionem
659 3915 728 3979 Vel.
747 3914 851 3980 Flacci
873 3935 949 3977 cuin
971 3918 1207 3981 commentario

129 4019 198 4102 Pii,
208 4021 494 4110 deprehendisset,
504 4045 574 4088 eam
588 4021 806 4111 metaphrasin
819 4023 924 4086 facere
939 4037 1066 4088 tanturn
1080 4042 1206 4113 partem

128 4128 346 4194 Bononiensis
368 4128 521 4194 editionis
545 4130 581 4194 A„
608 4127 713 4216 1519,
730 4149 804 4217 que
823 4128 955 4193 titulum
974 4127 1065 4195 hunc
1087 4151 1153 4219 praa
1171 4151 1207 4196 se

128 4231 216 4300 lert:
232 4231 396 4301 C.⁴'VuIer.
414 4233 530 4300 Flacci
545 4236 766 4302 commentarii
781 4236 842 4300 Pio
855 4235 1048 4300 Bononiensi
1058 4250 1205 4319 auctore,

245 4341 288 4405 ¹·'
1004 4367 1050 4428 ‘s
