3122 5126
436 513 606 585 PETRO
637 517 665 584 A
694 516 880 598 LERMA.
1111 539 1196 587 utut

109 651 254 713 futurus
280 645 473 732 ostendisti3
491 648 609 737 exiguo
630 645 718 712 enim
743 646 898 735 temporis
924 648 1102 731 curriculo,
1127 672 1196 714 non

112 754 221 820 modo
243 755 454 820 liminaribus
474 755 537 820 illis
556 755 779 821 Grammaticae
802 753 996 820 rudimentis
1019 755 1196 820 instructus

113 885 168 943 es,
184 860 311 949 quibus
333 860 493 926 duntaxat
512 861 650 950 cognitis
673 876 792 925 nostrae
813 861 1012 949 tempestatis
1029 861 1197 940 homines,

114 968 214 1050 satis,
229 968 260 1031 si
279 966 343 1031 diis
359 966 482 1056 placet,
496 987 530 1030 se
547 965 661 1030 doctos
679 987 749 1030 esse
764 966 972 1048 arbitrantur,
987 965 1044 1030 sed
1066 989 1106 1031 eo
1122 989 1197 1032 era·

117 1073 211 1155 sisti,
228 1087 271 1136 ut
289 1094 374 1160 pure
392 1087 426 1136 et
447 1087 561 1136 ornate
579 1071 779 1159 loquereris,
794 1072 954 1136 concinne
978 1088 1012 1136 et
1036 1073 1197 1161 eleganter

118 1179 303 1261 scriberes,
316 1178 500 1266 latinosque
517 1199 630 1242 omnes
645 1193 793 1242 auctores
807 1177 877 1241 sine
886 1178 1063 1266 interprete
1078 1178 1197 1242 intelli-

21 1371 22 1374 ,
119 1307 236 1374 geres:
253 1306 323 1348 non
341 1299 452 1348 tamen
471 1283 535 1348 hoc
551 1300 742 1366 contentus,
764 1283 885 1372 quippe
905 1284 946 1348 ad
961 1284 1074 1348 altiora
1090 1284 1197 1348 studia
1219 1325 1222 1336 ι

21 1397 22 1420 ³
119 1407 238 1468 uanas,
255 1412 363 1478 quum
378 1391 463 1455 intra
478 1389 616 1478 geniales
632 1391 742 1478 patriae
756 1388 874 1454 domus
890 1391 1106 1472 amoenitates,
1124 1391 1195 1455 sinc

21 1487 22 1532 ³
121 1495 407 1561 dedecorelaetam
421 1497 520 1560 vitam
536 1517 630 1586 agere
646 1495 808 1577 licuisset,
839 1495 991 1560 omnibus
1012 1513 1120 1560 tamen
1137 1520 1198 1560 vo·

21 1673 22 1680 χ
121 1602 307 1691 luptatibus
338 1601 557 1684 renuntians,
598 1617 631 1665 te
658 1601 694 1664 in
725 1600 965 1665 nobilissimum
998 1601 1196 1666 Parisiorum

123 1707 334 1797 gymnasium
354 1705 521 1771 contulisti
537 1731 546 1790 5
568 1706 627 1769 ubi
645 1705 832 1770 liberalibus
849 1705 1003 1770 omnibus
1021 1695 1197 1795 disciplinis

125 1812 334 1878 commodam
350 1810 432 1877 adeo
448 1811 570 1876 navasti
587 1832 737 1899 operam,
753 1825 792 1873 ut
804 1827 837 1874 te
848 1833 952 1874 unum
963 1833 1077 1876 omnes
1092 1811 1197 1876 admi-

125 1937 297 2002 rarentur,
323 1919 358 1983 iu
385 1936 417 1984 te
435 1941 539 1983 unum
557 1918 670 1982 oculos
689 1917 902 2000 conjicerent,
920 1933 952 1982 te
971 1941 1077 1982 unum
1095 1919 1198 2006 digito

125 2040 371 2090 monstrarent:
392 2041 494 2112 utque
519 2022 691 2088 Parisiensi
720 2023 838 2087 scbolre
859 2024 1015 2105 solveres,
1035 2023 1125 2112 quod
1145 2047 1198 2088 ac·

126 2153 274 2220 ceperas,
288 2129 435 2194 liberales
451 2144 535 2192 artes
547 2128 706 2193 continuo
719 2129 850 2218 publice
863 2129 1026 2217 profiteri,
1044 2152 1111 2194 uon
1126 2130 1197 2194 sine

125 2259 243 2325 magna
260 2254 317 2301 tua
330 2236 449 2325 gloria,
470 2251 503 2300 et
518 2235 662 2298 nominis
678 2231 877 2315 celebritate,
890 2257 951 2300 nec
966 2235 1093 2300 minore
1110 2235 1201 2298 scho-

126 2343 313 2406 lasticorum
331 2342 571 2424 emolumento,
585 2342 726 2429 coepisti3
739 2363 807 2429 quo
826 2341 936 2405 labore
951 2342 1199 2430 locupletiorem

127 2447 249 2524 multo,
267 2448 525 2535 amplioremque
539 2467 671 2511 usuram
684 2463 771 2511 sorte
784 2445 952 2512 reddidisti
965 2470 973 2511 :
987 2449 1054 2530 jam
1068 2470 1147 2514 vero
1163 2447 1197 2510 in

127 2575 213 2616 sacra
229 2551 380 2616 omnium
396 2551 529 2615 scientia
543 2567 677 2639 parente
695 2551 872 2641 Theologia
889 2574 945 2617 eos
961 2554 1064 2617 fecisti
1087 2551 1197 2641 profe·

123 2675 209 2740 ctus,
223 2673 263 2722 ut
276 2658 414 2746 aequales
428 2673 564 2722 cunctos
579 2656 742 2740 candidis,
757 2675 795 2722 ut
809 2657 939 2736 dicitur,
953 2659 1048 2747 equis
1060 2681 1199 2748 praecur-

126 2786 230 2845 reres,
242 2763 434 2852 neminique
449 2765 586 2853 posthac
601 2763 750 2851 lampada
767 2765 910 2829 currenti
927 2764 1107 2830 tradideris.
1134 2764 1198 2829 Sed

127 2893 231 2958 quum
247 2885 282 2933 te
297 2885 413 2934 natura
429 2869 620 2934 in'sublime
634 2868 832 2934 omnimodae
845 2869 1000 2936 doctrinm
1012 2869 1199 2958 fastigium,

128 2975 167 3040 ad
182 2977 292 3041 literas
309 2977 432 3042 scilicet
446 2991 578 3058 natum,
595 2975 806 3066 perduceret,
824 2975 1016 3064 rideresque
1039 2976 1142 3040 nullas
1163 2977 1198 3040 in

128 3082 225 3146 literis
242 3083 474 3173 cogitationes,
499 3082 678 3170 quamlibet
692 3097 842 3170 argutas,
861 3080 1017 3146 sublimes
1035 3097 1068 3145 et
1083 3080 1196 3164 utiles,

129 3209 197 3252 esse
210 3210 301 3276 quae,
317 3189 379 3252 nisi
393 3189 497 3276 polito
513 3189 716 3276 elegantique
731 3209 882 3252 sermone
899 3188 1113 3264 illustrentur,
1129 3209 1198 3252 non

129 3293 307 3357 maximum
323 3292 500 3358 lectoribus
516 3292 681 3358 fastidium
698 3293 843 3382 pariant,
862 3309 1047 3375 oratorum,
1063 3293 1196 3358 histori-

131 3421 311 3486 corumque
327 3413 427 3486 atque
445 3413 617 3486 poetarum
637 3398 771 3462 lectioni
788 3398 904 3464 ardore
920 3399 1064 3488 ingenti,
1083 3400 1126 3464 ita
1142 3422 1198 3463 ra·

131 3525 201 3568 care
225 3504 368 3592 coepisti,
397 3519 435 3568 ut
459 3527 527 3568 non
556 3504 665 3568 minus
690 3504 845 3569 enitueris
873 3505 1079 3593 eloquentia,
1098 3527 1198 3593 quam

131 3612 219 3700 prius
238 3633 401 3676 sacrarum
418 3611 585 3676 literarum
610 3612 798 3700 cognitione
817 3613 1014 3700 praestabas:
1040 3612 1198 3678 cudendis

131 3739 205 3781 vero
237 3715 452 3796 carminibus,
474 3740 547 3805 quae
568 3716 736 3782 demorsos
752 3719 878 3806 sapiant
891 3741 1039 3808 ungues,
1057 3734 1091 3784 et
1110 3718 1199 3807 spiri·

131 3838 199 3886 tum
224 3823 395 3888 redoleant
416 3823 629 3905 altissimum,
649 3823 942 3912 dulcissimumque
969 3826 1112 3889 referant
1136 3847 1198 3914 gu·

132 3945 215 3992 stum
241 3929 461 4019 antiquitatis,
479 3947 639 4019 quantus,
664 3953 850 4018 quanquam
876 3948 964 3996 entra
988 3954 1198 3996 communem

131 4035 228 4100 aleam
244 4037 389 4124 positus,
409 4039 562 4120 evaseris,
580 4037 654 4125 quis
672 4053 720 4102 est
734 4038 833 4126 paulo
847 4038 1033 4121 humanior,
1049 4038 1106 4126 qui
1123 4060 1199 4126 pos·
1289 4071 1291 4080 v

132 4140 172 4203 sit
186 4140 360 4229 ignorare?
380 4143 595 4233 Oingenium
612 4144 795 4226 excelsum,
818 4144 953 4227 subtile,
974 4167 1063 4226 acre,
1087 4142 1199 4225 dulce,

132 4244 240 4329 facile,
262 4265 476 4336 promptum,
494 4248 648 4316 flexibile!
667 4249 697 4313 0
715 4271 866 4340 magnam
878 4251 996 4316 mentis
1012 4248 1202 4315 foecundita·
