3196 5120
369 502 758 567 aueottau'rtcott
787 505 872 568 ttn.
897 505 964 570 111.
1138 531 1197 596 ¹79

175 636 297 714 rapitur,
312 633 453 706 487-564.
467 635 606 692 Hercules
617 631 672 692 sub
683 653 833 712 vesperam
845 624 947 714 ma'gna
961 636 1066 696 arbore
1077 654 1198 698 onustus

172 731 208 790 ad
222 732 316 790 socios
330 730 465 802 revertit,
479 749 614 808 sperans,
626 731 729 806 Hylam
741 750 772 790 se
785 730 827 789 ibi
838 730 985 810 dapesque
995 736 1090 792 carnis
1100 736 1197 798 leriuae

174 831 366 887 inventurum.
385 832 517 904 Utraque
536 847 587 906 spo
608 827 755 904 dejectus,
778 829 818 886 nil
840 831 932 888 noetis
956 831 1083 890 tenebris
1102 847 1198 890 motus

174 924 253 997 abit,
275 925 345 983 sutit
360 944 414 1002 per
429 925 518 996 silvas¹
530 938 560 982 et
575 924 704 996 semitas,
725 938 756 982 et
768 943 841 983 voce
855 941 997 1005 provocat
1014 948 1137 1006 puerum
1151 929 1198 987 di-

176 1024 296 1092 lectum3
314 1020 365 1078 sed
384 1021 505 1091 frustra,
523 1019 664 1096 565-597.
689 1021 767 1082 Socii
788 1021 872 1080 initio
890 1023 1013 1082 reditum
1032 1025 1094 1102 ejus
1114 1025 1198 1084 avide

173 1130 356 1196 exspectant,
379 1135 412 1173 ee
430 1115 534 1177 deinde
553 1115 675 1175 vocibus
693 1131 723 1175 et
739 1115 854 1194 ignibus
872 1119 997 1176 accensis
1018 1121 1099 1198 signa
1118 1121 1198 1179 daut.

173 1220 262 1272 lason
285 1225 350 1271 ante
371 1229 471 1270 omnes
489 1210 598 1290 ubique
618 1211 763 1271 desiderat
784 1214 881 1272 virum
903 1226 933 1271 et
957 1214 1143 1274 fortissimum
1170 1232 1198 1276 et

175 1311 389 1382 amicissimum,
403 1310 542 1386 598-610.
555 1309 699 1383 Quoniam
715 1329 785 1368 vero
798 1311 878 1369 venti
894 1309 931 1369 ab
946 1312 1010 1390 ipsa
1025 1316 1139 1371 Junone
1150 1335 1199 1372 ex-

174 1409 253 1466 citati
266 1407 303 1466 ad
318 1407 375 1464 iter
390 1405 625 1485 prosequendum
639 1407 903 1494 invitant,Tiphys
913 1406 1090 1486 gubernator
1104 1413 1201 1489 appel·

175 1507 213 1564 lat
221 1509 373 1575 Jasonem,
384 1503 447 1581 qui,
461 1501 567 1560 dubius
578 1504 681 1575 animi,
699 1517 731 1562 ut
741 1523 838 1563 moras
849 1518 943 1562 temen
960 1519 1070 1576 nectat,
1081 1507 1113 1563 in
1126 1527 1197 1564 con-

174 1602 271 1659 cilium
292 1613 378 1658 vocat
397 1601 500 1657 socios.
518 1599 556 1658 Hi
577 1599 607 1656 in
626 1599 740 1658 diversa
763 1599 884 1670 abeunt,
904 1601 997 1678 major
1018 1615 1112 1660 tamen
1134 1623 1200 1681 pars

174 1697 252 1754 haud
267 1694 374 1754 diutius
388 1695 614 1774 exspectandum
630 1695 785 1754 Herculem
801 1710 927 1754 censent.
943 1698 1083 1756 Telamon
1100 1714 1201 1757 eontra

173 1813 287 1852 eausam
299 1793 358 1870 agit
368 1794 515 1863 Herculis,
531 1794 578 1850 eui
593 1794 715 1851 maxime
731 1791 923 1851 adversantur
935 1796 1083 1873 Meleager
1097 1809 1126 1854 et
1140 1801 1198 1855 Ca-

174 1893 235 1951 lais.
259 1892 363 1951 Aerias
388 1891 504 1968 quidem
528 1891 625 1949 denuo
646 1893 786 1950 Telamon
807 1892 948 1970 insurgit,
974 1892 1023 1951 sed
1048 1895 1200 1952 incassum.

175 1995 261 2048 lason
278 1989 379 2066 majori
393 1989 471 2066 parti
485 1987 590 2046 cedere
603 2001 737 2060 coactus,
758 1988 882 2046 lacrimis
896 2003 1057 2068 temperare
1072 2011 1132 2048 non
1146 2011 1201 2070 po-

176 2097 244 2156 test,
256 2085 399 2156 611-725.
414 2082 464 2144 Sol
475 2083 571 2160 vergit
583 2082 619 2141 ad
634 2103 784 2156 occasum,
799 2085 940 2150 Hercules
954 2103 1023 2142 vero
1037 2084 1132 2144 adhuc
1145 2085 1201 2142 ob-

173 2195 251 2240 errat
265 2181 295 2238 in
312 2181 406 2252 silvis,
420 2181 492 2239 etin
507 2180 610 2239 iisdem
624 2198 812 2257 perseverare
822 2181 984 2254 coustituit,
998 2182 1139 2254 γωδ-740.

178 2359 347 2458 Tnartt
361 2391 427 2471 jam
444 2389 562 2480 gelidas
577 2389 731 2454 Tithonia
747 2391 885 2454 solverat
907 2391 1059 2474 umbras,

178 2509 381 2594 Exueratque
395 2507 525 2594 polum;
540 2507 669 2594 Tiphyn
686 2505 809 2594 placida
823 2505 886 2570 alta
901 2487 1069 2572 vocabant.

179 2625 207 2686 lt
222 2623 315 2686 tectis
329 2625 435 2711 Argoa
451 2643 583 2701 manus;
599 2621 696 2685 simul
712 2621 794 2684 urbe
808 2620 934 2708 profusi

178 2736 305 2802 AEnidae
323 2737 403 2800 earis
420 2736 544 2799 socium
560 2733 757 2823 digressibus
772 2734 905 2798 haerent.

179 2852 241 2914 Dat
260 2873 417 2930 cererem,
432 2850 620 2935 lectumque
636 2870 752 2936 pecus,
769 2870 830 2910 nec
845 2847 976 2936 palmite
990 2849 1148 2912 bacchum
1187 2871 1197 2909 s

178 2967 319 3055 Bithyno
335 2964 517 3053 Phrygiove
532 2979 656 3044 satum,
673 2961 728 3026 sed
747 2985 844 3050 quem
861 2985 919 3026 sua
935 2977 1015 3026 noto

168 3205 188 3235 1.
208 3191 317 3236 Tritonia.
331 3188 431 3248 lingent.
450 3187 527 3234 Colin.
542 3187 632 3248 Gryph.
648 3186 733 3234 Undae.
748 3187 822 3234 Codd.
837 3197 860 3234 et
875 3187 929 3234 edd.
946 3194 1000 3234 unte
1016 3189 1081 3234 Cam.
1098 3190 1198 3252 andjam

136 3269 289 3314 umhrasl’ius
308 3266 332 3312 in
350 3277 475 3314 comment.
493 3295 525 3303 -
543 3268 566 3314 3.
581 3268 612 3312 Et
630 3269 703 3312 tectis.
720 3269 809 3312 Bonon.
826 3265 884 3331 eod.
895 3269 928 3314 At
943 3269 1014 3314 tectis.
1029 3269 1118 3314 Bonon.
1135 3271 1198 3316 1.-

137 3355 158 3402 4,
175 3348 299 3394 teum.
313 3345 386 3394 Vatic.
403 3349 492 3394 Bonan.
511 3347 582 3394 oodd.
602 3349 691 3393 Bonan.
710 3346 728 3392 l.
741 3345 859 3394 AEmadoe.
875 3349 963 3392 Bonan.
983 3347 1014 3394 11.
1028 3349 1092 3394 Jant.
1112 3350 1196 3396 Moser.

136 3429 224 3490 Gryph.
245 3427 311 3474 Cart.
331 3425 431 3472 AEuidoe.
449 3429 500 3472 lam
520 3425 573 3472 ald.
589 3450 621 3462 -
640 3427 663 3474 5.
687 3427 758 3475 Darat.
779 3424 854 3471 Codd.
873 3436 897 3472 et
917 3427 1033 3472 Bonaml
1056 3435 1080 3472 et
1099 3429 1130 3473 ll.
1149 3430 1195 3474 Da.

137 3511 231 3568 Argent.
242 3515 288 3552 ete.
298 3509 391 3578 laetum.
403 3507 492 3550 Bonom
502 3506 533 3550 ll.
544 3507 608 3552 lunt
619 3504 673 3550 Ald.
683 3505 726 3550 En.

175 3733 199 3766 t.
224 3712 386 3783 Relinquunt
414 3710 539 3783 Cyzicum
564 3711 647 3780 Argo·
692 3708 1091 3781 tae‚etAEaid‹e,Cyziceni,ab
1099 3711 1199 3779 AEneo,

136 3805 231 3846 nautae.
250 3796 330 3843 Tertia
335 3794 393 3860 jam
406 3795 506 3858 gelidas
520 3791 645 3850 Tithonia,
692 3788 780 3860 Cyzici
790 3800 880 3858 patre,
891 3787 927 3840 aio
944 3787 1133 3852 dicti,mutuie
1146 3809 1200 3844 am·

136 3873 256 3936 Aurora,
275 3874 380 3922 solverat
388 3873 499 3930 iambres,
511 3867 647 3932 illuxerat,
691 3865 809 3939 plexibus
825 3866 934 3918 haerent.

135 3967 288 4019 exueratque
300 3955 398 4018 polum,
420 3947 534 4001 nubibus
553 3947 644 3999 imbri·
729 3947 754 3999 5.
764 3945 813 3997 Dal
820 3963 924 3997 cererem
933 3985 940 4006 ,
949 3963 1030 4016 panes
1037 3957 1063 3998 et
1074 3948 1201 4018 opsonia,

138 4031 199 4083 ieris
214 4031 387 4090 liberaverut3
409 4031 500 4094 typtin
513 4028 645 4099 guberna·
689 4029 832 4092 leonemque,
844 4025 993 4096 egregium,
1000 4045 1075 4092 pectis
1083 4045 1142 4090 rex,
1151 4047 1200 4081 neo

136 4120 221 4162 torem
231 4111 335 4177 placida
345 4112 398 4159 atta
407 4111 541 4159 rtaeabaat.
552 4107 644 4169 Brevi,
690 4107 775 4155 trinum
784 4107 912 4169 Bithynum
923 4107 1113 4172 Phrygiumque,
1123 4107 1201 4158 vilius

138 4187 183 4242 lux
197 4187 291 4249 oritur,
302 4205 386 4258 eaque
400 4185 647 4256 aerena‚plaeitlum
691 4195 812 4256 notaeque
832 4181 982 4246 deterioria,
1002 4187 1049 4236 sed
1068 4189 1136 4252 quod
1156 4205 1202 4236 sua

138 4285 211 4320 mare
225 4267 285 4320 fait.
296 4273 382 4333 Argoa
395 4285 497 4327 laamas,
511 4267 648 4337 Argonau-
694 4267 780 4316 Lesbos
799 4267 861 4316 colle
880 4279 936 4315 noto
950 4283 997 4332 per
1008 4265 1077 4331 freta
1094 4279 1203 4332 aagttsta

1016 4383 1069 4424 12.
