3192 5128
291 551 556 618 HISTORIA
587 550 797 622 ALAUR.
825 551 1012 620 BALBO.
1098 573 1195 620 nxvn

106 681 200 745 terni
215 680 376 745 homines
392 680 522 770 navigio
538 679 580 744 ed
598 681 738 745 Colchos
751 682 834 745 vecti
850 681 951 746 vellus
969 703 1104 745 aureum
1123 703 1196 745 sus-

109 789 289 869 tulissent,
303 787 405 852 effera
417 785 609 852 crudelitate
619 809 654 852 se
664 788 808 875 hospites
819 786 995 852 sacrificare
1007 789 1195 870 ostentavit,

111 909 154 958 ut
170 893 342 984 divulgata
359 907 456 957 tantse
471 889 678 958 immanitatis
694 894 796 976 fama,
815 894 938 959 externi
955 915 1069 958 omnes
1085 894 1126 957 ab
1145 915 1197 958 ac·

114 1021 214 1065 oessu
233 1014 470 1065 averterentur.
495 997 621 1066 Lucum
640 999 758 1078 etiam,
787 999 823 1063 in
846 1021 914 1087 quo
938 1000 1040 1064 vellus
1058 1018 1195 1064 aureum

118 1123 189 1172 erat
208 1127 424 1195 suspensum,
438 1127 534 1170 muro
545 1103 775 1187 circumdedit,
793 1127 866 1194 que
877 1121 910 1170 et
920 1106 1020 1169 multa
1031 1106 1104 1188 alia,
1119 1105 1196 1193 quia

120 1213 345 1304 nrlgatissima
367 1229 462 1296 sunt,
483 1214 634 1278 consulto
654 1213 886 1303 praetermitto:
906 1228 1019 1302 postea
1040 1211 1194 1294 demum,

124 1343 229 1408 quum
245 1317 395 1396 Medeam
413 1319 510 1383 filiam
526 1342 603 1384 cum
615 1320 731 1384 Jasone
746 1333 838 1408 rapto
853 1320 970 1384 vellere
988 1319 1198 1407 comperisset

125 1425 299 1514 aufugere,
323 1425 395 1489 illos
412 1448 487 1488 cum
512 1425 636 1516 magnis
654 1425 754 1514 copiis
777 1425 895 1490 frustra
917 1442 965 1490 est
982 1425 1195 1513 insequutus,

126 1531 209 1594 nihil
222 1531 312 1594 enirn
326 1531 476 1618 perfecit,
494 1548 532 1595 ut
547 1531 618 1595 vult
635 1531 835 1618 Apollonius.
855 1531 1030 1620 Dionysius
1048 1530 1196 1594 Milesius

127 1637 237 1701 scribit
261 1659 337 1701 eum
361 1639 564 1725 Argonautas
583 1653 842 1724 consequutum,
860 1653 959 1725 atque
989 1637 1097 1726 Iphim
1126 1635 1195 1699 Eu-

20 1773 22 1826 5
128 1743 248 1831 rysthei
266 1744 398 1808 fratrem
423 1743 631 1808 interfecisse.
655 1741 819 1808 Diodorus
843 1766 863 1807 a
880 1744 1042 1833 Meleagro
1060 1755 1197 1808 testatur

20 1831 22 1878 A
128 1849 289 1930 occisum
305 1847 450 1914 Valerius
466 1848 553 1914 aliud
568 1850 687 1914 innuit.

530 2023 577 2086 De
588 2024 694 2088 AEstce
702 2019 799 2108 filiis.

170 2189 219 2252 De
243 2187 336 2272 filiis,
352 2212 435 2279 quos
450 2187 559 2253 AEetas
582 2189 712 2279 genuit,
727 2210 794 2251 non
819 2186 900 2251 adeo
918 2186 1003 2250 inter
1023 2185 1195 2275 scriptores

127 2295 297 2376 convenit,
314 2293 454 2382 ideoque
467 2293 608 2360 breviter
620 2293 661 2358 dc
675 2315 879 2381 unoquoque
893 2291 1072 2382 sigillatim,
1085 2309 1122 2356 ut
1142 2315 1197 2380 po-
1272 2328 1274 2336 ‚

126 2414 193 2463 scet
204 2399 299 2480 ordo,
314 2397 468 2464 dicemus.
483 2397 666 2479 Diodorus,
679 2414 716 2462 ut
729 2398 878 2485 superius
892 2397 1102 2478 narravimus,
1114 2420 1195 2460 uxo·

128 2529 195 2569 rem
214 2505 327 2570 scribit
344 2505 496 2570 habuisse
512 2507 655 2570 Hecaten
673 2506 777 2571 Persae
795 2502 910 2587 filiam,
925 2526 1022 2591 quam
1039 2503 1092 2567 alii
1108 2503 1195 2567 lovis

130 2611 242 2676 dicunt
256 2635 347 2693 esse,
359 2611 522 2677 Hesiodus
536 2611 641 2676 Persae
655 2627 687 2676 et
698 2611 847 2694 Asteriae,
862 2610 1015 2698 Orpheus
1031 2609 1173 2674 Cereris:

266 2770 318 2831 lici
329 2772 386 2824 πότι
397 2765 431 2826 <ll
446 2767 473 2824 δ’
486 2759 584 2827 lissima
599 2771 655 2828 Δηὼ
669 2771 738 2822 ritas
753 2769 920 2838 edoctipncs.

270 2869 458 2941 Etheretsque
469 2869 549 2922 Ceres
559 2869 677 2922 Hecaten
689 2866 776 2921 emisit
787 2867 815 2918 in
829 2885 918 2920 auras.

133 3017 340 3108 Bacchylides
359 3019 465 3084 Nocte
483 3019 624 3109 genitam
640 3015 821 3081 fabulatur:
837 3012 939 3082 Astra.
957 3018 1096 3096 δᾳδοφόροι»
1114 3025 1197 3086 νυκτὸς

131 3137 314 3206 myoctonon
335 3136 448 3206 οὑγατιρ·
465 3123 685 3211 Pherecydes,
702 3145 742 3186 ex
757 3122 891 3186 Aristaeo
916 3137 1034 3186 natam.
1056 3119 1199 3187 Musaeus

130 3232 242 3294 lovem
260 3231 305 3295 ait
315 3231 472 3294 Asteriam
488 3230 733 3318 compressisse,
749 3245 833 3292 etex
848 3249 883 3291 se
900 3225 1068 3316 gravidam
1080 3225 1199 3292 Perseo

131 3333 315 3417 tradidisse;
329 3358 401 3423 quae
425 3351 537 3424 postea
562 3337 706 3400 Hecaten
733 3333 878 3423 peperit,
894 3332 984 3397 unde
1006 3333 1128 3398 credita
1152 3351 1201 3398 est

131 3440 238 3504 Persei
261 3439 343 3521 filia,
362 3463 401 3504 ex
425 3439 487 3504 hac
505 3441 619 3504 Circen
642 3455 676 3503 et
695 3437 844 3503 Medeam
863 3451 952 3502 natas
970 3437 1072 3504 AEene
1089 3424 1201 3504 scribit

131 3547 306 3636 Dionysius
325 3545 488 3628 Milesius3
505 3546 670 3611 Diodorus
690 3544 792 3610 filium
815 3547 928 3628 etiam,
945 3567 1042 3634 quem
1062 3548 1115 3611 alii
1132 3548 1201 3612 Ab·

131 3667 275 3740 syrtum,
289 3653 371 3740 ipse,
386 3670 484 3742 atque
502 3675 540 3718 ex
557 3654 676 3718 nostris
692 3653 891 3744 Paucuvius,
903 3652 1085 3743 AEgialeum
1095 3670 1199 3720 vocat.

131 3757 189 3821 Alii
213 3759 310 3822 etiam
334 3757 652 3848 multi'Chalciopen
676 3757 879 3836 addunt,de
904 3779 969 3848 qua
993 3757 1199 3824 dictumest.
1230 3789 1231 3792 ¹
1313 3751 1317 3758 ’

131 3863 292 3928 Hesiodus
317 3865 399 3929 Solis
417 3865 514 3930 filiam
530 3865 698 3954 AEetaeque
716 3888 880 3948 sororem,
897 3887 963 3929 non
984 3863 1081 3928 filiam
1100 3863 1201 3930 fuisse

131 3967 245 4031 Circen
258 3967 369 4032 scribit
381 3968 416 4032 in
428 3969 626 4058 Theogonia.
642 3966 797 4047 Ejusdem
811 3982 860 4032 est
873 3966 1064 4055 Apollonius
1078 3967 1203 4055 opinio·

131 4071 190 4148 nis,
202 4073 260 4160 qui
273 4095 344 4138 eam
356 4073 390 4137 in
402 4073 458 4139 lib.
468 4075 516 4140 Ill
528 4075 568 4139 ab
578 4074 728 4164 Apolline
739 4090 829 4164 patre
842 4089 977 4161 raptam,
990 4087 1022 4136 et
1033 4073 1067 4135 in
1077 4072 1200 4136 ltaliam

131 4203 229 4244 curru
244 4195 380 4267 paterno
394 4198 517 4246 vectam
532 4183 636 4264 canit3
650 4198 683 4246 et
697 4181 732 4245 in
747 4204 814 4271 quo
828 4179 941 4266 Perses
958 4195 991 4244 et
1006 4179 1088 4244 Solis
1103 4178 1199 4242 filiam

130 4301 234 4352 vocat.
251 4285 404 4376 Orpheus
421 4287 516 4352 etiam
529 4287 685 4376 Apollinis
701 4301 734 4351 et
746 4289 921 4375 Asteropes
937 4285 1033 4350 filiam
1051 4283 1146 4350 dicit:
1160 4281 1201 4348 de
1288 4303 1290 4306 ·
