3192 5128
407 500 666 570 PRAEFATIO
695 496 945 574 SECUNDA.
1149 527 1209 574 etv

135 629 243 718 phum
259 625 379 694 Valerii
389 629 511 712 Flacci,
529 646 562 694 et
579 629 676 693 simul
699 630 822 718 Orphei
839 632 947 714 latini,
970 633 1208 722 Hieronymum

135 737 343 800 Platonicum
361 736 488 816 vocari,
502 757 541 800 ex
556 735 628 824 ipso
639 736 723 800 libro
736 737 882 825 inspecto
894 739 990 822 novi,
1004 757 1037 806 et
1049 741 1209 828 prodiisse

136 844 231 906 illum
247 842 380 930 Orphea
398 843 437 906 A.
458 839 542 928 1519
558 841 656 906 simul
674 858 706 906 et
724 841 839 908 eodem
855 860 1019 932 tempore,
1041 862 1074 910 et
1093 847 1208 914 iisdem
1319 883 1323 892 ·

137 949 224 1036 typis
248 968 325 1010 cnm
345 946 414 1010 vat
432 946 568 1028 flacco,
586 970 604 1010 a
629 968 714 1034 quo,
738 969 806 1012 non
826 947 887 1012 nisi
911 949 1025 1016 fraude
1047 951 1211 1041 bibliopo-

137 1052 260 1134 larum,
275 1051 421 1132 avulsus,
433 1071 495 1138 pro
506 1049 590 1115 libro
607 1051 762 1140 singulari
776 1068 825 1116 est
838 1053 1014 1141 expositus,
1029 1053 1071 1119 ad
1084 1057 1210 1124 hiantes

138 1157 212 1222 illos
226 1160 435 1244 antiquarum
454 1153 636 1220 editionum
653 1156 889 1242 conquisitores
907 1155 1127 1246 decipiendos.
1142 1165 1212 1226 (3oe-

140 1279 246 1327 terum
264 1277 351 1326 recte
369 1262 503 1349 castigat
517 1259 604 1325 idem
622 1260 788 1325 Maitairus
805 1261 901 1349 (nam
920 1263 1016 1328 laude
1031 1287 1090 1329 sua
1105 1268 1210 1332 nemi·

140 1391 216 1434 nem
226 1369 354 1457 privare
364 1366 473 1455 soleo)
488 1390 630 1431 errorem
642 1368 682 1432 cl.
690 1368 839 1451 Fabricii,
854 1370 910 1457 qui
923 1369 973 1434 Pii
986 1373 1211 1461 supplementa

139 1477 283 1560 Parisiis,
301 1474 402 1562 1519,
424 1473 581 1564 prodiisse
597 1473 787 1540 tradiderat:
801 1475 858 1540 sed
871 1477 1044 1542 verisimile
1065 1495 1114 1544 est
1133 1502 1213 1544 con·

139 1582 261 1648 fudisse
284 1583 410 1662 virum,
435 1581 530 1646 variis
553 1597 588 1646 et
615 1579 858 1646 incredibilibus
886 1584 973 1648 curis
997 1583 1210 1668 distractum,

141 1689 320 1754 editionem
337 1686 467 1754 Maserii
481 1710 556 1752 curn
573 1687 627 1752 illa
643 1685 709 1767 Pii,
732 1687 808 1774 quia
826 1687 943 1768 eodem
959 1711 1048 1754 anno
1062 1707 1209 1780 utraeque

140 1793 352 1883 pmdierunt3
369 1791 462 1882 quod
483 1815 580 1882 sagax
594 1793 648 1858 ille
663 1792 842 1857 Maitairius
865 1793 1075 1884 investigator
1090 1798 1211 1884 prisca-

140 1923 214 1965 rum
238 1900 423 1965 editionum
442 1898 629 1988 perquirere
650 1895 823 1981 debuerat,
843 1915 875 1963 et
896 1922 1049 1966 monere:
1068 1923 1143 1964 narn
1170 1905 1210 1968 cl.

141 2006 326 2070 Fabricium
343 2020 493 2070 neutram
510 2002 628 2068 vidisse
646 2002 823 2068 editionem
845 2019 945 2093 puto,
963 2021 996 2070 et
1016 2004 1210 2091 credidisse,

141 2111 189 2175 Pii
201 2111 453 2176 commentarios
462 2109 604 2191 junctim
612 2131 689 2172 cum
696 2109 825 2174 Maserii
837 2109 1013 2198 prodiisse,
1029 2111 1128 2176 verba
1142 2113 1210 2194 ejus
1344 2105 1349 2118 ’

141 2215 281 2282 indicare
297 2215 462 2298 sidentur,
476 2235 548 2304 quae
561 2215 632 2280 haec
645 2231 739 2280 sunt:
753 2216 875 2282 Praeter
886 2217 983 2282 Pium
996 2220 1052 2302 (ne
1065 2221 1107 2285 de
1115 2223 1209 2308 AEgt-

140 2323 193 2388 dio
210 2324 348 2388 Maserio
365 2323 471 2386 dicam
480 2371 491 2403 ,
515 2322 605 2410 qu'tu
623 2324 845 2386 commeasti
856 2322 954 2388 simul
973 2331 1086 2392 etecusi
1099 2331 1205 2396 Pons.

145 2431 247 2515 1519,
264 2428 359 2517 sol.)
367 2475 379 2508 ,
406 2446 469 2494 etc.
485 2428 571 2494 Hinc
587 2451 665 2492 vero
679 2429 849 2496 manifeste
866 2427 1018 2514 efficitur,
1037 2456 1135 2520 quarn
1158 2460 1210 2501 ar-

142 2533 244 2600 duum
260 2535 303 2600 sit
319 2533 362 2600 de
378 2534 468 2598 libris
484 2534 655 2615 omnibus,
672 2535 729 2622 qui
744 2557 900 2622 umquam
915 2535 1124 2623 prodierunt,
1142 2541 1210 2608 dis.

142 2665 245 2706 serere
261 2657 295 2706 et
306 2640 502 2723 dijudicare,
517 2658 551 2704 et
562 2664 661 2728 quam
673 2641 807 2730 plenum
819 2642 954 2729 periculi
968 2644 1030 2726 sit,
1042 2648 1210 2714 festinatos

142 2766 205 2813 tam
222 2749 303 2812 vasti
318 2747 500 2838 argumenti
517 2746 618 2811 libros
631 2746 664 2809 in
683 2746 790 2810 lucem
806 2746 1017 2834 protrudere,
1034 2769 1209 2839 antequam

109 2886 112 2896 =
141 2854 181 2918 dc
197 2854 334 2944 singulis
350 2851 530 2918 mstirnandi
548 2851 684 2916 facultas
699 2852 741 2916 sit
755 2851 847 2916 facta.
874 2853 948 2920 Scio
963 2856 1090 2920 veniam
1106 2858 1210 2924 solere

141 2961 251 3024 talium
269 2981 407 3048 operum
425 2958 617 3022 architectos
631 2956 813 3046 deprecari,
829 2971 862 3020 et
876 2957 1064 3024 solennibus
1080 2961 1208 3027 formu·

141 3069 195 3151 lis,
207 3089 334 3134 errores
350 3067 384 3130 in
401 3066 559 3132 similibus
576 3065 665 3129 libris
684 3065 794 3130 evitari
811 3087 829 3128 a
845 3065 936 3130 nullo
952 3087 1061 3152 posse,
1075 3089 1209 3154 persua.

142 3173 216 3240 dere
231 3173 342 3238 conati
359 3195 367 3238 ε
383 3171 610 3258 jactari'vulgo
627 3169 725 3234 audio
742 3186 775 3232 et
790 3170 881 3259 lego,
908 3171 1072 3235 neminem
1088 3173 1206 3240 latinos

142 3303 272 3356 omnes,
290 3301 428 3369 graecos,
445 3276 635 3340 vernaculos
654 3275 755 3340 libros
774 3275 819 3338 ita
837 3273 1031 3362 pervidisse,
1049 3293 1086 3342 ut
1110 3303 1207 3346 accu-

142 3403 259 3467 ratam,
271 3384 325 3448 cui
339 3384 421 3448 nihil
437 3382 535 3464 desit,
547 3403 662 3446 eorum
679 3380 827 3444 notitiam
844 3381 922 3446 tales
939 3383 1081 3465 annales,
1093 3385 1209 3452 biblio·

143 3493 256 3570 thecae,
270 3490 414 3556 thesauri
434 3505 467 3554 et
481 3509 692 3576 quocumque
705 3486 802 3550 titulo
816 3486 930 3551 similia
946 3511 1044 3576 opera
1062 3491 1210 3582 insigniri

142 3600 263 3680 solent,
287 3597 470 3662 exhibeant.
489 3595 566 3658 Non
584 3592 739 3682 refragor,
757 3615 817 3657 neo
834 3592 869 3656 id
885 3593 1000 3682 exigo:
1021 3596 1078 3660 sed
1099 3613 1210 3665 tamen

143 3728 249 3788 nemo,
267 3702 376 3784 credo,
390 3700 584 3780 contendet,
598 3699 738 3787 aliquem
754 3699 826 3788 cogi
845 3699 923 3764 tales
936 3699 1038 3766 libros
1055 3703 1207 3789 scribere,
1244 3741 1247 3752 ·

143 3827 173 3876 et
187 3823 417 3901 argumentum
430 3807 492 3872 sibi
507 3829 634 3870 sumere
650 3803 812 3870 scribendi
830 3804 870 3868 de
891 3807 1022 3870 materia
1039 3829 1106 3872 non
1123 3811 1209 3877 bene

142 3933 323 4006 perspecta,
337 3931 372 3980 et
387 3936 455 3980 non
469 3913 600 4002 penitus
618 3911 758 4001 cognita.
768 3911 802 3976 Si
813 3933 889 3976 vero
905 3911 1049 3978 incidant
1061 3917 1209 4003 quadarn

143 4023 249 4087 minus
265 4022 447 4111 explorata,
471 4020 592 4084 rectius
610 4017 754 4082 facturos
772 4016 944 4105 scriptores
960 4034 1060 4104 puto,
1082 4022 1108 4084 si
1128 4023 1210 4088 nihil

142 4126 354 4208 affirmarent,
368 4122 426 4190 sed
441 4123 639 4192 felicioribus
650 4119 853 4186 emendanda
865 4120 916 4187 vel
927 4120 1121 4207 adjicienda,
1134 4149 1208 4213 quae

1040 4247 1074 4332 j.
