<?xml version="1.0" encoding="UTF-8"?>
<!DOCTYPE html PUBLIC "-//W3C//DTD XHTML 1.0 Transitional//EN"
    "http://www.w3.org/TR/xhtml1/DTD/xhtml1-transitional.dtd">
<html xmlns="http://www.w3.org/1999/xhtml" xml:lang="en" lang="en">
 <head>
  <title>
</title>
<meta http-equiv="Content-Type" content="text/html;charset=utf-8" />
  <meta name='ocr-system' content='tesseract 3.04.00' />
  <meta name='ocr-capabilities' content='ocr_page ocr_carea ocr_par ocr_line ocrx_word'/>
</head>
<body>
  <div class='ocr_page' id='page_1' title='image "./cvaleriiflaccis00apolgoog_0018.png"; bbox 0 0 3122 5126; ppageno 0'>
   <div class='ocr_carea' id='block_1_1' title="bbox 301 441 1229 528">
    <p class='ocr_par' dir='ltr' id='par_1_1' title="bbox 301 441 1229 528">
     <span class='ocr_line' id='line_1_1' title="bbox 301 441 1229 528; baseline 0.009 -8"><span class='ocrx_word' id='word_1_1' title='bbox 301 443 377 520; x_wconf 77' lang='lat' dir='ltr'><strong>AD</strong></span> <span class='ocrx_word' id='word_1_2' title='bbox 406 441 701 521; x_wconf 87' lang='lat' dir='ltr'>LECTOREM</span> <span class='ocrx_word' id='word_1_3' title='bbox 730 444 1069 524; x_wconf 89' lang='lat' dir='ltr'><strong>BENEVOLUM.</strong></span> <span class='ocrx_word' id='word_1_4' title='bbox 1179 479 1229 528; x_wconf 87' lang='lat' dir='ltr'><strong>xv</strong></span> 
     </span>
    </p>
   </div>
   <div class='ocr_carea' id='block_1_2' title="bbox 151 580 1228 1312">
    <p class='ocr_par' dir='ltr' id='par_1_2' title="bbox 151 580 1228 786">
     <span class='ocr_line' id='line_1_2' title="bbox 151 580 1228 692; baseline 0.006 -30"><span class='ocrx_word' id='word_1_5' title='bbox 151 580 352 662; x_wconf 74' lang='lat' dir='ltr'><strong>habenda&gt;</strong></span> <span class='ocrx_word' id='word_1_6' title='bbox 383 601 479 662; x_wconf 89' lang='lat' dir='ltr'><strong>sunt</strong></span> <span class='ocrx_word' id='word_1_7' title='bbox 508 582 802 664; x_wconf 81' lang='lat' dir='ltr'><strong>emendationes</strong></span> <span class='ocrx_word' id='word_1_8' title='bbox 827 615 915 692; x_wconf 87' lang='lat' dir='ltr'><strong>quae</strong></span> <span class='ocrx_word' id='word_1_9' title='bbox 939 589 980 664; x_wconf 95' lang='lat' dir='ltr'><strong>in</strong></span> <span class='ocrx_word' id='word_1_10' title='bbox 1003 589 1089 666; x_wconf 87' lang='lat' dir='ltr'><strong>istis</strong></span> <span class='ocrx_word' id='word_1_11' title='bbox 1117 589 1228 668; x_wconf 92' lang='lat' dir='ltr'><strong>codi-</strong></span> 
     </span>
     <span class='ocr_line' id='line_1_3' title="bbox 153 708 522 786; baseline 0.005 -2"><span class='ocrx_word' id='word_1_12' title='bbox 153 708 270 786; x_wconf 88' lang='lat' dir='ltr'><strong>cibus</strong></span> <span class='ocrx_word' id='word_1_13' title='bbox 291 726 522 786; x_wconf 90' lang='lat' dir='ltr'><strong>occurrunt.</strong></span> 
     </span>
    </p>

    <p class='ocr_par' dir='ltr' id='par_1_3' title="bbox 151 833 1226 1312">
     <span class='ocr_line' id='line_1_4' title="bbox 205 833 1226 942; baseline 0.004 -32"><span class='ocrx_word' id='word_1_14' title='bbox 205 833 324 910; x_wconf 87' lang='lat' dir='ltr'><strong>Juvat</strong></span> <span class='ocrx_word' id='word_1_15' title='bbox 355 861 463 910; x_wconf 90' lang='lat' dir='ltr'><strong>nunc</strong></span> <span class='ocrx_word' id='word_1_16' title='bbox 495 834 703 939; x_wconf 87' lang='lat' dir='ltr'><strong>praecipuae</strong></span> <span class='ocrx_word' id='word_1_17' title='bbox 738 835 943 940; x_wconf 71' lang='lat' dir='ltr'><strong>scripturae</strong></span> <span class='ocrx_word' id='word_1_18' title='bbox 973 835 1226 942; x_wconf 89' lang='lat' dir='ltr'><strong>compendia,</strong></span> 
     </span>
     <span class='ocr_line' id='line_1_5' title="bbox 154 956 1225 1066; baseline 0.004 -32"><span class='ocrx_word' id='word_1_19' title='bbox 154 957 303 1066; x_wconf 83' lang='lat' dir='ltr'><strong>quibus</strong></span> <span class='ocrx_word' id='word_1_20' title='bbox 326 975 366 1035; x_wconf 89' lang='lat' dir='ltr'><strong>et</strong></span> <span class='ocrx_word' id='word_1_21' title='bbox 394 958 653 1064; x_wconf 81' lang='lat' dir='ltr'><strong>Manuscripti</strong></span> <span class='ocrx_word' id='word_1_22' title='bbox 685 975 724 1036; x_wconf 90' lang='lat' dir='ltr'><strong>et</strong></span> <span class='ocrx_word' id='word_1_23' title='bbox 752 956 947 1036; x_wconf 88' lang='lat' dir='ltr'><strong>editiones</strong></span> <span class='ocrx_word' id='word_1_24' title='bbox 975 959 1014 1036; x_wconf 91' lang='lat' dir='ltr'><strong>in</strong></span> <span class='ocrx_word' id='word_1_25' title='bbox 1038 987 1119 1037; x_wconf 89' lang='lat' dir='ltr'><strong>var.</strong></span> <span class='ocrx_word' id='word_1_26' title='bbox 1139 960 1225 1039; x_wconf 90' lang='lat' dir='ltr'><strong>lect.</strong></span> 
     </span>
     <span class='ocr_line' id='line_1_6' title="bbox 154 1080 1226 1189; baseline 0.002 -31"><span class='ocrx_word' id='word_1_27' title='bbox 154 1080 435 1186; x_wconf 83' lang='lat' dir='ltr'><strong>designantur,</strong></span> <span class='ocrx_word' id='word_1_28' title='bbox 456 1080 510 1159; x_wconf 93' lang='lat' dir='ltr'><strong>ob</strong></span> <span class='ocrx_word' id='word_1_29' title='bbox 529 1080 666 1158; x_wconf 89' lang='lat' dir='ltr'><strong>oculos</strong></span> <span class='ocrx_word' id='word_1_30' title='bbox 686 1108 834 1187; x_wconf 90' lang='lat' dir='ltr'><strong>ponere</strong></span> <span class='ocrx_word' id='word_1_31' title='bbox 857 1099 896 1158; x_wconf 91' lang='lat' dir='ltr'><strong>et</strong></span> <span class='ocrx_word' id='word_1_32' title='bbox 921 1081 1031 1159; x_wconf 88' lang='lat' dir='ltr'><strong>brevi</strong></span> <span class='ocrx_word' id='word_1_33' title='bbox 1056 1080 1226 1189; x_wconf 85' lang='lat' dir='ltr'><strong>quadam</strong></span> 
     </span>
     <span class='ocr_line' id='line_1_7' title="bbox 151 1204 528 1312; baseline -0.003 -31"><span class='ocrx_word' id='word_1_34' title='bbox 151 1204 292 1282; x_wconf 88' lang='lat' dir='ltr'><strong>tabula</strong></span> <span class='ocrx_word' id='word_1_35' title='bbox 321 1204 528 1312; x_wconf 86' lang='lat' dir='ltr'><strong>explicare.</strong></span> 
     </span>
    </p>
   </div>
   <div class='ocr_carea' id='block_1_3' title="bbox 264 1402 1111 1484">
    <p class='ocr_par' dir='ltr' id='par_1_4' title="bbox 264 1402 1111 1484">
     <span class='ocr_line' id='line_1_8' title="bbox 264 1402 1111 1484; baseline 0.005 -20"><span class='ocrx_word' id='word_1_36' title='bbox 264 1402 346 1466; x_wconf 66' lang='lat' dir='ltr'><strong>Atti.</strong></span> <span class='ocrx_word' id='word_1_37' title='bbox 430 1402 544 1483; x_wconf 86' lang='lat' dir='ltr'><strong>idest,</strong></span> <span class='ocrx_word' id='word_1_38' title='bbox 563 1402 663 1466; x_wconf 87' lang='lat' dir='ltr'><strong>editio</strong></span> <span class='ocrx_word' id='word_1_39' title='bbox 682 1402 817 1484; x_wconf 85' lang='lat' dir='ltr'><strong>Aldina,</strong></span> <span class='ocrx_word' id='word_1_40' title='bbox 954 1427 1005 1467; x_wconf 91' lang='lat' dir='ltr'><strong>au.</strong></span> <span class='ocrx_word' id='word_1_41' title='bbox 1019 1405 1111 1470; x_wconf 83' lang='lat'>1523.</span> 
     </span>
    </p>
   </div>
   <div class='ocr_carea' id='block_1_4' title="bbox 265 1525 1112 1738">
    <p class='ocr_par' dir='ltr' id='par_1_5' title="bbox 265 1525 1112 1738">
     <span class='ocr_line' id='line_1_9' title="bbox 265 1525 903 1591; baseline -0.005 0"><span class='ocrx_word' id='word_1_42' title='bbox 265 1527 390 1591; x_wconf 82' lang='lat' dir='ltr'><strong>Bonan.</strong></span> <span class='ocrx_word' id='word_1_43' title='bbox 408 1525 478 1589; x_wconf 85' lang='lat' dir='ltr'><strong>cod.</strong></span> <span class='ocrx_word' id='word_1_44' title='bbox 497 1563 541 1575; x_wconf 92' lang='lat'>-</span> <span class='ocrx_word' id='word_1_45' title='bbox 563 1525 777 1590; x_wconf 84' lang='lat' dir='ltr'><strong>Bononiensis</strong></span> <span class='ocrx_word' id='word_1_46' title='bbox 792 1525 903 1590; x_wconf 84' lang='lat' dir='ltr'><strong>codex.</strong></span> 
     </span>
     <span class='ocr_line' id='line_1_10' title="bbox 266 1649 1112 1738; baseline 0.004 -26"><span class='ocrx_word' id='word_1_47' title='bbox 266 1651 390 1713; x_wconf 78' lang='lat' dir='ltr'><strong>Borion.</strong></span> <span class='ocrx_word' id='word_1_48' title='bbox 409 1651 437 1714; x_wconf 94' lang='lat' dir='ltr'><strong>I.</strong></span> <span class='ocrx_word' id='word_1_49' title='bbox 499 1687 541 1698; x_wconf 90' lang='lat'>—</span> <span class='ocrx_word' id='word_1_50' title='bbox 564 1652 690 1714; x_wconf 90' lang='lat' dir='ltr'><strong>Bonon.</strong></span> <span class='ocrx_word' id='word_1_51' title='bbox 708 1649 784 1714; x_wconf 88' lang='lat' dir='ltr'><strong>edit.</strong></span> <span class='ocrx_word' id='word_1_52' title='bbox 802 1652 970 1738; x_wconf 87' lang='lat' dir='ltr'><strong>princeps,</strong></span> <span class='ocrx_word' id='word_1_53' title='bbox 1020 1653 1112 1738; x_wconf 63' lang='lat'>1474.</span> 
     </span>
    </p>
   </div>
   <div class='ocr_carea' id='block_1_5' title="bbox 266 1774 1115 1976">
    <p class='ocr_par' dir='ltr' id='par_1_6' title="bbox 266 1774 1115 1976">
     <span class='ocr_line' id='line_1_11' title="bbox 266 1774 1115 1858; baseline -0.002 -20"><span class='ocrx_word' id='word_1_54' title='bbox 266 1774 393 1838; x_wconf 79' lang='lat' dir='ltr'><strong>Bonan.</strong></span> <span class='ocrx_word' id='word_1_55' title='bbox 411 1774 452 1837; x_wconf 89' lang='lat'><strong>11.</strong></span> <span class='ocrx_word' id='word_1_56' title='bbox 499 1811 544 1822; x_wconf 87' lang='lat'><em>-</em></span> <span class='ocrx_word' id='word_1_57' title='bbox 565 1774 777 1838; x_wconf 85' lang='lat' dir='ltr'><strong>Bononiensis</strong></span> <span class='ocrx_word' id='word_1_58' title='bbox 793 1774 909 1855; x_wconf 76' lang='lat' dir='ltr'><strong>altera,</strong></span> <span class='ocrx_word' id='word_1_59' title='bbox 1023 1774 1115 1858; x_wconf 70' lang='lat'>1498.</span> 
     </span>
     <span class='ocr_line' id='line_1_12' title="bbox 268 1895 1111 1976; baseline 0 -15"><span class='ocrx_word' id='word_1_60' title='bbox 268 1897 359 1962; x_wconf 85' lang='lat' dir='ltr'><strong>Carr.</strong></span> <span class='ocrx_word' id='word_1_61' title='bbox 498 1935 541 1945; x_wconf 97' lang='lat'>-</span> <span class='ocrx_word' id='word_1_62' title='bbox 563 1895 671 1960; x_wconf 87' lang='lat' dir='ltr'><strong>Editio</strong></span> <span class='ocrx_word' id='word_1_63' title='bbox 688 1895 769 1959; x_wconf 91' lang='lat' dir='ltr'><strong>Lud.</strong></span> <span class='ocrx_word' id='word_1_64' title='bbox 781 1897 960 1976; x_wconf 89' lang='lat' dir='ltr'><strong>Carrionis,</strong></span> <span class='ocrx_word' id='word_1_65' title='bbox 1019 1895 1111 1961; x_wconf 82' lang='lat'><strong>1565.</strong></span> 
     </span>
    </p>
   </div>
   <div class='ocr_carea' id='block_1_6' title="bbox 265 2018 1115 2946">
    <p class='ocr_par' dir='ltr' id='par_1_7' title="bbox 267 2018 1114 2230">
     <span class='ocr_line' id='line_1_13' title="bbox 267 2018 1114 2107; baseline -0.006 -22"><span class='ocrx_word' id='word_1_66' title='bbox 267 2021 402 2107; x_wconf 71' lang='lat' dir='ltr'><strong>Eugent.</strong></span> <span class='ocrx_word' id='word_1_67' title='bbox 496 2058 539 2068; x_wconf 89' lang='lat'>-</span> <span class='ocrx_word' id='word_1_68' title='bbox 561 2019 670 2084; x_wconf 84' lang='lat' dir='ltr'><strong>Editio</strong></span> <span class='ocrx_word' id='word_1_69' title='bbox 685 2018 768 2082; x_wconf 90' lang='lat' dir='ltr'><strong>Phil.</strong></span> <span class='ocrx_word' id='word_1_70' title='bbox 786 2019 975 2107; x_wconf 84' lang='lat' dir='ltr'><strong>Eugentini,</strong></span> <span class='ocrx_word' id='word_1_71' title='bbox 1022 2018 1114 2081; x_wconf 84' lang='lat'>1525.</span> 
     </span>
     <span class='ocr_line' id='line_1_14' title="bbox 268 2137 1000 2230; baseline -0.007 -24"><span class='ocrx_word' id='word_1_72' title='bbox 268 2137 540 2230; x_wconf 77' lang='lat' dir='ltr'><strong>Eugent.etfil.-</strong></span> <span class='ocrx_word' id='word_1_73' title='bbox 561 2140 737 2230; x_wconf 84' lang='lat' dir='ltr'><strong>Eugentini</strong></span> <span class='ocrx_word' id='word_1_74' title='bbox 751 2139 850 2204; x_wconf 90' lang='lat' dir='ltr'><strong>editio</strong></span> <span class='ocrx_word' id='word_1_75' title='bbox 865 2157 898 2204; x_wconf 88' lang='lat' dir='ltr'><strong>et</strong></span> <span class='ocrx_word' id='word_1_76' title='bbox 912 2139 1000 2214; x_wconf 67' lang='lat' dir='ltr'><strong>fitia,</strong></span> 
     </span>
    </p>

    <p class='ocr_par' dir='ltr' id='par_1_8' title="bbox 569 2261 1115 2343">
     <span class='ocr_line' id='line_1_15' title="bbox 569 2261 1115 2343; baseline 0.002 -18"><span class='ocrx_word' id='word_1_77' title='bbox 569 2263 602 2326; x_wconf 95' lang='lat' dir='ltr'><strong>id</strong></span> <span class='ocrx_word' id='word_1_78' title='bbox 618 2281 685 2343; x_wconf 82' lang='lat' dir='ltr'><strong>est,</strong></span> <span class='ocrx_word' id='word_1_79' title='bbox 701 2263 851 2342; x_wconf 84' lang='lat' dir='ltr'><strong>Colinaei,</strong></span> <span class='ocrx_word' id='word_1_80' title='bbox 1021 2261 1115 2327; x_wconf 86' lang='lat'>1532.</span> 
     </span>
    </p>

    <p class='ocr_par' dir='ltr' id='par_1_9' title="bbox 265 2385 1115 2946">
     <span class='ocr_line' id='line_1_16' title="bbox 568 2385 1113 2473; baseline 0 -24"><span class='ocrx_word' id='word_1_81' title='bbox 568 2402 600 2449; x_wconf 90' lang='lat' dir='ltr'><strong>et</strong></span> <span class='ocrx_word' id='word_1_82' title='bbox 615 2385 772 2473; x_wconf 82' lang='lat' dir='ltr'><strong>Gryphii,</strong></span> <span class='ocrx_word' id='word_1_83' title='bbox 1021 2385 1113 2464; x_wconf 74' lang='lat'>1545.</span> 
     </span>
     <span class='ocr_line' id='line_1_17' title="bbox 266 2508 1115 2597; baseline -0.008 -19"><span class='ocrx_word' id='word_1_84' title='bbox 266 2517 356 2578; x_wconf 83' lang='lat' dir='ltr'><strong>Junt.</strong></span> <span class='ocrx_word' id='word_1_85' title='bbox 503 2549 547 2560; x_wconf 88' lang='lat'><em>-</em></span> <span class='ocrx_word' id='word_1_86' title='bbox 567 2511 714 2590; x_wconf 74' lang='lat' dir='ltr'><strong>lustina,</strong></span> <span class='ocrx_word' id='word_1_87' title='bbox 1022 2508 1115 2597; x_wconf 83' lang='lat'>1517.</span> 
     </span>
     <span class='ocr_line' id='line_1_18' title="bbox 265 2630 1113 2715; baseline -0.006 -15"><span class='ocrx_word' id='word_1_88' title='bbox 265 2638 353 2700; x_wconf 88' lang='lat' dir='ltr'><strong>Mas.</strong></span> <span class='ocrx_word' id='word_1_89' title='bbox 504 2669 546 2682; x_wconf 91' lang='lat'>—</span> <span class='ocrx_word' id='word_1_90' title='bbox 568 2632 696 2695; x_wconf 87' lang='lat' dir='ltr'><strong>Maserii</strong></span> <span class='ocrx_word' id='word_1_91' title='bbox 712 2630 829 2712; x_wconf 87' lang='lat' dir='ltr'><strong>editio,</strong></span> <span class='ocrx_word' id='word_1_92' title='bbox 1021 2631 1113 2715; x_wconf 85' lang='lat'><strong>1519.</strong></span> 
     </span>
     <span class='ocr_line' id='line_1_19' title="bbox 267 2752 1114 2838; baseline -0.007 -15"><span class='ocrx_word' id='word_1_93' title='bbox 267 2761 354 2823; x_wconf 81' lang='lat' dir='ltr'><strong>Pius.</strong></span> <span class='ocrx_word' id='word_1_94' title='bbox 503 2795 545 2804; x_wconf 90' lang='lat'><strong>—</strong></span> <span class='ocrx_word' id='word_1_95' title='bbox 569 2759 692 2819; x_wconf 88' lang='lat' dir='ltr'><strong>Bonon.</strong></span> <span class='ocrx_word' id='word_1_96' title='bbox 710 2776 785 2818; x_wconf 88' lang='lat' dir='ltr'><strong>curn</strong></span> <span class='ocrx_word' id='word_1_97' title='bbox 802 2754 887 2816; x_wconf 90' lang='lat' dir='ltr'><strong>notis</strong></span> <span class='ocrx_word' id='word_1_98' title='bbox 905 2753 970 2833; x_wconf 89' lang='lat' dir='ltr'><strong>Pii,</strong></span> <span class='ocrx_word' id='word_1_99' title='bbox 1020 2752 1114 2838; x_wconf 86' lang='lat'>1519.</span> 
     </span>
     <span class='ocr_line' id='line_1_20' title="bbox 270 2876 866 2946; baseline -0.013 0"><span class='ocrx_word' id='word_1_100' title='bbox 270 2884 346 2946; x_wconf 88' lang='lat' dir='ltr'><strong>Vat.</strong></span> <span class='ocrx_word' id='word_1_101' title='bbox 361 2883 430 2945; x_wconf 86' lang='lat' dir='ltr'><strong>cod.</strong></span> <span class='ocrx_word' id='word_1_102' title='bbox 501 2919 543 2929; x_wconf 94' lang='lat'>-</span> <span class='ocrx_word' id='word_1_103' title='bbox 566 2882 738 2944; x_wconf 83' lang='lat' dir='ltr'><strong>Vaticanus</strong></span> <span class='ocrx_word' id='word_1_104' title='bbox 754 2876 866 2941; x_wconf 89' lang='lat' dir='ltr'><strong>codex.</strong></span> 
     </span>
    </p>
   </div>
   <div class='ocr_carea' id='block_1_7' title="bbox 266 2999 1112 3184">
    <p class='ocr_par' dir='ltr' id='par_1_10' title="bbox 266 2999 1112 3184">
     <span class='ocr_line' id='line_1_21' title="bbox 267 2999 1111 3082; baseline -0.007 -13"><span class='ocrx_word' id='word_1_105' title='bbox 267 3007 349 3069; x_wconf 66' lang='lat' dir='ltr'><strong>Van.</strong></span> <span class='ocrx_word' id='word_1_106' title='bbox 497 3041 539 3052; x_wconf 91' lang='lat'>-</span> <span class='ocrx_word' id='word_1_107' title='bbox 562 3005 683 3066; x_wconf 86' lang='lat' dir='ltr'><strong>Veneta</strong></span> <span class='ocrx_word' id='word_1_108' title='bbox 697 3001 813 3082; x_wconf 89' lang='lat' dir='ltr'><strong>editio,</strong></span> <span class='ocrx_word' id='word_1_109' title='bbox 1021 2999 1111 3064; x_wconf 77' lang='lat'><strong>1515.</strong></span> 
     </span>
     <span class='ocr_line' id='line_1_22' title="bbox 266 3105 1112 3184; baseline -0.008 -9"><span class='ocrx_word' id='word_1_110' title='bbox 266 3112 331 3175; x_wconf 88' lang='lat' dir='ltr'><strong>Ed.</strong></span> <span class='ocrx_word' id='word_1_111' title='bbox 501 3146 542 3156; x_wconf 89' lang='lat'>-</span> <span class='ocrx_word' id='word_1_112' title='bbox 566 3107 680 3172; x_wconf 86' lang='lat' dir='ltr'><strong>Editor</strong></span> <span class='ocrx_word' id='word_1_113' title='bbox 694 3129 818 3184; x_wconf 85' lang='lat' dir='ltr'><strong>novus,</strong></span> <span class='ocrx_word' id='word_1_114' title='bbox 1021 3105 1112 3183; x_wconf 65' lang='lat'>1824.</span> 
     </span>
    </p>
   </div>
   <div class='ocr_carea' id='block_1_8' title="bbox 109 3279 1225 4254">
    <p class='ocr_par' dir='ltr' id='par_1_11' title="bbox 114 3279 1225 4130">
     <span class='ocr_line' id='line_1_23' title="bbox 198 3279 1223 3392; baseline -0.006 -25"><span class='ocrx_word' id='word_1_115' title='bbox 198 3293 343 3392; x_wconf 88' lang='lat' dir='ltr'><strong>Quum</strong></span> <span class='ocrx_word' id='word_1_116' title='bbox 357 3284 491 3392; x_wconf 90' lang='lat' dir='ltr'><strong>plures</strong></span> <span class='ocrx_word' id='word_1_117' title='bbox 499 3282 580 3390; x_wconf 88' lang='lat' dir='ltr'><strong>jam</strong></span> <span class='ocrx_word' id='word_1_118' title='bbox 590 3283 841 3388; x_wconf 89' lang='lat' dir='ltr'><strong>interpretes,</strong></span> <span class='ocrx_word' id='word_1_119' title='bbox 857 3279 1071 3358; x_wconf 88' lang='lat' dir='ltr'><strong>deValerio</strong></span> <span class='ocrx_word' id='word_1_120' title='bbox 1084 3282 1223 3361; x_wconf 83' lang='lat' dir='ltr'><strong>Flacco</strong></span> 
     </span>
     <span class='ocr_line' id='line_1_24' title="bbox 142 3402 1225 3522; baseline -0.01 -28"><span class='ocrx_word' id='word_1_121' title='bbox 142 3414 304 3522; x_wconf 88' lang='lat' dir='ltr'><strong>optime</strong></span> <span class='ocrx_word' id='word_1_122' title='bbox 326 3407 480 3504; x_wconf 88' lang='lat' dir='ltr'><strong>meriti,</strong></span> <span class='ocrx_word' id='word_1_123' title='bbox 503 3404 626 3485; x_wconf 92' lang='lat' dir='ltr'><strong>multa</strong></span> <span class='ocrx_word' id='word_1_124' title='bbox 642 3431 759 3510; x_wconf 90' lang='lat' dir='ltr'><strong>super</strong></span> <span class='ocrx_word' id='word_1_125' title='bbox 777 3402 861 3509; x_wconf 89' lang='lat' dir='ltr'><strong>ejus</strong></span> <span class='ocrx_word' id='word_1_126' title='bbox 884 3403 1057 3481; x_wconf 88' lang='lat' dir='ltr'><strong>carmine</strong></span> <span class='ocrx_word' id='word_1_127' title='bbox 1077 3402 1225 3514; x_wconf 93' lang='lat' dir='ltr'><strong>disqui-</strong></span> 
     </span>
     <span class='ocr_line' id='line_1_25' title="bbox 139 3525 1225 3633; baseline -0.012 -15"><span class='ocrx_word' id='word_1_128' title='bbox 139 3537 336 3630; x_wconf 86' lang='lat' dir='ltr'><strong>siverint,</strong></span> <span class='ocrx_word' id='word_1_129' title='bbox 359 3548 401 3609; x_wconf 89' lang='lat' dir='ltr'><strong>et</strong></span> <span class='ocrx_word' id='word_1_130' title='bbox 428 3528 670 3607; x_wconf 86' lang='lat' dir='ltr'><strong>acutissimas</strong></span> <span class='ocrx_word' id='word_1_131' title='bbox 698 3543 766 3606; x_wconf 91' lang='lat' dir='ltr'><strong>aut</strong></span> <span class='ocrx_word' id='word_1_132' title='bbox 795 3525 925 3632; x_wconf 86' lang='lat' dir='ltr'><strong>aliqua</strong></span> <span class='ocrx_word' id='word_1_133' title='bbox 952 3543 1065 3632; x_wconf 87' lang='lat' dir='ltr'><strong>parte</strong></span> <span class='ocrx_word' id='word_1_134' title='bbox 1097 3527 1225 3633; x_wconf 86' lang='lat' dir='ltr'><strong>singu-</strong></span> 
     </span>
     <span class='ocr_line' id='line_1_26' title="bbox 132 3647 1224 3756; baseline -0.011 -16"><span class='ocrx_word' id='word_1_135' title='bbox 132 3663 240 3742; x_wconf 82' lang='lat' dir='ltr'><strong>lares</strong></span> <span class='ocrx_word' id='word_1_136' title='bbox 272 3652 558 3735; x_wconf 86' lang='lat' dir='ltr'><strong>inchoaverint</strong></span> <span class='ocrx_word' id='word_1_137' title='bbox 582 3649 893 3756; x_wconf 89' lang='lat' dir='ltr'><strong>disputationes,</strong></span> <span class='ocrx_word' id='word_1_138' title='bbox 915 3647 1083 3754; x_wconf 89' lang='lat' dir='ltr'><strong>plurima</strong></span> <span class='ocrx_word' id='word_1_139' title='bbox 1107 3650 1224 3730; x_wconf 86' lang='lat' dir='ltr'><strong>colle-</strong></span> 
     </span>
     <span class='ocr_line' id='line_1_27' title="bbox 123 3770 1223 3897; baseline -0.012 -33"><span class='ocrx_word' id='word_1_140' title='bbox 123 3789 184 3897; x_wconf 81' lang='lat' dir='ltr'><strong>gi,</strong></span> <span class='ocrx_word' id='word_1_141' title='bbox 205 3810 311 3893; x_wconf 85' lang='lat' dir='ltr'><strong>quae</strong></span> <span class='ocrx_word' id='word_1_142' title='bbox 341 3775 572 3881; x_wconf 83' lang='lat' dir='ltr'><strong>cognitione</strong></span> <span class='ocrx_word' id='word_1_143' title='bbox 602 3770 832 3878; x_wconf 86' lang='lat' dir='ltr'><strong>dignissima</strong></span> <span class='ocrx_word' id='word_1_144' title='bbox 860 3771 985 3849; x_wconf 83' lang='lat' dir='ltr'><strong>textui</strong></span> <span class='ocrx_word' id='word_1_145' title='bbox 1010 3774 1223 3878; x_wconf 87' lang='lat' dir='ltr'><strong>praemitte-</strong></span> 
     </span>
     <span class='ocr_line' id='line_1_28' title="bbox 118 3893 1225 4002; baseline -0.017 -8"><span class='ocrx_word' id='word_1_146' title='bbox 118 3927 293 3993; x_wconf 88' lang='lat' dir='ltr'><strong>rentur.</strong></span> <span class='ocrx_word' id='word_1_147' title='bbox 326 3904 467 4002; x_wconf 87' lang='lat' dir='ltr'><strong>Quare</strong></span> <span class='ocrx_word' id='word_1_148' title='bbox 492 3897 625 3978; x_wconf 91' lang='lat' dir='ltr'><strong>statim</strong></span> <span class='ocrx_word' id='word_1_149' title='bbox 647 3893 865 4001; x_wconf 91' lang='lat' dir='ltr'><strong>prodeunt,</strong></span> <span class='ocrx_word' id='word_1_150' title='bbox 887 3923 969 3971; x_wconf 94' lang='lat' dir='ltr'><strong>non</strong></span> <span class='ocrx_word' id='word_1_151' title='bbox 989 3923 1068 3974; x_wconf 88' lang='lat' dir='ltr'><strong>uua</strong></span> <span class='ocrx_word' id='word_1_152' title='bbox 1078 3895 1225 3975; x_wconf 91' lang='lat' dir='ltr'><strong>Valerii</strong></span> 
     </span>
     <span class='ocr_line' id='line_1_29' title="bbox 114 4018 1224 4130; baseline -0.019 -12"><span class='ocrx_word' id='word_1_153' title='bbox 114 4041 223 4130; x_wconf 84' lang='lat' dir='ltr'><strong>vita,</strong></span> <span class='ocrx_word' id='word_1_154' title='bbox 246 4022 539 4110; x_wconf 84' lang='lat' dir='ltr'><strong>dedicationes</strong></span> <span class='ocrx_word' id='word_1_155' title='bbox 562 4048 684 4127; x_wconf 91' lang='lat' dir='ltr'><strong>quum</strong></span> <span class='ocrx_word' id='word_1_156' title='bbox 714 4018 869 4114; x_wconf 86' lang='lat' dir='ltr'><strong>strict0,</strong></span> <span class='ocrx_word' id='word_1_157' title='bbox 891 4035 976 4095; x_wconf 92' lang='lat' dir='ltr'><strong>tum</strong></span> <span class='ocrx_word' id='word_1_158' title='bbox 997 4018 1126 4096; x_wconf 84' lang='lat' dir='ltr'><strong>soluto</strong></span> <span class='ocrx_word' id='word_1_159' title='bbox 1145 4048 1224 4098; x_wconf 87' lang='lat' dir='ltr'><strong>ser-</strong></span> 
     </span>
    </p>

    <p class='ocr_par' dir='ltr' id='par_1_12' title="bbox 109 4140 1225 4254">
     <span class='ocr_line' id='line_1_30' title="bbox 109 4140 1225 4254; baseline -0.022 -9"><span class='ocrx_word' id='word_1_160' title='bbox 109 4185 273 4252; x_wconf 84' lang='lat' dir='ltr'><strong>mone,</strong></span> <span class='ocrx_word' id='word_1_161' title='bbox 308 4145 583 4254; x_wconf 84' lang='lat' dir='ltr'><strong>expeditionis</strong></span> <span class='ocrx_word' id='word_1_162' title='bbox 605 4142 881 4248; x_wconf 83' lang='lat' dir='ltr'><strong>Argonauticae</strong></span> <span class='ocrx_word' id='word_1_163' title='bbox 905 4141 1089 4238; x_wconf 87' lang='lat' dir='ltr'><strong>historia,</strong></span> <span class='ocrx_word' id='word_1_164' title='bbox 1113 4140 1225 4221; x_wconf 91' lang='lat' dir='ltr'><strong>deni-</strong></span> 
     </span>
    </p>
   </div>
   <div class='ocr_carea' id='block_1_9' title="bbox 0 0 1569 5124">
    <p class='ocr_par' dir='ltr' id='par_1_13' title="bbox 0 0 1569 5124">
     <span class='ocr_line' id='line_1_31' title="bbox 0 0 1569 5124; baseline 0 0"><span class='ocrx_word' id='word_1_165' title='bbox 0 0 1569 5124; x_wconf 95' lang='lat' dir='ltr'><strong> </strong></span> 
     </span>
    </p>
   </div>
  </div>
 </body>
</html>
