3226 5114
716 258 722 311 l

416 516 811 583 Inconsurtcon
842 515 928 581 tm.
951 518 1012 581 ιν.
1188 541 1250 604 ²77

226 651 330 714 Laetus
348 664 423 712 ovat
438 666 528 712 nunc
542 647 638 712 laude
652 648 778 730 virum,
794 671 884 713 nunc
896 648 979 713 ,vatis
995 648 1125 712 honoro

227 763 397 840 Carmine,
413 763 529 827 victori
549 763 716 852 geminans
733 780 854 829 cratera
870 764 1005 852 parenti.

266 881 401 967 Jamque
417 877 486 942 dies
499 901 652 966 *auraeque
667 895 803 959 vocant,
819 901 996 966 rursusque
1014 896 1186 967 capessunt

227 994 389 1082 AEquora,
404 1017 471 1082 qua·
488 992 608 1084 rigidos
623 1008 748 1058 eructat
764 996 925 1081 Bosporos
941 1017 1063 1060 amnes.
1213 1012 1251 1058 ³⁴⁵

226 1109 320 1190 Illos,
332 1109 420 1190 Nile,
435 1109 499 1173 tuis
516 1107 666 1172 nondum
683 1107 742 1172 dea
760 1109 912 1198 gentibus
930 1111 968 1172 Io

225 1221 409 1286 Transierat
423 1219 558 1302 fluctus,
574 1220 665 1285 unde
681 1221 751 1284 haec
766 1220 841 1285 data
858 1221 993 1284 nomina
1009 1238 1123 1310 ponto.

225 1339 310 1402 Tum
328 1335 401 1425 pius
419 1335 538 1426 OE'agri
554 1336 640 1399 claro
657 1333 697 1399 de
714 1335 871 1424 sanguine
887 1352 994 1418 vates,

226 1451 403 1516 Admonita
420 1451 591 1539 genitrice,
608 1451 706 1514 refert
722 1473 881 1538 casusque
896 1450 1064 1529 locorum,

227 1565 466 1654 Inachidosque
481 1565 566 1646 vias,
580 1565 779 1654 pelagusque
794 1587 927 1630 emensa
940 1567 1087 1645 juvencae
1216 1585 1255 1624 ³⁵·

226 1683 361 1763 Exsilio,
376 1681 576 1768 intentisque
592 1677 698 1745 canit:
718 1679 857 1744 «Videre
872 1682 996 1768 priores

226 1799 316 1885 Saepe
331 1798 461 1878 Iovem,
475 1813 576 1861 terras
592 1795 773 1885 Argimque
789 1819 888 1885 regna
906 1797 1077 1886 Pelasgum

228 1912 369 2002 Virginis
383 1912 472 1976 Iasiae
485 1910 622 1974 blandos
636 1909 833 1975 descendere
848 1909 890 1976 ad
905 1911 1008 2000 ignes.
1076 1919 1080 1928 ⁴

228 2028 331 2092 Sentit
346 2027 432 2092 Juno
450 2026 560 2110 dolos,
576 2048 720 2114 curaque
736 2048 868 2090 accensa
882 2025 983 2116 jugali

215 2247 268 2304 346.
286 2247 356 2302 Illos,
370 2249 439 2303 Ilr'ls,
451 2257 509 2294 tuos.
524 2246 599 2294 Vatic.
617 2249 707 2294 Bonom
725 2253 749 2292 ct
766 2246 831 2293 carr.
852 2245 922 2294 codd
939 2249 1029 2292 Bouon.
1048 2247 1066 2292 I.
1084 2249 1149 2293 Juut.
1167 2251 1252 2294 Moser.

187 2329 246 2374 Νι.
264 2330 354 2374 Bouon.
374 2327 404 2373 11.
423 2326 477 2373 Ald.
493 2343 537 2374 nec
548 2327 616 2373 slitcr
626 2325 721 2387 legebat
734 2325 797 2372 Pius.
808 2324 862 2372 vid.
873 2326 952 2373 Heius.
968 2336 1018 2373 not.
1041 2353 1073 2362 -
1093 2327 1147 2374 351.
1163 2327 1254 2376 thr'sse

182 2410 277 2471 priores.
286 2409 351 2453 Junt.
363 2405 417 2452 ald.
427 2406 480 2452 Col.
492 2415 516 2452 et
528 2421 593 2468 seqq.
607 2405 722 2468 usquead
735 2405 800 2451 carr.
813 2405 856 2451 Rs.

183 2637 280 2698 gnant,
291 2626 383 2676 Polluci
387 2647 397 2686 ,·
407 2624 452 2697 qui
460 2640 507 2676 toto
517 2639 620 2692 temporo
629 2645 695 2677 men·
739 2626 779 2698 gri
787 2625 856 2679 filius
868 2627 1007 2697 Orpheus,
1019 2631 1161 2690 adrnons'ta,
1174 2629 1253 2682 invo-

183 2725 220 2756 σα
231 2708 300 2756 loetus
309 2719 381 2766 orat,
396 2703 511 2775 gaudet,
522 2703 573 2756 sibi
583 2704 695 2775 plaudit,
739 2717 796 2758 csta
806 2745 813 2771 ,
823 2709 959 2773 genitrice,
970 2705 1047 2757 Musa
1059 2706 1198 2780 Calliope,
1213 2727 1254 2761 re·

184 2804 251 2834 nnnc
267 2788 341 2835 laude
360 2787 454 2845 crinon,
468 2783 695 2845 sociorum,nunc
741 2783 791 2837 fert
807 2787 957 2846 Inachidos,
981 2785 1074 2836 Inachi
1095 2783 1250 2851 filiae,'1us‚

184 2863 394 2934 vatis,0rphei,
407 2860 697 2927 sonam,h0norifico,
743 2867 817 2924 vias,
838 2883 939 2916 errores
951 2883 999 2934 per
1012 2864 1107 2918 multas
1120 2877 1217 2931 terras,
1231 2881 1256 2919 et
1336 2928 1340 2936 .

185 2945 311 3004 camnine,
336 2946 426 2995 victori
446 2945 578 3010 geminans
604 2957 699 2994 cratera
743 2947 950 3012 exsiliajuverrcoe
962 2963 1068 2996 esnemoe
1077 2949 1200 3014 pelagus,
1217 2950 1255 2998 irr-

180 3027 302 3092 parenn':
316 3023 375 3076 Iovi
395 3023 478 3093 patri,
498 3021 573 3092 cujus
594 3022 698 3074 numini
742 3025 876 3090 terrasque,
888 3022 984 3086 cupide
994 3022 1159 3077 audientibus
1168 3025 1253 3098 drgo·

185 3100 699 3174 victoriamacceptamreferebat,lnrga
743 3102 846 3164 nautis,
859 3105 935 3154 canit.

185 3179 276 3234 liharit
288 3174 382 3233 Pollu'x
395 3182 466 3236 vina.
779 3181 838 3234 551.
852 3185 940 3234 Videre
951 3185 1061 3254 priores,
1084 3182 1147 3234 olim
1159 3183 1253 3237 viven-

223 3261 284 3322 344.
295 3266 400 3327 Jamque
411 3266 481 3324 dics,
495 3281 588 3316 aurora
598 3299 605 3325 ‚
617 3283 695 3314 aurae·
741 3272 793 3324 tes,
811 3280 876 3328 soepe
890 3265 973 3312 Iovem
991 3265 1028 3311 ad
1042 3265 1117 3313 Iasioe
1131 3265 1251 3330 virginit,

186 3359 246 3406 quc,
259 3339 330 3391 renti
339 3340 454 3394 faventes
463 3383 471 3406 ,
481 3356 589 3402 vocant,
601 3341 635 3394 de
643 3341 696 3394 abi·
740 3343 786 3394 lus
795 3343 805 3410 (
815 3339 933 3412 sequitur
945 3340 990 3393 hic
998 3341 1122 3394 Valerius
1133 3359 1195 3405 eos,
1207 3343 1257 3414 qui

186 3428 215 3469 tu
227 3416 370 3472 admouent
378 3438 386 3484 ;
395 3420 476 3472 altum
484 3433 590 3493 petunt,
605 3419 695 3491 etqui·
739 3425 823 3472 Iasum
837 3431 938 3489 patrem
953 3420 1048 3491 virgini
1062 3419 1126 3473 dant
1137 3457 1144 3482 ‚
1157 3437 1206 3473 nec
1215 3433 1252 3473 ta-

186 3495 248 3548 dem
268 3517 316 3568 per
331 3500 495 3570 Bosporum,
515 3504 555 3551 ubi
573 3507 693 3568 Bospoms
739 3499 861 3552 mensibi
874 3511 1082 3571 constat,quum
1098 3500 1178 3570 paulo
1190 3512 1254 3553 ante

186 3592 280 3629 eructat
291 3600 391 3642 amnes,
401 3579 487 3632 undas
496 3579 616 3632 omnino.
740 3579 895 3632 Inachidsm
905 3579 1067 3634 nominasset
1079 3619 1087 3642 ,
1100 3579 1181 3651 poulo
1195 3593 1254 3651 post

223 3659 284 3721 346.
295 3660 340 3718 Io.
352 3657 386 3711 de
396 3677 447 3730 qua
458 3659 619 3731 paulopost,
629 3670 698 3711 ante·
740 3658 897 3726 Inachiam)
910 3697 917 3722 ,
929 3661 1033 3710 blandos
1042 3681 1139 3711 arnorss
1153 3663 1254 3712 dsscen-

187 3737 697 3811 qusmahAEgyptiisprodea,Isidisno-
740 3742 798 3790 dere
808 3739 924 3791 turtime
935 3739 1009 3790 celo.

188 3817 275 3881 mine,
290 3818 437 3884 coleretur,
451 3819 500 3870 ists
512 3818 697 3872 l‘retatransie·
776 3818 838 3880 354.
855 3822 931 3868 Sentit
952 3825 1016 3870 June
1036 3822 1122 3879 dolos,
1145 3839 1254 3888 suraque
1316 3883 1323 3892 Ι

186 3907 244 3958 rat,
257 3917 315 3968 quae
333 3909 422 3967 postea
445 3897 478 3950 ab
497 3917 527 3950 ea
551 3897 579 3949 in
601 3898 695 3951 hovem
733 3900 835 3966 jugali,
848 3897 1255 3968 suspicioue‚acconsa,oesdsrs

187 3987 286 4028 mutata
298 3995 396 4030 nomen
408 3996 542 4048 accepere.
740 3981 850 4038 desiluit,⁸
862 3981 958 4029 tremuit
971 3981 1110 4038 dominam,
1129 3997 1191 4030 nam
1201 3978 1252 4030 Ar-

224 4057 285 4119 348.
295 4057 446 4128 Satislongo
455 4057 574 4110 etalieno
583 4057 696 4127 locopo-
739 4076 787 4128 gos
800 4057 899 4110 Junoni
913 4055 1014 4121 dicata,
1028 4055 1100 4109 unde
1112 4057 1209 4127 Argiva
1222 4056 1251 4108 in

188 4135 254 4197 sito,
268 4134 378 4206 eleganti
388 4147 478 4189 tamen
497 4133 631 4211 episodio,
651 4143 695 4188 Or-
740 4137 855 4190 nummis
864 4148 889 4188 et
899 4137 1189 4203 titulis‚12yrcer'arellus,
1204 4137 1252 4188 Ar·

185 4218 250 4284 pltea
267 4213 368 4267 inducit
386 4227 463 4286 poeta
483 4227 622 4269 canentem
639 4216 693 4268 late
737 4217 814 4287 golis.
829 4215 881 4268 Pro
895 4220 998 4281 Lyrceia
1014 4215 1136 4268 nonnulli
1151 4214 1251 4266 habent

188 4293 241 4350 lus.
253 4297 348 4366 OEagri
356 4299 388 4347 de
395 4298 517 4364 sanguine
526 4310 612 4357 arares,
625 4296 694 4350 OEa-
739 4301 861 4369 Lyrceia,
880 4294 954 4370 quod
976 4309 1002 4350 et
1024 4295 1143 4350 defendit
1167 4296 1251 4360 Brun·
