3226 5114
372 523 433 587 258
673 517 709 579 C.
732 511 929 578 VALERII
957 507 1128 574 FLACCl

413 651 576 730 Vulturis,
597 651 665 737 ipse
682 646 777 710 etiam
794 645 916 735 gemitu
932 659 1109 728 moestaque
1126 640 1236 729 fatigat

415 771 504 833 Voce
518 769 647 846 lovem,
665 762 754 828 savis
772 762 915 825 relevans
931 759 1081 824 ambusta
1096 756 1220 845 pruinis
1415 786 1442 827 70

416 883 569 962 Lumina3
586 878 818 968 congeminant
835 897 946 939 amnes
963 892 1126 960 rupesque
1145 871 1305 958 fragorem

417 997 598 1076 Caucasiae3
615 1007 724 1080 stupet
740 992 807 1080 ipse
823 988 875 1054 dei
892 985 1087 1052 clamoribus
1102 985 1186 1049 ales:

416 1113 511 1176 Tunc
527 1110 623 1174 etiam
639 1128 770 1194 superas
787 1103 969 1170 Acheronte
988 1099 1120 1163 auditur
1135 1097 1176 1162 ad
1192 1120 1279 1162 arces

418 1227 547 1314 Iapetus
565 1222 685 1312 gravis3
703 1234 849 1283 orantem
865 1216 980 1305 procul
995 1231 1083 1278 arcet
1098 1214 1256 1301 Erinnys,

419 1339 605 1429 Respiciens
624 1335 699 1400 celsi
716 1335 819 1422 legem
834 1331 931 1395 loris.
948 1329 1024 1409 llle,
1038 1328 1171 1392 dearum

419 1454 578 1533 Fletibus,
592 1441 630 1514 ¹et
644 1469 763 1538 magno
778 1445 890 1510 Phoebi
909 1457 1092 1508 commotus
1108 1443 1250 1522 honore,

421 1570 574 1632 Velocem
589 1564 689 1629 roseis
708 1559 848 1626 demittit
863 1559 1006 1622 nubibus
1024 1557 1112 1622 lrin:

421 1687 475 1766 .1‚
493 1682 636 1770 Phrygas
653 1675 801 1756 Alcides,
814 1689 847 1738 et
859 1672 962 1752 Trojae
978 1671 1107 1736 differat
1124 1692 1232 1734 arma:

422 1800 537 1876 Nunc,
551 1795 614 1876 eit,
629 1791 743 1880 eripiat
759 1789 836 1853 dirae
852 1787 967 1852 Titana
983 1786 1107 1851 volucri
1121 1817 1144 1849 ν.

422 1913 504 1978 Diva
519 1909 622 1990 volat,
638 1905 805 1992 defertque
822 1903 892 1966 viro
907 1899 1075 1966 celeranda
1091 1901 1231 1988 parentis
1422 1925 1446 1958 n

426 2024 581 2113 Imperia,
603 2037 700 2108 atque
719 2019 854 2084 alacrem
871 2017 948 2080 letis
966 2015 1150 2080 hortatibus
1167 2015 1289 2102 implet.

470 2141 539 2204 Jam
557 2137 675 2222 Minyae
691 2132 823 2212 mediis,
841 2131 932 2194 clarae
947 2127 1123 2218 persidem
1137 2129 1258 2210 noctis,

428 2253 594 2321 Fluctibus
610 2250 786 2314 intulerant
801 2245 928 2335 placido
945 2267 1021 2308 cava
1037 2246 1134 2309 lintea
1152 2267 1266 2326 eursu,

431 2367 600 2452 Multaque
618 2362 745 2426 deserto
761 2382 921 2424 memores
938 2381 1035 2447 super
1052 2357 1190 2424 Hercule
1204 2359 1356 2423 volvunt:

420 2591 457 2635 70·
472 2573 541 2620 δασὺ
559 2579 669 2631 retegens.
688 2569 778 2615 Bonou.
796 2569 826 2613 ll.
842 2594 873 2602 -
890 2567 926 2629 73.
940 2567 1048 2614 Auditus.
1066 2567 1140 2615 Codd.
1156 2556 1181 2616 et
1198 2568 1252 2614 edd.
1269 2579 1323 2614 ente
1339 2570 1405 2616 carr.
1421 2595 1453 2604 -

390 2664 427 2715 74.
446 2656 519 2700 Orant
526 2649 665 2714 proclamat.
682 2648 772 2694 Boron.
786 2647 806 2693 l.
820 2648 832 2692 J
835 2656 884 2693 unt.
902 2649 1007 2694 Orantem
1020 2647 1155 2709 proclamat.
1170 2648 1261 2696 Botion.
1276 2650 1307 2694 ll.
1323 2650 1410 2696 Absor.
1423 2675 1454 2683 -

390 2737 428 2783 Uo.
446 2729 596 2780 Celebranda.
608 2729 698 2775 Bouou.
713 2726 908 2773 assumeado,
923 2728 1013 2773 Bouon.
1029 2729 1075 2773 let
1086 2728 1117 2774 11.
1134 2729 1177 2774 En.

393 2919 411 2970 i.
421 2935 445 2970 e.
457 2933 516 2987 que
525 2931 608 2986 quum
615 2909 709 2982 Apollo
722 2908 847 2973 dixisset,
859 2909 902 2961 vel
981 2923 1025 2979 74.
1039 2916 1154 2962 Orantem
1161 2915 1250 2978 procul
1259 2927 1328 2964 arces
1340 2915 1455 2975 Erinnys,

394 2999 458 3050 dixit
470 3009 506 3056 et,
519 3011 567 3064 pro
582 3009 635 3063 quo
650 2990 818 3048 Burmannus
829 2989 901 3042 vult:
947 3009 1001 3044 non
1025 2991 1144 3060 permisit
1165 2991 1264 3044 abitum
1284 3011 1315 3044 ex
1341 2993 1454 3046 Tartaro

395 3078 472 3138 dixit,
483 3086 519 3124 at.
532 3072 589 3142 Ego
603 3088 665 3123 vero
678 3087 740 3128 cum
747 3069 857 3122 Heinsio
867 3069 904 3122 le·
950 3072 1040 3141 (cujus
1050 3069 1136 3122 incola
1147 3071 1246 3124 eratob
1255 3083 1358 3124 motum
1366 3083 1456 3126 contra

413 3154 479 3208 erim
488 3169 495 3203 :
505 3154 607 3202 Excitus
618 3171 631 3201 e
642 3151 843 3218 scopulis...ipse
852 3148 906 3218 (uti
948 3149 1040 3200 lovem
1059 3148 1191 3216 bellum),
1210 3153 1338 3217 respiciens
1353 3154 1413 3202 celsi
1423 3155 1458 3201 le-

396 3175 572 3285 ilononieusis
599 3240 625 3281 et
655 3227 767 3280 Beclsiua
788 3245 816 3298 p.
841 3228 906 3296 ²65)
949 3247 1006 3296 gem
1025 3231 1105 3288 lovis,
1129 3246 1187 3299 qum
1208 3228 1320 3282 Tartaro
1339 3228 1459 3282 addictos

400 3317 487 3372 eciam,
502 3321 551 3363 etc.
952 3308 1056 3360 vetabat
1069 3303 1129 3358 inde
1141 3305 1238 3374 egredi.

436 3409 479 3462 7⁰·
495 3391 567 3442 Servis
593 3391 703 3440 relevans
721 3389 847 3446 umbrata,
866 3383 907 3441 in·
987 3385 1459 3459 75.Hisceprecilsusm0tuslttpiter‚

399 3469 550 3532 flammata,
564 3465 726 3528 rubicunda,
737 3468 831 3534 pntinis
839 3467 909 3516 lurni·
952 3469 1062 3518 velocem
1075 3469 1165 3524 roseis,
1181 3465 1293 3529 lucidis,
1304 3470 1405 3519 demisse
1413 3487 1459 3518 nu·

401 3568 455 3610 nef
478 3560 556 3615 smper
576 3549 626 3614 ipse
647 3548 705 3610 dei,
734 3543 885 3597 Promethei
900 3579 908 3604 ,
952 3547 1017 3595 bibus
1030 3548 1105 3605 Irim,
1116 3563 1169 3596 non
1182 3544 1294 3598 {lunonis
1307 3545 1405 3609 solius,
1416 3544 1460 3598 sed

402 3625 508 3689 herois,
529 3643 559 3677 ex
568 3623 666 3677 familia
675 3624 803 3676 Titanum
823 3621 910 3692 (uude
953 3624 1027 3676 loris
1047 3624 1143 3686 etiem,
1166 3635 1192 3675 et
1215 3625 1328 3676 aliorum
1351 3623 1462 3677 deorum

402 3709 459 3779 ipse
472 3709 541 3758 litun
551 3724 578 3756 v.
591 3722 643 3774 79;
655 3713 680 3756 et
690 3704 726 3767 V,
738 3707 810 3774 170),
820 3708 911 3756 ctam·
955 3700 1097 3756 dearumve
1109 3740 1116 3764 ‚
1132 3703 1288 3755 ministram.

403 3790 467 3838 ribus
476 3789 545 3846 ales,
560 3785 658 3840 vultur.
991 3783 1034 3832 80.
1044 3785 1198 3842 Divavolat,
1209 3782 1400 3853 vixeloquutus
1408 3793 1464 3834 erat

440 3865 485 3934 73.
501 3868 646 3916 llsncetiam
662 3866 911 3930 superasRAclemntae
954 3859 1071 3932 Jupiter,
1090 3879 1174 3932 quum
1193 3863 1267 3933 jussa
1288 3861 1377 3914 statim
1390 3879 1464 3914 exse-

407 3944 506 3996 auditur
517 3947 553 3992 ad
568 3963 656 4006 arces,
671 3942 707 3994 ita
726 3960 756 3994 ex
774 3942 831 4014 ipso
844 3940 911 3994 Tar·
955 3941 1060 4012 quitur,
1081 3945 1230 4016 ctglacrem
1251 3943 1313 3992 loetis
1336 3943 1466 3992 tomos-s

406 4031 464 4073 tarn
481 4020 649 4087 inclamavit,
669 4032 699 4072 ut
720 4039 819 4092 supere
837 4032 913 4074 terro
956 4023 1053 4088 duplet,
1064 4019 1121 4073 laeta
1131 4019 1284 4092 ipsalotum
1295 4019 1419 4072 nuntium
1429 4019 1467 4070 al-

407 4098 541 4165 audirent,
553 4112 578 4154 et
584 4107 695 4169 Iapetus,
706 4099 856 4154 Promethei
866 4118 913 4170 pe-
956 4101 1007 4152 lert
1020 4099 1077 4152 viro
1087 4099 1121 4152 ad
1133 4100 1197 4152 talia
1207 4097 1414 4171 promptissimo.

407 4192 459 4238 ter.
471 4183 569 4248 gravis,
583 4179 626 4234 vel
635 4179 711 4232 annis
721 4218 728 4242 ,
738 4179 781 4232 vel
790 4178 915 4232 molestus
993 4179 1037 4232 Oa.
1063 4181 1220 4250 Argonautas
1240 4179 1357 4240 interea,
1377 4195 1467 4230 scena

408 4258 541 4330 precibus.
959 4269 1033 4310 nocte
1049 4259 1132 4311 altum
1152 4277 1223 4309 cursu
1241 4261 1343 4326 placido
1363 4267 1470 4318 meent,
