3122 5126
396 531 506 580 xxvm
796 496 1049 566 PRAEFATIO

395 643 511 720 boves,
529 650 585 698 aut
601 631 662 695 alia
679 626 802 716 superis
817 647 905 690 sacra
920 621 1069 687 manibus
1088 621 1182 685 obvia
1203 622 1326 686 fuerint
1342 624 1461 688 lutaci-
1540 697 1543 706 ,

395 737 624 808 bus?Subitus
636 731 771 821 Cyzicus
787 725 927 792 terreat?
938 725 978 788 ab
996 739 1090 790 antro
1106 721 1266 812 prodeant
1275 725 1462 814 Cyclopes?

394 863 563 936 ruptumve
578 859 677 928 pecus
694 835 829 898 Cicones
844 829 940 896 armis
954 826 1142 917 postulent?
1156 827 1264 908 Quam
1280 827 1373 893 avide
1385 853 1461 894 cau·

394 971 466 1018 tum
481 945 637 1036 repetitur
653 937 837 1027 navigium?
850 933 940 1017 Quid
956 934 983 996 si
999 933 1115 1019 septies
1130 931 1164 994 in
1182 953 1296 996 navem
1312 950 1402 998 cetus
1416 936 1462 1000 ef·

395 1055 521 1122 fertur?
536 1051 643 1132 Quam
662 1045 758 1110 invisi
776 1057 854 1106 sunt
873 1038 1008 1104 fluctus!
1026 1037 1072 1100 Ea
1087 1052 1181 1117 sunt,
1196 1058 1267 1124 quae
1284 1055 1459 1106 nautarum

396 1176 520 1228 mentes
535 1154 736 1246 percellunt,
750 1148 901 1228 turbant,
916 1143 1118 1232 disperdunt.
1132 1143 1174 1204 Et
1185 1143 1214 1206 si
1230 1143 1375 1209 Lemnon
1389 1147 1459 1234 peti

388 1241 573 1353 contingit,
587 1277 653 1324 tam
673 1255 776 1344 asperi
798 1253 917 1318 laboris
941 1249 1111 1339 prtemium
1127 1247 1299 1336 voluptatis
1321 1251 1459 1318 mollitie

393 1373 528 1452 tollitur,
540 1367 775 1454 frangiturque.
793 1357 950 1446 Captiosis
969 1376 1110 1442 namque
1126 1355 1317 1442 Hypsipyles
1332 1356 1457 1444 laqueis

393 1478 553 1555 irretitus,
568 1469 734 1562 genialiter
744 1465 883 1544 victitat,
896 1479 929 1526 et
944 1483 1023 1549 quas
1035 1459 1162 1539 juvenis
1176 1474 1266 1523 aetate
1278 1482 1362 1525 nova
1370 1463 1456 1528 vires

394 1605 542 1649 exercere
559 1577 710 1654 deberet,
725 1572 855 1661 penitus
873 1583 1022 1646 enervat,
1039 1564 1194 1653 quodque
1210 1563 1457 1653 despicatiorem

394 1690 484 1769 facit,
499 1706 582 1774 quos
598 1681 653 1746 alti
667 1677 794 1744 aetheris
808 1675 938 1739 futuros
954 1671 1123 1762 participes
1138 1670 1270 1752 accivit,
1285 1672 1457 1759 profundae

394 1793 537 1860 libidinis
559 1789 675 1876 abysso
695 1781 868 1869 immergit.
886 1781 997 1842 Tantae
1013 1793 1122 1842 autem
1140 1777 1275 1867 energiae
1293 1794 1342 1842 est
1357 1779 1457 1858 hujus

393 1901 491 1990 pestis
512 1894 637 1961 blandae
660 1890 816 1969 suavitas,
834 1900 922 1951 tanta
939 1901 989 1949 est
1005 1884 1081 1948 mali
1101 1882 1270 1960 mulcedo,
1283 1901 1321 1948 ut
1337 1885 1458 1950 sensim

395 2004 511 2071 titillati
524 2021 660 2065 aureum
670 1997 771 2060 vellus
783 1997 976 2082 Argonautae
988 1989 1160 2079 negligant.
1174 1989 1269 2054 Solus
1277 1988 1368 2054 adest
1378 1992 1395 2054 J
1397 2012 1457 2056 ove

394 2113 522 2202 genitus
538 2105 693 2170 Hercules
711 2102 847 2190 integer,
861 2113 1027 2186 torpentes
1047 2097 1171 2161 animos
1187 2094 1325 2166 honesto
1339 2096 1456 2160 verbo-

393 2241 467 2282 rum
487 2214 618 2280 classico
633 2207 821 2295 tempestive
839 2204 999 2286 excitans3
1013 2225 1080 2290 quo
1093 2202 1193 2267 veluti
1208 2225 1324 2289 sopore
1341 2225 1458 2291 exper·
1517 2268 1522 2279 ,

394 2321 526 2413 gefneti,
541 2315 729 2406 pestiferum
752 2311 869 2400 reginae
892 2309 1142 2374 contubernium
1168 2307 1386 2390 desuescunt,
1402 2331 1456 2372 oe·

395 2431 555 2514 duntque,
563 2418 807 2487 momentariam
818 2415 959 2480 laetitiam
969 2412 1300 2502 exuentes,gaudium
1308 2413 1457 2478 induturi

395 2547 597 2624 perpetuum.
616 2525 679 2592 Sed
699 2520 958 2612 quomsquisque
987 2535 1158 2583 nauurum
1188 2519 1271 2582 mala
1299 2519 1458 2598 ejusmodi

395 2659 493 2729 quarn
509 2633 695 2700 suavissima
710 2629 779 2694 sine
792 2625 915 2717 gemitu
931 2641 966 2688 et
984 2623 1097 2689 dolore
1111 2623 1253 2688 deserit?
1263 2623 1325 2688 Vix
1340 2625 1456 2688 minaci

394 2745 542 2811 Herculis
557 2739 686 2804 monitu
704 2734 854 2800 educitur
873 2732 988 2810 lason,
1005 2729 1059 2792 vix
1071 2726 1210 2794 AEneam
1226 2727 1352 2816 lepidus
1369 2731 1456 2794 Mer·

396 2853 479 2918 curii
493 2871 601 2914 sermo
619 2846 750 2925 liberat,
767 2842 820 2904 vin
838 2860 966 2903 summa
982 2835 1119 2900 Palladis
1136 2835 1289 2924 sapientia
1309 2837 1456 2923 Ulyssem

396 2957 521 3022 evellit:
537 2976 619 3042 quos
645 2967 710 3014 tres
735 2945 966 3035 peritissimum
992 2963 1155 3029 quemque
1181 2941 1319 3004 navitam
1344 2941 1455 3024 minis,

395 3061 566 3138 facundia,
588 3074 621 3122 et
639 3051 829 3145 prudentia,
847 3049 1070 3114 illecebrarum
1095 3046 1215 3110 circulo
1242 3063 1455 3134 praereptum,

395 3170 574 3258 exprimere
588 3162 732 3228 dixerim.
746 3156 809 3225 Sed
823 3178 884 3220 nec
897 3170 1013 3220 tenerae
1024 3153 1151 3217 virtutis
1164 3151 1361 3216 adminiculo
1373 3152 1455 3216 bene

396 3274 572 3353 stabilitus,
588 3285 662 3359 post
682 3266 844 3331 imbellem
867 3259 1056 3350 pueritiam,
1069 3257 1303 3347 flagrantesque
1313 3317 1316 3324 .
1327 3258 1455 3324 estienoe

395 3381 574 3464 juventutis
586 3395 697 3457 aestus,
709 3373 800 3440 novis
813 3368 978 3436 laboribus
991 3367 1211 3455 mancipatum
1222 3367 1302 3453 quin
1317 3367 1457 3455 omnige-

397 3490 447 3552 nis
464 3508 532 3551 sese
548 3503 713 3572 exponens
727 3478 821 3558 vitiis,
838 3474 1017 3563 proborum
1034 3470 1175 3536 caedibus
1192 3493 1251 3560 per
1267 3471 1455 3559 impruden·

397 3594 475 3658 tiam
488 3589 652 3654 interdurn
669 3607 784 3649 manus
800 3580 947 3646 duriores
963 3577 1176 3659 contaminat,
1190 3577 1288 3642 violat
1300 3576 1454 3664 hospitia,

397 3698 573 3764 arctissima
590 3692 737 3759 amicitiae
751 3687 879 3755 vincula
901 3683 1007 3776 gladio
1028 3683 1213 3772 confringit.
1235 3685 1393 3747 Caeterum
1408 3682 1455 3745 la·

398 3806 490 3869 cinus
505 3801 682 3867 admissum
698 3815 950 3884 recognoscens,
962 3791 1203 3876 exhorrensque
1216 3809 1374 3880 summam
1388 3809 1455 3875 pan

382 3935 385 3943 ·
398 3909 501 3975 ricidii
510 3906 627 3982 labem,
636 3904 753 3967 mentis
763 3898 1024 3987 tranquillitatem
1034 3911 1187 3976 meretur,
1197 3915 1349 3980 sacraque
1358 3892 1454 3975 unda,

398 4033 431 4080 et
442 4013 593 4104 precibus
604 4032 672 4074 non
687 4007 797 4097 paucis
809 4006 977 4086 lustratus,
991 4023 1105 4065 navem
1118 4001 1244 4088 repetit.
1258 4000 1344 4062 Tum
1359 4001 1457 4064 oritur

396 4135 509 4207 gratus
521 4137 676 4182 remorum
697 4114 833 4190 sortitus,
846 4123 878 4173 et
889 4108 972 4173 loetoe
984 4105 1152 4172 concordiis
1165 4107 1252 4170 vocis
1259 4153 1269 4186 ,
1282 4113 1377 4198 atque
1390 4106 1455 4168 vito

398 4227 528 4290 redeant
538 4224 644 4286 animi.
656 4221 771 4307 Itaque
783 4215 960 4296 juventutis
974 4214 1093 4278 fretum
1106 4233 1252 4300 egressus
1264 4210 1454 4300 profundius
