3196 5120
392 509 518 574 aovi
549 509 793 576 romolus
821 509 976 606 NQTAE.
1044 456 1047 464 ¹
1159 515 1220 599 169

194 659 229 712 V.
240 659 302 728 3²9·
313 661 425 710 Protinus
444 663 568 727 ingentem
576 679 704 728 procerum
721 663 765 718 rub
785 663 883 714 nomiae
900 675 995 712 taurum

305 745 403 811 nejme.

159 852 313 904 Burmanno
327 849 442 916 accedo,
457 852 504 924 qui
520 851 632 906 verbum
646 852 730 920 dejicit
741 851 911 908 referendum
927 871 984 906 ease
1003 851 1038 907 ad
1056 853 1222 926 Hypsipylen

160 947 256 989 censet.
296 987 302 1000 ,

194 1064 228 1111 V.
240 1059 301 1128 367.
310 1061 343 1109 Et
354 1061 438 1109 lunam
457 1072 544 1126 quarto
563 1062 666 1110 densam
680 1061 750 1110 uidet
763 1061 875 1112 imbribus
892 1073 944 1110 orm

306 1145 462 1210 fluespr'ader.

158 1244 208 1296 llio
224 1243 298 1295 locus
314 1259 368 1294 non
379 1239 414 1294 cle
425 1245 525 1312 integra
538 1259 612 1294 mora
627 1241 841 1312 Argonautarum
852 1241 881 1295 in
894 1244 996 1296 Lemno
1008 1242 1152 1315 capiendus
1167 1254 1222 1306 eat,

159 1326 205 1382 aed
215 1326 249 1379 de
258 1337 353 1398 quarto
364 1337 425 1398 poet
439 1325 530 1378 lunam
542 1342 643 1378 novam
654 1324 700 1379 die
709 1363 718 1389 ,
728 1344 782 1398 quo
795 1325 902 1397 signum
915 1325 1041 1378 imbrium
1052 1326 1116 1379 luna
1125 1326 1223 1398 Tiphyi

157 1410 248 1464 dabat.
259 1409 328 1464 Nam
337 1410 448 1463 Veteres
464 1408 516 1464 hoo
536 1409 678 1464 utebantur
694 1411 880 1482 prognostico,
894 1409 929 1464 (le
945 1429 1000 1483 quo
1012 1410 1139 1482 Virgilius
1154 1409 1222 1482 agri·

157 1495 228 1548 colae
245 1503 353 1558 monet,
365 1483 462 1565 Georg.
482 1494 510 1556 Ι,
524 1494 595 1558 432:
630 1483 634 1502 ¹

294 1605 336 1653 Sin
347 1615 399 1652 orto
410 1605 433 1651 ln
445 1615 525 1670 quarto
533 1605 645 1668 (namque
655 1606 675 1652 ia
686 1606 827 1653 oertlaalmna
837 1609 930 1672 auctor)

295 1684 367 1736 Pura,
379 1695 457 1743 neqne
464 1681 552 1728 obtuitu
563 1696 607 1742 per
616 1681 698 1728 calum
708 1681 819 1728 oomilma
830 1682 885 1738 ibit,

297 1757 370 1804 'lotar
379 1765 403 1802 et
411 1756 451 1802 ille
461 1755 523 1810 dier,
539 1765 563 1801 et
573 1755 614 1817 qai
622 1765 747 1802 nascentur
756 1756 786 1802 ab
796 1755 838 1802 illo

295 1832 407 1879 llxaotum
419 1828 450 1878 ad
460 1846 578 1886 mensem,
589 1830 670 1893 pluvia
680 1830 802 1893 vent'uque
810 1831 931 1879 carebunt.

191 1961 225 2008 V.
239 1956 300 2024 369.
322 1961 404 2023 Usque
421 1973 495 2006 novos
509 1957 572 2005 dium
583 1956 689 2005 melioris
702 1957 740 2006 ad
752 1957 824 2023 ignes
836 1957 896 2006 lime
910 1957 997 2040 sedeat
1007 1957 1059 2008 loeti
1070 1957 1174 2022 Minya.
1186 1985 1222 1996 -

160 2043 240 2106 Usque
257 2037 377 2112 jungitur
395 2037 504 2091 dictioni
524 2041 603 2089 donec
614 2053 672 2108 qum
690 2037 828 2109 sequitur,
839 2055 866 2091 r.
884 2039 946 2108 373.

192 2158 228 2210 V.
246 2158 307 2222 408.
319 2161 389 2210 Dixit
397 2162 540 2210 lacrimans.
552 2157 649 2210 -Neo
661 2177 732 2210 nuno
741 2155 893 2230 Hypsipylae
906 2157 1048 2231 respondet
1060 2159 1139 2214 lason
1151 2199 1159 2226 ,
1171 2179 1222 2214 neo

157 2253 244 2306 antea,
256 2261 338 2312 quum
352 2241 498 2295 discederet
507 2240 596 2308 Iolco,
607 2252 719 2313 utroque
735 2252 873 2311 parentum
887 2241 1068 2308 valedicente,
1079 2244 1222 2316 quicquam

157 2324 431 2396 responditvaleriua
441 2325 547 2380 videtur
559 2343 575 2379 a
585 2323 765 2378 describendis
781 2324 921 2378 affectibus
936 2325 1074 2398 refugere,
1087 2339 1183 2381 natura
1196 2340 1224 2381 et

158 2410 262 2481 iugenio
278 2409 403 2463 aliorsum
416 2421 544 2464 vocante:
559 2407 606 2463 aed
619 2408 748 2481 Virgilius
757 2408 835 2481 longe
848 2409 932 2462 aliter.
953 2399 957 2405 ⁵
1048 2406 1058 2444 ¹

192 2546 228 2600 V.
241 2547 304 2612 438.
314 2547 449 2616 Hospioibus
459 2566 573 2599 reserans
584 2560 688 2598 secreta.
697 2575 730 2586 -
738 2545 904 2600 Credelmtur
912 2546 992 2618 vulgo
1002 2565 1047 2600 eoa
1059 2557 1223 2618 atempeeta·

158 2630 226 2684 tibur
235 2649 292 2684 eoae
302 2642 372 2683 tuton
380 2668 388 2694 ,
397 2631 443 2702 qui
453 2630 610 2683 Cabirorom
624 2630 704 2682 sacris
718 2642 806 2682 eeaent
815 2629 920 2682 initiati.
930 2629 1102 2701 Apollonius,
1113 2633 1143 2694 1,
1153 2633 1221 2700 915,

158 2713 220 2766 dicit
228 2715 393 2786 Argonautas
404 2733 434 2768 ea
447 2711 482 2767 (le
492 2732 571 2767 causa
582 2714 610 2766 in
623 2713 831 2768 Samothraciam
840 2715 982 2788 appulisse.
991 2715 1030 2769 De
1041 2715 1144 2770 Cabiria
1154 2716 1221 2779 diis,

159 2798 219 2852 vide
237 2799 400 2853 Scholiaaten
415 2797 569 2871 Apollonii,
586 2797 604 2851 l.
622 2798 641 2851 l.

190 2938 227 2990 V.
246 2941 311 3003 460.
335 2940 388 2989 Coit
400 2958 414 2989 e
428 2956 515 3006 sparso
529 2940 624 2988 concina
640 2939 735 3005 mapali
746 2941 877 3006 Agresmm
886 2958 984 2996 marrus.
998 2940 1101 2992 -Non
1113 2937 1223 2991 memini

158 3037 200 3071 me
214 3018 306 3072 videre
324 3018 389 3073 aliae
403 3024 500 3088 mapale
515 3019 543 3072 in
560 3018 688 3091 singulari
706 3038 827 3074 numero.
846 3022 913 3076 Sunt
933 3033 1021 3076 autem
1034 3026 1144 3093 manaim
1156 3040 1222 3076 oasa

157 3103 282 3156 Afrorum
296 3121 327 3156 ex
338 3101 469 3157 arundine
485 3104 621 3158 confectae.
636 3103 711 3176 Virg.
725 3103 824 3177 Georg.
844 3106 900 3168 111,
913 3107 981 3174 339:

294 3202 358 3260 Quid
373 3203 415 3250 tibi
427 3214 531 3266 partorea
543 3205 632 3264 libya,
648 3205 705 3267 quid
716 3222 802 3268 paeana
812 3222 881 3254 varan

294 3281 431 3340 Proarqw,
441 3279 531 3328 etruria
540 3281 642 3328 habitata
651 3281 751 3344 mapella
759 3283 842 3329 tectis?

163 3383 277 3450 napata
290 3379 361 3433 idem
373 3380 505 3452 signifieat
523 3381 596 3454 quod
608 3388 737 3453 magalia,
749 3385 825 3458 Virg.
842 3387 904 3438 AEn.
919 3385 968 3450 IV,
984 3385 1055 3454 259:

294 3483 439 3546 [ltprimum
451 3485 517 3532 alatis
529 3486 606 3548 tetigit
615 3487 714 3548 magalia
724 3487 818 3550 plantis.

157 3583 276 3656 Utraque
290 3581 371 3636 dictio
384 3603 476 3656 parum
485 3583 576 3640 differt
589 3587 624 3639 ab
636 3587 743 3640 arabica
755 3591 851 3642 nawoil
857 3627 865 3652 ‚
877 3587 996 3662 ejusdem
1005 3589 1222 3662 significationis,

157 3667 183 3719 in
197 3667 329 3739 gloaaariia
348 3667 454 3722 omiaea.

191 3796 228 3849 V.
243 3797 305 3866 473.
319 3799 371 3848 Nor
386 3799 419 3848 Ili
432 3800 523 3848 veteris
541 3801 666 3864 quondam
684 3797 900 3865 genum-Ilua,
918 3797 1038 3852 Dar'dani
1056 3797 1142 3864 filius,
1160 3811 1222 3871 port

158 3889 259 3950 patrem
270 3880 299 3934 in
309 3877 415 3932 'I'roade
431 3879 565 3950 regnavit,
584 3879 718 3952 iliumque
736 3880 865 3934 condidit.
883 3888 955 3933 Vetus
969 3881 1067 3936 dicitur
1082 3883 1221 3935 aValerio

158 3981 189 4014 ea
208 3981 303 4026 cauea,
316 3973 398 4033 puto,
413 3973 444 4015 ut
461 3962 625 4016 discernatur
637 3964 671 4016 ab
685 3965 741 4028 llo,
753 3965 830 4018 Trois
846 3965 918 4032 filio,
936 3967 1123 4022 Laomedontia
1136 3979 1218 4039 patre.

157 4041 255 4096 Pariter
272 4054 383 4098 vocatur
399 4047 505 4106 παλαῖος
520 4041 592 4113 apud
611 4042 777 4109 Homerum,
790 4044 824 4096 Il.
836 4043 894 4110 xl,
913 4046 964 4116 ³7²
980 4065 987 4098 :

316 4131 370 4204 ltro
384 4145 542 4221 Δαρδανίδαο
551 4155 675 4216 ,παλαιοῦ
686 4147 875 4222 δὴμογίροντος.

193 4274 227 4326 V.
243 4276 303 4340 482.
317 4280 368 4326 Hoc
381 4291 455 4328 aomos
462 4315 471 4340 ,
485 4280 530 4330 lroe
541 4281 656 4345 corniger
665 4281 768 4348 imperat
775 4285 905 4336 Hammon.
913 4313 948 4324 -
956 4283 1069 4354 Denegat
1080 4282 1129 4334 sibi
1140 4281 1220 4336 Vale·
