3196 5120
381 477 773 552 ARGONAUTIGON
799 490 884 556 LIB.
909 494 976 558 III.
1149 501 1207 588 193

193 611 373 692 Attonitus,
389 614 538 695 Crenaee,
555 622 689 703 parens!
707 643 748 684 en
764 623 900 713 frigidus
917 628 1012 694 orbes

191 716 376 814 Pnrpnrcos
391 727 457 807 jam
472 751 606 796 somnus
623 733 708 816 obit,
721 735 787 814 jam
806 741 942 819 candor,
960 761 992 810 et
1005 747 1081 811 anni

190 839 369 922 Deficiunt,
383 843 513 932 vitaque
531 844 615 935 fugit
631 846 730 914 decus
749 874 846 917 omne
864 859 977 922 soluta.

191 955 309 1020 Desere
323 979 411 1020 nunc
428 979 561 1042 nemus,
576 976 609 1025 et
624 965 841 1051 nympharum
860 968 963 1036 durus
973 981 1124 1042 amores!

189 1070 233 1132 At
248 1067 372 1132 diversa
388 1071 490 1160 Sagen
510 1074 694 1141 turbantem
710 1079 819 1144 fallere
834 1104 935 1148 nervo

190 1182 274 1246 Tum
286 1183 429 1272 primum
442 1207 523 1272 puer
538 1209 634 1252 ausus
650 1191 768 1277 Hylas,
788 1217 860 1282 spes
876 1199 1014 1264 maxima
1028 1203 1120 1270 bellis

190 1295 329 1361 Pulcher
345 1297 459 1386 Hylas,
475 1300 501 1361 si
520 1299 585 1365 fata
603 1301 726 1386 sinant,
744 1305 771 1368 si
787 1329 940 1397 prospera
956 1312 1059 1396 luno,

189 1407 426 1498 prostravitque
442 1412 547 1476 virum
566 1415 660 1478 celeri
677 1436 737 1503 per
751 1434 882 1506 pectora
900 1425 976 1492 telo.
1170 1451 1205 1490 tes

233 1528 415 1611 Accessere,
430 1526 537 1592 nefas!
554 1530 695 1594 tenebris
711 1533 876 1600 fallacibus
892 1542 953 1604 acti

189 1641 378 1730 Tyndaride
394 1644 427 1707 in
445 1666 522 1710 sese.
540 1647 652 1710 Castor
666 1647 756 1734 prius
774 1649 841 1716 ibat
854 1653 888 1717 in
903 1655 987 1722 ictus

187 1757 345 1822 Nescius:
362 1772 411 1822 ast
427 1759 499 1823 illos
516 1781 598 1824 nova
616 1761 686 1845 lux,
703 1763 893 1855 subitusque
909 1769 1038 1839 diremit

187 1872 315 1935 Frontis
326 1893 425 1960 apex:
439 1888 510 1937 tum
527 1875 639 1938 Castor
655 1877 747 1964 Ityn,
765 1901 828 1966 qua
844 1885 979 1950 caerulus
992 1889 1095 1955 ambit

186 1987 328 2068 Balteus,
349 2003 381 2051 et
396 1988 515 2076 gemini
532 1988 741 2054 committunt
759 2015 815 2057 ora
829 1993 1001 2083 dracones3
1166 2041 1204 2082 ιφ
1254 1991 1256 1998 ⁴

175 2176 226 2234 178.
241 2177 357 2222 Attonitas
377 2178 466 2225 cervice,
482 2179 547 2222 lunt¹
565 2177 664 2237 lingent
692 2205 722 2213 -
741 2181 792 2228 182.
813 2184 918 2232 Diversus
937 2203 1012 2250 agera
1033 2193 1122 2240 Bonon.
1144 2197 1197 2245 cod.

143 2253 196 2300 edd.
209 2263 263 2301 ante
276 2256 339 2302 Gerr.
350 2257 395 2302 lin.

178 2435 237 2489 177.
258 2421 333 2484 Quem
351 2431 373 2469 re
391 2423 548 2488 quaterque,
567 2435 647 2488 quam
691 2418 804 2486 Deinde,
816 2444 851 2488 r,
869 2428 932 2491 181,
944 2429 1033 2486 nullus
1049 2431 1093 2487 hic
1107 2436 1198 2494 ironiae

140 2493 527 2563 deformem‚videbitattenims,
538 2503 644 2562 Creme,
690 2497 780 2554 locus:
791 2503 941 2576 longissime
951 2509 1025 2563 abest
1035 2512 1068 2565 ab
1076 2511 1197 2572 irrisione

135 2581 245 2642 parens!
259 2595 314 2629 non
332 2591 474 2648 agnoscet,
488 2578 571 2631 oculis
594 2585 647 2632 non
689 2581 776 2633 omnis
791 2583 833 2637 illa
852 2586 990 2660 descriptio
1004 2589 1037 2644 ad
1051 2592 1195 2651 miseratio·

139 2653 243 2720 credet,
254 2667 280 2708 te
291 2675 360 2722 esse,
372 2657 417 2727 qui
431 2669 508 2710 antea
525 2670 578 2710 tam
593 2659 646 2710 lor·
689 2677 751 2712 nem
765 2665 923 2734 composita3
935 2667 990 2721 htec
1006 2667 1088 2740 igitur
1101 2677 1181 2730 verbe
1189 2716 1198 2743 ,

139 2737 648 2804 moeuseras.Erfrigidusscmnusmor-
690 2742 774 2791 desere
797 2761 863 2792 runc
883 2747 976 2806 darm,
1001 2759 1050 2801 ete.
1070 2753 1199 2822 capienda

138 2814 171 2866 tis
188 2817 269 2874 orbes,
285 2813 377 2867 oculos
393 2815 469 2884 (vide
487 2815 569 2884 739),
585 2835 646 2887 par·
690 2830 750 2870 sunt
767 2818 818 2871 hoc
833 2839 925 2874 sensu:
942 2834 1000 2876 tene
1023 2837 1077 2879 tam
1100 2829 1198 2886 durum

135 2911 238 2960 parcos,
259 2893 375 2957 vividos,
391 2906 509 2966 yegetos,
520 2895 646 2966 pulchros
689 2897 717 2948 in
728 2908 752 2950 te
763 2897 856 2962 fuisse,
869 2911 914 2967 nt,
926 2900 1033 2958 desertis
1045 2911 1196 2964 nemoribus

138 2971 248 3024 omnino
264 2975 308 3044 (i.
316 2979 376 3026 Jam'
384 2973 418 3027 ad
430 2975 522 3027 Horat.
532 2973 585 3026 Od‚
594 2973 644 3039 IV,
689 2976 867 3049 nymphisque
882 2978 998 3046 dilectis,
1022 3003 1095 3038 arma
1109 3007 1196 3060 capes-

140 3052 326 3114 1‚ro,etinlra
335 3090 343 3116 ,
353 3061 402 3117 4²²
411 3092 419 3117 ,
429 3055 644 3123 purpureumsal),
688 3063 771 3109 seres!
783 3057 832 3111 En.

137 3133 201 3190 obit,
221 3132 303 3185 subit:
314 3136 372 3202 jam
390 3139 499 3196 candor,
515 3133 644 3186 candidus
726 3137 881 3204 sila-Hylas.
891 3137 942 3191 Hic
949 3141 1042 3192 diversa
1051 3145 1192 3210 uerbarrtem,

137 3207 213 3262 faciei
224 3211 307 3276 color,
315 3228 338 3264 et
346 3217 408 3265 anni
412 3251 421 3276 ‚
428 3213 552 3287 juvenilis
561 3213 643 3285 vigor,
688 3214 739 3268 alia
754 3216 840 3286 campi
854 3229 928 3287 parte
948 3236 1051 3290 pugnas
1064 3223 1193 3291 cientem,

137 3292 259 3361 deficiunt.
687 3299 766 3364 Sagen
793 3315 865 3346 nemo
880 3297 988 3364 fallere,
1011 3300 1102 3372 sagitta
1121 3303 1193 3373 prius

175 3371 234 3423 181.
247 3375 339 3424 Desere
348 3392 413 3424 nunc
423 3392 522 3435 nemus,
540 3387 564 3424 et
575 3393 644 3440 nym-
687 3373 762 3426 missa
773 3392 902 3446 occupare
912 3413 919 3438 ,
929 3389 1095 3447 praevertere,
1105 3383 1193 3434 occul·

132 3451 237 3515 ptamm
254 3455 328 3502 danes
350 3471 454 3504 amores.
476 3451 580 3516 lrrisio,
603 3453 643 3506 uti
686 3463 713 3506 to
724 3454 819 3518 ferire,
837 3473 995 3528 quamquam
1006 3479 1080 3527 puer.
1103 3474 1192 3514 tamen

135 3527 216 3599 paulo
231 3536 419 3582 ante:1nurrc.
437 3531 520 3583 Antea
532 3532 568 3586 ita
582 3533 642 3602 pul·
686 3552 758 3583 ausus
770 3535 873 3601 primam
887 3535 1091 3606 experimentum
1105 3541 1192 3595 facere

136 3606 285 3660 claritudine
291 3608 507 3680 superbiebas,ut
512 3610 641 3682 nymphas
685 3610 853 3670 fortitudinis,
862 3632 915 3680 spes
923 3619 1033 3668 marrona
1046 3621 1125 3680 bellis,
1137 3638 1192 3672 ma·

58 3743 61 3748 ¹
135 3697 335 3754 contemneres,
354 3688 484 3759 silvasque
509 3688 642 3761 relinque·
685 3709 764 3761 gnam
775 3690 861 3744 herois
874 3693 956 3745 futuri
972 3713 1044 3766 spem
1060 3695 1093 3748 de
1110 3716 1138 3750 se
1149 3718 1191 3752 ex·
1234 3749 1236 3756 ,

134 3781 190 3826 res;
205 3768 259 3837 jam
274 3784 336 3818 vero
349 3765 418 3819 idem
431 3765 515 3830 aude,
526 3767 548 3819 si
558 3779 640 3838 potes.
685 3769 782 3832 citans,
794 3773 817 3820 si
830 3791 961 3840 prospera,
978 3775 1107 3846 propitia,
1125 3783 1189 3831 Iuno

134 3842 642 3915 —QuodapudValeriumeximioallec·
684 3852 760 3908 sinat,
775 3868 827 3901 non
839 3849 974 3921 impediat.

133 3935 163 3974 tu
172 3923 291 3994 plenum,
299 3924 422 3997 frigidum
437 3926 527 3979 fecisse
540 3923 642 3996 videtur
722 3930 779 3981 186.
796 3933 881 3980 Castor
889 3943 914 3980 et
926 3933 1022 3982 Pollux.
1034 3931 1129 3985 Parum
1141 3937 1187 3987 ab·

52 4011 56 4018 ’
132 4001 320 4074 interpretatio.
328 4005 361 4056 Et
369 4005 499 4075 primum,
511 4009 637 4068 attonitus,
683 4008 733 4060 luit
742 4047 750 4070 ‚
760 4009 824 4080 quin
837 4007 902 4060 alter
913 4008 1023 4062 alterurn
1037 4011 1186 4067 conficeret.

133 4100 160 4133 r.
179 4083 245 4150 178,
259 4102 313 4136 non
327 4082 454 4154 significat
474 4083 544 4138 idem
569 4085 640 4157 qnod
684 4095 814 4139 Accessere
828 4088 935 4156 (uersas)
950 4088 1070 4160 (cheul)
1086 4097 1186 4143 tenebris

133 4161 193 4230 gall.
210 4165 312 4222 ltonnb,
327 4162 373 4216 ted
386 4164 520 4236 repentino
533 4165 638 4227 dolore,
675 4169 809 4236 fallacibus
823 4171 873 4218 acti
886 4171 910 4220 in
922 4188 990 4228 sese,
1003 4185 1041 4220 ast
1056 4173 1109 4222 illos
1123 4191 1185 4222 nora

133 4251 258 4312 tanquam
272 4243 326 4294 ictu
337 4241 478 4308 fulmineo,
489 4263 637 4314 percussus.
683 4251 728 4298 tre
743 4251 878 4315 trebiaeque
894 4241 985 4317 frontis
1005 4269 1088 4317 apex,
1110 4250 1185 4302 llam·

245 4341 269 4404 l.
367 4405 368 4408 ,
1018 4346 1054 4408 13
