3246 5112
357 530 399 615 76
466 529 519 593 IN
549 529 637 592 LlB.
663 529 867 597 PRIMUM
897 530 1316 597 ARGONAUTICON

358 639 471 694 Videtur
491 653 570 713 poeta
591 660 735 714 greconam
757 645 946 698 vocabulorum
969 645 1006 698 ita
1029 645 1084 700 rim
1106 643 1255 717 exprimere
1278 645 1420 700 voluisse:

357 721 555 798 Συμπληγάδις,
578 722 762 797 συνδρομάδας,
782 724 909 800 σύνδρομα
924 729 1054 800 πιτράων,
1066 726 1155 799 Apoll.
1175 727 1217 792 Π,
1240 727 1302 791 346.
1322 727 1423 782 ovidio

357 814 448 860 Amor.
462 809 505 872 11,
521 827 567 872 11,
578 810 594 862 3
604 846 612 872 ,
623 824 838 863 concurrentem...
852 825 934 862 carues
946 811 1081 864 dicuutur.
1092 811 1255 883 Quanquam
1266 811 1293 863 in
1303 811 1422 865 enodan-

357 889 399 944 dis
416 901 500 962 poetes
512 889 711 946 difficultatibus
729 893 888 966 precipuum
905 911 1038 946 navavero
1055 911 1183 964 operam,
1196 913 1252 947 non
1267 893 1342 966 potui
1357 894 1422 967 quin

357 969 480 1024 hocloco
493 979 642 1027 rotomum
658 992 767 1042 mmpere
782 973 836 1026 vim
852 986 878 1027 et
890 974 1048 1045 elegantiam
1059 984 1196 1038 notarem,
1209 973 1269 1026 licet
1285 973 1341 1043 jam
1354 972 1425 1026 banc

358 1053 516 1106 locutionem
538 1067 631 1108 contra
651 1055 790 1109 Barthium
806 1055 929 1110 Heinsius
948 1057 1168 1129 Burmannusque
1179 1069 1250 1110 recte
1268 1055 1422 1111 vindicave-

363 1138 433 1202 rint;
452 1155 566 1210 quorum
582 1141 674 1211 prior:
688 1141 867 1212 ιΕΙοςειιιῐετ,
886 1143 938 1202 eit,
955 1141 1121 1213 subjungitur
1136 1142 1302 1214 :flammifero
1323 1145 1424 1194 mudena

363 1225 474 1274 consedit
492 1227 608 1291 Olympo,
626 1222 736 1296 perinde
756 1243 787 1278 ac
805 1225 827 1278 si
844 1224 878 1278 de
899 1237 977 1298 portu
997 1237 1058 1296 post
1070 1235 1205 1296 peractam
1224 1223 1421 1296 navigationem

365 1313 469 1376 agatur,
484 1304 618 1378 quomodo
631 1307 705 1380 apud
722 1307 876 1373 Maronem,
889 1306 994 1362 AEneid.
1006 1309 1066 1372 111,
1079 1328 1107 1361 v.
1122 1309 1171 1379 377
1185 1326 1193 1360 ε

783 1425 837 1482 Quo
848 1424 920 1472 tutior
932 1425 1025 1488 hospita
1036 1426 1120 1472 lustres

576 1495 697 1559 Aliquem,
707 1506 731 1544 st
740 1498 839 1546 ausonio
849 1499 924 1560 possis
934 1499 1056 1547 cumidem
1067 1509 1145 1562 portu.
1161 1521 1175 1541 ι

360 1614 543 1668 Libentissime
552 1615 661 1669 Heinsio
670 1617 851 1690 suffragamur
859 1619 1001 1672 verborum
1012 1617 1067 1672 rim
1077 1635 1108 1670 ac
1115 1615 1246 1670 delectum
1256 1615 1356 1688 optimo
1367 1615 1428 1688 jure

361 1697 499 1764 laudanti3
513 1700 568 1752 imo
586 1711 612 1753 et
629 1700 776 1773 scaligero,
793 1700 840 1774 qui
856 1701 959 1755 tametsi
977 1717 1072 1770 sanum
1085 1711 1238 1771 rectumque
1248 1696 1378 1773 judicium
1392 1695 1428 1749 (le

362 1782 488 1853 poematis
504 1781 626 1848 exordio,
642 1802 658 1836 a
672 1785 759 1856 primo
773 1804 870 1851 versu,
886 1783 1012 1839 mendosa
1024 1785 1137 1838 lectione
1155 1794 1278 1856 turpato,
1289 1785 1358 1836 fem-e
1372 1800 1428 1834 nou

362 1867 464 1937 potuit,
477 1867 548 1921 c'erte
561 1885 702 1921 numerum
717 1880 742 1922 et
755 1868 911 1941 elegantiam
920 1869 1044 1923 laudibus
1057 1869 1164 1922 extulit:
1176 1892 1187 1914 ι
1200 1868 1299 1929 Sonus,
1313 1865 1365 1930 ait,
1376 1865 1427 1918 loc.

362 1949 382 2002 l.
398 1951 522 2004 carminis
534 1953 648 2017 multus,
660 1951 749 2025 etipse
759 1954 850 2006 artilex
860 1973 914 2007 non
924 1953 1039 2024 vulgaris
1050 1971 1078 2016 ις
1089 1964 1113 2005 et
1124 1970 1184 2003 mox
1195 1949 1229 2002 de
1237 1951 1323 2022 primo
1332 1965 1426 2002 versu:

366 2056 378 2078 ι
390 2045 489 2104 septem
505 2033 664 2090 dictionibus
683 2037 795 2108 explevit
810 2055 931 2100 versum,
949 2054 1073 2088 sonorum
1090 2053 1169 2097 sane,
1186 2045 1235 2086 etc.
1247 2059 1260 2079 ι
1271 2034 1327 2086 Cur
1341 2044 1429 2086 autem

363 2115 447 2170 celeb.
458 2117 577 2190 Heyniue
589 2116 624 2171 ad
634 2119 710 2191 Virg.
722 2121 784 2171 AEn.
799 2119 848 2172 lib.
860 2121 889 2182 I,
905 2138 932 2172 v.
944 2125 993 2182 418
1005 2155 1013 2181 ,
1026 2120 1161 2185 corripuere
1171 2119 1241 2166 viam
1252 2119 1360 2176 interea,
1376 2126 1428 2170 etc.

363 2199 410 2252 ubi
422 2199 456 2254 de
473 2203 556 2256 verbo
570 2223 657 2272 rapere
665 2201 786 2267 disserit,
800 2201 889 2255 locum
902 2201 975 2254 huuc
990 2199 1091 2253 Valerii
1104 2199 1361 2263 memoret,neseio;
1373 2201 1432 2270 ejus
1459 2253 1463 2260 ,

369 2284 396 2336 in
410 2297 473 2338 nota
488 2306 597 2355 nampere
614 2285 756 2357 legendum
772 2286 900 2357 suspicor.

403 2417 438 2470 V.
453 2419 506 2473 5-6.
519 2423 545 2471 er·
558 2420 659 2486 &mea
672 2423 731 2472 milti
743 2423 843 2471 conscia
855 2423 968 2472 vatis.—
975 2417 1025 2470 llic
1035 2417 1122 2471 Vatic.
1137 2413 1197 2470 cod.
1207 2419 1264 2490 jam
1277 2415 1371 2468 melior
1383 2415 1433 2468 Bo.

369 2501 507 2563 noniensi,
521 2502 566 2572 qui
587 2501 634 2555 dat
645 2507 758 2566 concica5
778 2521 866 2556 errore
881 2503 1020 2556 manifesto
1030 2540 1037 2566 ,
1048 2521 1079 2555 ex
1092 2520 1170 2554 versu
1189 2498 1348 2574 praecedenti
1362 2510 1431 2552 orto.

369 2588 472 2638 Consua
482 2584 542 2638 Pius
556 2585 740 2658 interpretatur
752 2604 759 2638 :
769 2590 861 2649 divina,
873 2589 1002 2648 caucina,
1015 2605 1070 2654 qua
1080 2589 1144 2636 novit
1155 2589 1253 2636 deorum
1264 2596 1366 2643 secreta,
1373 2600 1432 2654 per·

370 2666 432 2720 inde
446 2686 477 2720 ac
491 2667 513 2720 si
525 2669 645 2723 absolute
657 2682 808 2741 poneretur.
824 2673 927 2722 Conscia
942 2667 976 2722 ad
989 2673 1091 2734 Cymoeoe
1104 2671 1170 2720 vatis
1180 2663 1349 2719 referendum
1358 2676 1434 2737 putat

368 2749 550 2816 Bmmannus3
570 2763 641 2805 reete
656 2751 783 2824 quidem:
797 2751 843 2804 sed
860 2769 918 2824 que
935 2749 1044 2815 laudat,
1061 2750 1125 2804 huic
1143 2749 1203 2802 loco
1215 2768 1311 2820 parum
1329 2748 1431 2812 lacere,

368 2833 434 2887 milri
448 2831 572 2890 videntur
582 2855 589 2900 ;
600 2834 692 2888 malim
706 2833 772 2887 illud
785 2833 886 2887 Tibulli
897 2833 1073 2907 repetivisset,
1086 2833 1161 2904 Eleg.
1173 2833 1206 2896 Ι,
1220 2849 1237 2902 9
1247 2869 1256 2895 ,
1268 2832 1300 2885 3:
1353 2903 1356 2908 ¹

600 2955 649 3000 lleo
662 2950 718 2998 mibi
731 2960 787 2998 sant
796 2960 885 3006 sortes,
899 2965 944 2998 nec
954 2949 1048 2998 conscia
1062 2949 1120 2996 fibra
1134 2949 1240 2998 deorum.

404 3069 457 3114 Stat
468 3077 539 3115 casus
556 3065 651 3114 corana
664 3065 746 3113 domm
759 3091 794 3102 -
804 3060 844 3113 Ex
854 3059 896 3112 his
909 3069 1031 3131 apparet,
1049 3057 1121 3129 quod
1140 3067 1201 3109 ante
1216 3054 1355 3108 Heinsium
1371 3055 1435 3106 Pius

369 3145 609 3209 animadverterat,
624 3143 748 3198 Flaccum
764 3154 884 3196 nostrum
896 3161 981 3195 unum
993 3161 1025 3197 ex
1036 3142 1067 3194 iis
1080 3141 1176 3204 fuisse,
1191 3138 1289 3210 quibus
1298 3137 1436 3210 sibyllino·

369 3249 430 3284 mm
442 3229 591 3284 carminum
609 3245 674 3282 cura
693 3227 831 3280 commissa
848 3227 946 3281 fuerat.
960 3227 1096 3281 Cortiusm
1116 3237 1205 3278 autem
1222 3221 1437 3295 quindecimviris

370 3313 487 3366 muneris
505 3312 608 3384 insigne
628 3310 708 3363 fuisse
726 3321 854 3364 testantur
868 3311 982 3382 plurima
1002 3317 1120 3364 veterum
1137 3308 1295 3378 scriptorum
1315 3307 1391 3367 loca,
1411 3317 1436 3358 et

372 3395 473 3450 nummi
489 3395 624 3468 inquibus
643 3394 724 3465 tripus
734 3431 742 3457 ,
753 3413 800 3447 seu
815 3393 915 3448 cortina
929 3413 991 3447 cum
1002 3391 1127 3464 delphino
1138 3404 1165 3444 et
1177 3409 1258 3446 corvo
1271 3389 1436 3465 exprimitur,

373 3481 464 3536 addita
472 3479 640 3550 inscriptione
651 3495 661 3533 r
671 3479 721 3532 xv
730 3479 791 3530 VIR
801 3479 864 3533 SAC
873 3478 950 3534 Fac.
961 3477 1039 3532 Gonf.
1050 3478 1122 3532 serv.
1134 3474 1169 3529 ad
1177 3476 1254 3546 Virg.
1265 3472 1369 3528 AEneid.
1380 3473 1438 3536 111,

372 3583 422 3636 9²³
439 3565 585 3618 Burmann.
598 3560 634 3615 ad
648 3561 728 3616 Ouid.
744 3563 860 3616 Metam..
875 3563 937 3626 XV,
955 3559 1195 3625 63⁵;Gifsn.1nd.
1207 3560 1234 3612 in
1250 3561 1357 3612 Lucret.
1370 3575 1433 3611 roc.

368 3652 552 3718 praesnr'rgere.
563 3645 701 3710 Tibullus,
712 3646 786 3719 Eleg.
799 3648 846 3711 11,
859 3647 889 3710 5,
900 3663 931 3714 17
941 3683 949 3712 ,
961 3644 997 3699 ud
1009 3643 1180 3698 Messalinum
1189 3681 1197 3707 ,
1207 3641 1235 3694 in
1245 3639 1440 3714 quindecimi-

371 3751 461 3786 rorum
481 3731 619 3803 nodedum
631 3749 718 3804 nuper
731 3729 877 3795 adscitum,
898 3727 978 3783 deum
990 3739 1135 3801 postquam
1145 3725 1208 3780 novi
1221 3723 1305 3796 gratia
1316 3721 1440 3777 mtistitis

375 3814 510 3870 invocavit
521 3852 528 3880 ,
546 3813 637 3868 addit:

588 3939 685 3998 l‘lrorbe,
695 3956 772 3987 sacras
781 3937 933 3986 Messalinum
945 3939 995 3986 sine
1006 3947 1102 3998 tangere
1112 3935 1203 3983 chartm

619 4015 697 4070 rutis,
708 4024 732 4062 et
743 4015 803 4076 ipse,
816 4030 909 4076 precor,
920 4011 980 4074 quid
990 4019 1057 4058 canat
1069 4009 1123 4064 ills,
1134 4023 1212 4054 mone.

299 4177 306 4202 r
374 4125 436 4177 Mox
453 4123 600 4194 gratulatur
614 4122 716 4186 amico,
732 4122 894 4194 triumphum
912 4117 1059 4192 portendit,
1075 4115 1237 4188 spondetque
1254 4132 1281 4166 sc
1299 4113 1369 4165 illius
1383 4129 1432 4164 no·

376 4225 436 4260 men
445 4205 520 4260 brevi
534 4206 744 4260 decantaturam.
757 4205 799 4258 Sic
813 4217 839 4258 et
853 4203 967 4266 Statius,
980 4201 1043 4256 Silv.
1058 4201 1090 4265 I,
1105 4201 1183 4270 ’⁹¹75
1193 4237 1200 4263 ,
1212 4197 1309 4260 stelle,
1326 4213 1440 4248 romano

379 4291 486 4363 juveni,
503 4288 674 4363 prenuntiat,
685 4288 777 4354 illum,
795 4291 899 4342 favente
917 4285 1083 4352 Domitiano,
1097 4283 1242 4356 legitimum
1257 4291 1317 4336 ante
1336 4291 1445 4351 tempus.
