3192 5128
416 487 672 567 PRAEFATIO
703 487 955 558 SECUNDA.
1128 511 1219 558 cxiv

150 617 278 683 diolnni
291 637 371 682 vero
381 615 552 682 maximam
568 617 669 682 etatis
683 631 807 705 partem
819 617 976 706 exegisse,
993 615 1070 682 inde
1081 615 1218 707 colligo,

156 722 252 812 qnod
271 744 347 786 eam
370 721 456 786 dicat
472 723 619 811 patriam
634 744 725 788 suam
741 721 1031 802 subsecundartlzm,
1055 722 1097 788 ad
1115 725 1221 789 Flacci

156 829 217 896 lib.
229 827 294 910 vl,
312 849 358 892 vs.
378 826 449 894 165.
465 827 533 894 Sub
549 829 658 898 Leone
674 828 705 894 X
723 829 835 894 Romae
850 844 1030 911 versatum,
1044 844 1077 892 et
1090 829 1221 918 publice

155 933 370 1016 ibidocuisse,
377 935 472 1000 variis
479 934 577 1016 hujus
584 929 808 1002 commentarii
820 933 900 999 locis
911 932 1095 1022 profitemr3
1104 935 1168 999 rid.
1178 935 1219 1002 ad

17 1111 19 1132 ³
156 1040 214 1106 lib.
229 1041 266 1122 I,
286 1062 332 1106 vs.
350 1063 387 1122 1,
403 1057 436 1105 et
448 1040 527 1121 Vll,
544 1062 590 1106 vs.
609 1039 682 1106 330.
700 1041 810 1106 Jovius
827 1040 955 1104 veroin
972 1039 1085 1129 Elegio
1098 1041 1185 1124 ejus,
1204 1063 1223 1105 a

159 1145 261 1210 Paulo
278 1145 348 1226 111,
366 1145 420 1210 eui
442 1145 604 1212 familiaris
626 1145 847 1229 eliminaret,
869 1146 903 1209 in
927 1145 1050 1210 Urbem
1063 1147 1222 1228 accitum,

157 1251 272 1339 ibique
290 1251 497 1340 octogenario
507 1251 661 1331 majorem
676 1253 711 1316 in
727 1273 863 1318 munere
875 1249 1008 1339 publico
1020 1249 1138 1315 obiisse
1149 1271 1224 1315 nar-

160 1372 224 1438 rat,
240 1377 345 1445 quum
367 1371 461 1424 antee
478 1359 650 1441 bononie,
668 1357 861 1440 Mediolani,
887 1374 920 1422 et
933 1357 1029 1421 Luem
1043 1379 1103 1445 per
1124 1357 1223 1446 quln-

160 1463 314 1550 quaginta
328 1484 431 1530 annoe
440 1463 646 1544 juventutem
657 1464 830 1532 docuisset.
844 1465 971 1546 Quare,
987 1463 1014 1526 si
1032 1457 1103 1552 q'uis
1117 1465 1225 1553 potius

161 1567 221 1632 Pio
233 1566 276 1634 de
292 1589 327 1632 se
342 1569 544 1656 praedicanti,
562 1593 660 1658 quem
676 1570 769 1635 Jovio
792 1569 871 1634 velit
884 1567 981 1634 fidem
1000 1569 1136 1650 habere,
1152 1589 1224 1632 ete-

162 1670 239 1738 dere
253 1671 351 1738 debet
361 1674 456 1742 Pium
468 1675 530 1740 sub
541 1675 704 1744 Hadriano
717 1675 779 1758 VI,
792 1691 849 1740 aut
855 1675 1021 1740 Clemente
1031 1674 1108 1755 VII,
1120 1675 1224 1739 Roma

163 1775 359 1861 discessisse,
373 1780 558 1872 iterumque
571 1805 589 1846 e
605 1782 705 1848 Paulo
722 1796 909 1846 revocatum
924 1780 1034 1846 fnisse.
1047 1779 1225 1846 Academiae

161 1884 397 1948 verohomanae
412 1904 447 1950 ee
459 1907 543 1974 eoepe
558 1887 738 1976 prinoipem
756 1901 789 1950 et
799 1885 1037 1950 moderatorem
1053 1884 1223 1974 praedicet,

164 1986 1226 2081 necdefuisseipsiinvidos,quigemerentetmnssarent3interqoe

163 2093 285 2179 primos
300 2094 361 2158 sibi
378 2095 508 2183 iniquos
522 2112 556 2160 et
574 2097 806 2163 obtrectatores
818 2094 966 2182 ,fandum
982 2095 1150 2184 quemdam
1158 2099 1225 2160 Ar·

163 2197 343 2264 σΙιίιηὺηιυη
356 2200 473 2282 refert3
484 2201 548 2266 vid.
562 2201 603 2266 ad
614 2201 714 2283 lib.l,
727 2199 808 2284 455,
822 2199 903 2284 532,
917 2218 950 2266 et
963 2202 1002 2284 V,
1014 2201 1077 2266 260
1090 2221 1223 2289 :quem,
1273 2251 1282 2270 .

165 2325 268 2390 mum
279 2327 348 2370 oon
360 2306 524 2389 nominet,
537 2322 611 2394 post
621 2307 704 2372 tanti
718 2308 870 2396 temporis
877 2307 1081 2372 intervallum
1094 2303 1224 2370 difficile

166 2407 336 2474 credebam
348 2431 445 2499 posse
460 2434 478 2476 a
492 2435 543 2476 me
559 2413 710 2501 reperiri3
726 2412 783 2478 sed
801 2435 904 2501 quum
922 2413 1004 2478 Iovii
1019 2413 1161 2502 elogium
1175 2410 1225 2475 di·

166 2513 316 2604 ligentius
329 2518 505 2607 exigerem,
524 2535 557 2586 et
571 2518 738 2607 epitheton
755 2519 835 2584 illud
834 2517 967 2606 soedum
978 2517 1225 2607 perpenderem,

168 2621 308 2709 suspicio
324 2622 438 2689 incidit
450 2623 630 2688 admodum
637 2623 835 2706 verisimilis,
849 2625 954 2688 notari
967 2625 1127 2688 Thomam
1135 2625 1226 2688 Plue-

170 2724 277 2808 dmm,
286 2727 392 2792 virum
401 2728 693 2816 eloquentiaelaude
703 2751 742 2792 eo
750 2745 895 2817 tempore
904 2728 1225 2816 insignem,etcnjus

171 2834 369 2898 mentionem
395 2833 530 2900 fecimus
557 2834 591 2898 in
618 2833 806 2922 prefatione
829 2832 871 2896 ad
900 2829 998 2896 Gudii
1027 2848 1060 2895 et
1088 2832 1224 2896 aliorum

171 2939 330 3026 epistolae.
354 2940 417 3006 Hie
434 2942 521 3006 enim
540 2963 643 3029 quum
661 2960 774 3004 verum
797 2955 830 3003 et
852 2939 1015 3002 sincerum
1034 2939 1226 3025 eloquentiae

168 3063 269 3130 genus
288 3061 493 3133 sequeretur,
518 3043 777 3125 affectationem,
803 3059 835 3110 et
863 3043 1070 3131 antiquarum
1098 3043 1226 3108 obsole·
1295 3095 1296 3104 ,

170 3168 344 3241 torumque
362 3175 480 3218 vocum
505 3177 545 3219 err
569 3152 699 3219 rancida
721 3165 877 3218 vetustate
907 3151 1085 3232 delectum,
1110 3136 1143 3214 in
1166 3149 1227 3214 Pio

170 3255 487 3349 serrenonpotemt3
500 3283 618 3349 quare,
637 3276 674 3324 ut
693 3260 762 3340 ejus
785 3259 922 3347 ineptias
946 3257 1145 3340 traduceret,
1171 3277 1229 3344 per

170 3363 327 3452 ingenuos
354 3364 487 3444 juvenes
517 3367 639 3431 fabulas
669 3365 774 3430 Plauti
799 3364 1002 3452 aliorumque
1030 3385 1097 3426 non
1128 3361 1227 3426 modo

170 3466 202 3530 in
227 3467 353 3534 theatro
380 3469 572 3553 exhibebat,
595 3468 653 3536 sed
682 3469 751 3557 ipse
776 3470 936 3534 Oscorum
962 3481 995 3532 et
1014 3466 1229 3556 Aboriginum

170 3593 319 3638 sermone
345 3575 557 3662 conscriptam
581 3598 601 3639 a
629 3597 664 3638 se
690 3575 849 3655 fabulam,
876 3575 909 3637 in
937 3573 986 3638 Pii
1014 3572 1228 3661 opprobrium

169 3678 326 3768 agendam
346 3680 576 3762 histrionibus,
591 3679 755 3769 discipulis
771 3680 856 3762 suis,
884 3677 997 3744 dedit:
1021 3678 1111 3743 hune
1126 3693 1230 3742 certa·

172 3783 228 3848 tim
254 3783 406 3850 laudibus
430 3786 589 3852 extollunt
603 3785 664 3850 viri
689 3786 825 3865 summi,
842 3801 881 3848 ut
906 3785 1044 3848 Bembus
1073 3782 1166 3848 initio
1188 3781 1230 3846 de

171 3891 279 3956 Colice
290 3890 447 3980 ..Virgilii,
472 3913 544 3981 pag.
562 3892 647 3981 778,
671 3893 728 3979 qui
746 3890 918 3978 Pomponii
939 3891 1016 3954 lecti
1037 3905 1228 3954 sectatorem

172 3994 266 4079 dicit3
294 3997 378 4061 Pier.
400 3998 503 4064 Valer.
527 3998 569 4062 ad
589 3999 780 4087 Virgilium,
808 3995 937 4062 AEneid.
961 3997 1044 4077 XII,
1072 3994 1150 4081 1593
1173 4010 1229 4074 et,

173 4102 245 4188 quia
264 4092 386 4168 erat'ex
409 4104 539 4169 Familia
563 4105 776 4192 lnghiramia,
802 4103 919 4168 deinde
942 4105 1007 4168 Leo
1030 4089 1168 4167 Allatius
1188 4097 1229 4164 ad

173 4207 296 4296 Fmgm.
314 4209 439 4276 Etrusc.
455 4233 487 4296 p.
508 4231 585 4296 199,
599 4227 629 4274 et
647 4233 736 4298 seqq.
752 4227 784 4274 et
795 4210 929 4274 Carolus
945 4207 1047 4274 Datus
1067 4207 1107 4270 de
1121 4207 1227 4270 Picto-
