3192 5128
391 486 484 532 extu
693 417 1145 534 ultramuraneum

390 605 487 658 castce
502 607 738 674 tentamentum,
762 593 848 674 labes
861 596 989 680 prima,
1011 597 1113 658 nuens
1133 594 1339 676 inevitabilis5
1358 619 1449 660 uteru

391 710 629 785 ·uennts,q1tum
642 693 822 760 admvetur
831 691 949 784 sti'pudt
956 744 966 776 ,
978 700 1082 785 agnem
1093 695 1264 762 accendens
1268 723 1282 778 ,·
1296 713 1328 763 et
1339 722 1449 764 veram

391 805 577 864 sententium
591 825 653 866 esse
668 801 813 882 Catone,
832 805 860 863 si
873 801 1116 890 absquefimina
1131 803 1265 866 munau
1280 797 1375 885 esset,
1390 827 1449 868 no·

392 911 488 964 strom
503 899 648 990 nonfhre
660 906 724 966 sine
736 903 797 964 diis
814 905 1091 985 conversationem,
1103 920 1136 968 et
1151 903 1269 970 deinde
1284 905 1376 992 plura
1390 905 1449 970 alia

391 1007 535 1070 convicia
549 1009 693 1072 cumulat
706 1008 852 1096 undique
861 1009 994 1073 collecta
1011 1031 1019 1073 τ
1038 1007 1127 1076 addit
1143 1011 1274 1074 maritos
1284 1009 1366 1074 duos
1380 1027 1450 1074 tan-

392 1129 463 1177 tum
480 1113 590 1180 dulces
614 1115 732 1180 habere
748 1115 836 1196 dies,
853 1117 1039 1204 nuptiarum
1056 1133 1089 1180 et
1104 1118 1217 1182 mortis
1233 1119 1359 1198 uxoris3
1377 1141 1450 1205 quae
1480 1137 1483 1143 '

392 1220 550 1284 sententie
575 1222 722 1284 omnium
741 1243 798 1284 ore
815 1221 890 1284 trita
905 1235 964 1292 est.
979 1220 1043 1285 Sed
1066 1221 1134 1284 haec
1153 1221 1194 1286 de
1218 1222 1344 1286 Maserii
1361 1222 1449 1286 doti-

392 1322 471 1404 bus,
490 1324 549 1388 viri
578 1348 692 1414 parum
717 1325 851 1391 eruditis
873 1342 906 1390 et
930 1325 1177 1416 Lexioographis
1204 1329 1341 1417 cogniti,
1355 1327 1449 1392 suffi-

392 1429 500 1511 oiant,
525 1454 597 1518 quae
612 1455 680 1496 non
696 1432 875 1512 injucunda
892 1431 963 1496 iore
979 1433 1058 1514 iliis,
1075 1433 1131 1521 qui
1144 1434 1287 1504 laetoriae
1303 1435 1450 1499 literarite

393 1554 543 1603 recessus.
566 1557 678 1603 omnes
705 1557 774 1600 esse
802 1534 1011 1600 excutiendos
1039 1536 1137 1600 hodie
1164 1556 1313 1619 censent,
1328 1539 1449 1628 putavi.

394 1638 563 1727 Scripsisse
580 1641 677 1705 etiam
694 1641 727 1703 in
751 1640 879 1704 Senecae
902 1640 1071 1730 tragoedias
1086 1640 1221 1718 dicitur,
1240 1643 1373 1730 ejusque
1390 1663 1451 1706 no·

395 1766 470 1810 men
486 1743 519 1807 in
536 1745 643 1812 fronte
663 1746 811 1811 editionis
825 1747 1024 1810 Ascensianae
1049 1745 1130 1812 1513
1150 1747 1285 1836 legitur:
1300 1746 1357 1812 sed
1371 1747 1459 1812 nihil.

394 1849 480 1914 inter
507 1854 756 1922 commentarios
777 1853 831 1916 isti
848 1851 982 1916 editioni
999 1851 1160 1932 adjectum
1179 1853 1220 1916 ab
1242 1875 1282 1916 eo
1300 1869 1451 1918 notarum

395 1957 540 2044 reperio,
558 1959 619 2022 nisi
630 1959 796 2046 epistolam
809 1957 851 2022 ad
861 1958 1053 2046 Dionysium
1069 1957 1110 2021 de
1125 1958 1262 2039 snam,
1279 1973 1311 2022 et
1322 1958 1452 2022 brevem

395 2060 652 2128 dissertationem
664 2063 705 2128 de
718 2064 828 2152 tragici
844 2065 993 2130 carminis
1009 2081 1129 2146 metro,
1147 2079 1179 2126 et
1194 2085 1323 2128 carmen
1339 2064 1455 2128 iambi-

397 2189 471 2230 cum
493 2167 534 2232 ad
558 2168 757 2255 Stephanum
780 2183 814 2230 et
827 2167 1004 2237 Antonium
1020 2167 1198 2255 Lapithaeos
1214 2167 1338 2231 fratres.
1358 2167 1455 2232 Unde

397 2295 465 2335 nnn
481 2287 574 2343 caute
589 2273 662 2336 satis
676 2273 715 2335 cl.
726 2271 924 2353 Fabricium,
942 2272 974 2338 in
992 2272 1217 2360 supplemento
1232 2271 1383 2336 Biblioth.
1399 2273 1456 2336 La·

396 2378 488 2460 tinae,
505 2379 540 2459 1,
560 2402 630 2468 pag.
650 2377 730 2459 526,
750 2379 903 2442 Senecam
920 2400 996 2443 cnm
1019 2379 1146 2444 Maserii
1164 2378 1249 2442 inter
1270 2378 1348 2441 alios
1367 2377 1453 2441 notis

396 2482 570 2570 prodiisse,
581 2481 756 2548 affirmasse
775 2483 914 2573 colligo,
931 2507 1034 2572 quum
1046 2483 1142 2546 nullae
1159 2483 1399 2570 conspiciantur
1417 2482 1452 2546 in

397 2587 554 2670 editione,
571 2612 668 2678 quam
684 2591 878 2657 memoravi:
895 2589 952 2654 sed
964 2590 1140 2680 ingratiam
1155 2588 1244 2654 Badii
1256 2589 1455 2654 recensuisse

396 2695 481 2760 illam
493 2695 669 2760 editionem
678 2696 806 2762 videtur
817 2721 826 2779 3
841 2697 1006 2760 eratenim
1019 2695 1280 2766 familiarissimus
1290 2696 1453 2778 Ascensio,

396 2819 428 2865 et
446 2801 514 2881 ejus
540 2801 650 2866 laudes
677 2825 758 2890 saepe
784 2802 946 2866 celebrat:
967 2824 1077 2866 curam
1095 2801 1164 2882 ejus
1191 2801 1275 2865 circa
1301 2800 1454 2866 Senecam

396 2907 548 2995 praedicat
572 2907 613 2974 ad
628 2908 698 2973 Vel.
720 2907 822 2971 Flacc.
847 2907 879 2988 Ι,
909 2930 989 2987 2023
1012 2908 1114 2982 immo
1144 2928 1178 2970 se
1207 2905 1260 2980 ad¹
1277 2905 1454 2970 doctissimi

398 3013 679 3101 Ascensiiportum
689 3013 792 3092 ,inter
805 3011 1019 3100 navigandum
1028 3012 1173 3100 procellis
1184 3011 1358 3099 agitamm,
1374 3032 1453 3074 con·

396 3119 508 3206 fugere
526 3115 697 3204 profitetur
720 3115 760 3178 ad
785 3116 842 3179 lib.
856 3116 935 3196 VII,
956 3114 1015 3193 541
1039 3115 1204 3182 :vicissim
1228 3117 1404 3198 Ascensius,
1419 3116 1453 3177 iu

399 3222 474 3287 edit.
490 3226 529 3286 A.
542 3222 654 3303 Gellii,
674 3223 711 3284 A.
735 3219 834 3301 1524,
849 3220 970 3284 scholia
987 3220 1021 3282 in
1038 3220 1163 3306 singula
1178 3221 1280 3307 capita
1297 3243 1315 3281 a
1333 3241 1366 3281 se
1386 3218 1453 3282 col·

397 3329 478 3392 lecta
495 3349 562 3390 esse
575 3349 614 3389 ex
626 3323 785 3388 adnotatis
796 3323 914 3413 AEgidii
930 3324 1058 3388 Maserii
1070 3347 1135 3412 pree
1147 3347 1181 3387 se
1193 3325 1271 3407 fert3
1286 3321 1375 3411 quod
1388 3323 1453 3400 jam

398 3431 622 3501 animadvertit
633 3430 795 3519 diligentie
804 3430 922 3512 Crenii,
933 3446 955 3495 t.
963 3431 1024 3493 XV
1031 3429 1179 3494 Animad.
1191 3430 1346 3516 Philolog.
1355 3451 1388 3516 p.
1400 3427 1452 3493 33.

441 3537 490 3602 Ne
512 3557 589 3600 vero
607 3535 729 3623 aliquid
752 3537 912 3624 supersit,
932 3534 1021 3624 quod
1045 3535 1227 3602 vetustioris
1245 3533 1453 3598 Maserioin-

398 3643 545 3731 terpretis
565 3642 781 3730 suspicionem
801 3659 943 3722 moveat,
963 3640 1142 3705 notandum
1164 3657 1226 3720 est,
1240 3640 1283 3714 in
1310 3637 1394 3702 notis
1412 3636 1454 3700 ad

397 3749 561 3812 Valerium
581 3747 709 3812 Maserii
722 3749 892 3836 saepissime
906 3746 1144 3818 emendationes
1162 3742 1306 3810 Sabellici
1317 3741 1469 3830 produci·

398 3872 430 3918 et
448 3853 589 3936 laudari,
608 3878 679 3942 quse
695 3878 734 3918 ex
751 3853 820 3932 ejus
842 3854 1122 3933 adnotationibus,
1147 3851 1230 3938 typis
1251 3848 1453 3914 Ascensianis

400 3961 493 4025 editis
509 3964 549 4024 A.
572 3961 763 4042 1511‚etin
782 3978 871 4024 tomo
885 3961 1000 4024 IFaois
1017 3959 1140 4025 Criticae
1156 3956 1279 4037 relatis,
1293 3953 1352 4019 sed
1363 3955 1454 4018 vitio·

400 4067 523 4131 sissime
545 4067 679 4144 habitis,
695 4068 837 4155 repetitae
853 4083 947 4147 sunt,
964 4066 1038 4128 licet
1057 4062 1210 4151 quasdam
1227 4061 1370 4126 omiserit
1386 4059 1455 4122 Me·

400 4173 519 4253 serius3
533 4171 679 4259 Baptistae
700 4171 794 4234 etiam
812 4169 938 4262 Egnatii
959 4191 997 4236 ex
1007 4167 1287 4238 Racemau'onibus
1299 4188 1367 4253 cap.
1379 4186 1452 4244 xxx,
