<?xml version="1.0" encoding="UTF-8"?>
<!DOCTYPE html PUBLIC "-//W3C//DTD XHTML 1.0 Transitional//EN"
    "http://www.w3.org/TR/xhtml1/DTD/xhtml1-transitional.dtd">
<html xmlns="http://www.w3.org/1999/xhtml" xml:lang="en" lang="en">
 <head>
  <title>
</title>
<meta http-equiv="Content-Type" content="text/html;charset=utf-8" />
  <meta name='ocr-system' content='tesseract 3.04.00' />
  <meta name='ocr-capabilities' content='ocr_page ocr_carea ocr_par ocr_line ocrx_word'/>
</head>
<body>
  <div class='ocr_page' id='page_1' title='image "./cvaleriiflaccis00apolgoog_0102.png"; bbox 0 0 3192 5128; ppageno 0'>
   <div class='ocr_carea' id='block_1_1' title="bbox 0 45 2 722">
    <p class='ocr_par' dir='ltr' id='par_1_1' title="bbox 0 45 2 722">
     <span class='ocr_line' id='line_1_1' title="bbox 0 45 2 722; baseline 0 0"><span class='ocrx_word' id='word_1_1' title='bbox 0 45 2 722; x_wconf 95' lang='lat' dir='ltr'><strong> </strong></span> 
     </span>
    </p>
   </div>
   <div class='ocr_carea' id='block_1_2' title="bbox 0 45 3 1192">
    <p class='ocr_par' dir='ltr' id='par_1_2' title="bbox 0 45 3 1192">
     <span class='ocr_line' id='line_1_2' title="bbox 0 45 3 1192; baseline 0 0"><span class='ocrx_word' id='word_1_2' title='bbox 0 45 3 1192; x_wconf 95' lang='lat' dir='ltr'><strong> </strong></span> 
     </span>
    </p>
   </div>
   <div class='ocr_carea' id='block_1_3' title="bbox 280 509 1201 588">
    <p class='ocr_par' dir='ltr' id='par_1_3' title="bbox 280 509 1201 588">
     <span class='ocr_line' id='line_1_3' title="bbox 280 509 1201 588; baseline 0.004 -8"><span class='ocrx_word' id='word_1_3' title='bbox 280 509 553 580; x_wconf 85' lang='lat' dir='ltr'><strong>EDITIONIS</strong></span> <span class='ocrx_word' id='word_1_4' title='bbox 584 511 1037 584; x_wconf 76' lang='lat' dir='ltr'><strong>RHOTOMAGENSIS.</strong></span> <span class='ocrx_word' id='word_1_5' title='bbox 1144 539 1201 588; x_wconf 84' lang='lat' dir='ltr'><strong>xcr</strong></span> 
     </span>
    </p>
   </div>
   <div class='ocr_carea' id='block_1_4' title="bbox 122 636 1289 4313">
    <p class='ocr_par' dir='ltr' id='par_1_4' title="bbox 122 636 1289 4313">
     <span class='ocr_line' id='line_1_4' title="bbox 122 636 1202 728; baseline 0.006 -24"><span class='ocrx_word' id='word_1_6' title='bbox 122 641 207 704; x_wconf 87' lang='lat' dir='ltr'><strong>tior.</strong></span> <span class='ocrx_word' id='word_1_7' title='bbox 231 636 297 703; x_wconf 86' lang='lat' dir='ltr'><strong>Sed</strong></span> <span class='ocrx_word' id='word_1_8' title='bbox 311 659 417 726; x_wconf 86' lang='lat' dir='ltr'><strong>quum</strong></span> <span class='ocrx_word' id='word_1_9' title='bbox 437 636 608 704; x_wconf 85' lang='lat' dir='ltr'>mollitudo</span> <span class='ocrx_word' id='word_1_10' title='bbox 622 638 790 721; x_wconf 81' lang='lat' dir='ltr'>carminis,</span> <span class='ocrx_word' id='word_1_11' title='bbox 806 663 878 727; x_wconf 74' lang='lat' dir='ltr'><strong>quar</strong></span> <span class='ocrx_word' id='word_1_12' title='bbox 894 642 1014 707; x_wconf 89' lang='lat' dir='ltr'><strong>multos</strong></span> <span class='ocrx_word' id='word_1_13' title='bbox 1030 642 1144 728; x_wconf 85' lang='lat' dir='ltr'><strong>trahit,</strong></span> <span class='ocrx_word' id='word_1_14' title='bbox 1166 647 1202 710; x_wconf 91' lang='lat' dir='ltr'><strong>iu</strong></span> 
     </span>
     <span class='ocr_line' id='line_1_5' title="bbox 123 733 1201 838; baseline 0.006 -28"><span class='ocrx_word' id='word_1_15' title='bbox 123 745 198 811; x_wconf 88' lang='lat' dir='ltr'><strong>boc</strong></span> <span class='ocrx_word' id='word_1_16' title='bbox 210 759 326 834; x_wconf 83' lang='lat' dir='ltr'><strong>poeta,</strong></span> <span class='ocrx_word' id='word_1_17' title='bbox 336 745 410 808; x_wconf 87' lang='lat' dir='ltr'><strong>licet</strong></span> <span class='ocrx_word' id='word_1_18' title='bbox 424 743 613 832; x_wconf 83' lang='lat' dir='ltr'><strong>ingenioso,</strong></span> <span class='ocrx_word' id='word_1_19' title='bbox 631 744 824 833; x_wconf 82' lang='lat' dir='ltr'><strong>plerumque</strong></span> <span class='ocrx_word' id='word_1_20' title='bbox 840 733 1051 832; x_wconf 84' lang='lat' dir='ltr'><strong>desideretur,</strong></span> <span class='ocrx_word' id='word_1_21' title='bbox 1065 748 1107 831; x_wconf 91' lang='lat' dir='ltr'><strong>ii,</strong></span> <span class='ocrx_word' id='word_1_22' title='bbox 1118 772 1201 838; x_wconf 88' lang='lat' dir='ltr'><strong>quos</strong></span> 
     </span>
     <span class='ocr_line' id='line_1_6' title="bbox 124 847 1201 944; baseline 0.005 -28"><span class='ocrx_word' id='word_1_23' title='bbox 124 851 265 916; x_wconf 86' lang='lat' dir='ltr'><strong>aurium</strong></span> <span class='ocrx_word' id='word_1_24' title='bbox 284 848 432 938; x_wconf 89' lang='lat' dir='ltr'><strong>capiebat</strong></span> <span class='ocrx_word' id='word_1_25' title='bbox 446 848 624 938; x_wconf 90' lang='lat' dir='ltr'><strong>superbum</strong></span> <span class='ocrx_word' id='word_1_26' title='bbox 643 847 724 914; x_wconf 92' lang='lat' dir='ltr'><strong>illud</strong></span> <span class='ocrx_word' id='word_1_27' title='bbox 746 865 780 914; x_wconf 87' lang='lat' dir='ltr'><strong>et</strong></span> <span class='ocrx_word' id='word_1_28' title='bbox 794 865 877 916; x_wconf 88' lang='lat' dir='ltr'><strong>teres</strong></span> <span class='ocrx_word' id='word_1_29' title='bbox 897 851 1075 938; x_wconf 90' lang='lat' dir='ltr'><strong>judicium,</strong></span> <span class='ocrx_word' id='word_1_30' title='bbox 1092 877 1201 944; x_wconf 87' lang='lat' dir='ltr'><strong>asper·</strong></span> 
     </span>
     <span class='ocr_line' id='line_1_7' title="bbox 127 953 1200 1040; baseline 0.006 -18"><span class='ocrx_word' id='word_1_31' title='bbox 127 956 316 1024; x_wconf 85' lang='lat' dir='ltr'><strong>nabantur:</strong></span> <span class='ocrx_word' id='word_1_32' title='bbox 332 953 504 1020; x_wconf 89' lang='lat' dir='ltr'><strong>difficultas</strong></span> <span class='ocrx_word' id='word_1_33' title='bbox 529 976 569 1018; x_wconf 83' lang='lat' dir='ltr'><strong>ex</strong></span> <span class='ocrx_word' id='word_1_34' title='bbox 591 955 772 1020; x_wconf 87' lang='lat' dir='ltr'>innumeris</span> <span class='ocrx_word' id='word_1_35' title='bbox 785 957 992 1040; x_wconf 84' lang='lat' dir='ltr'><strong>vulneribus,</strong></span> <span class='ocrx_word' id='word_1_36' title='bbox 1014 974 1047 1024; x_wconf 85' lang='lat' dir='ltr'><strong>et</strong></span> <span class='ocrx_word' id='word_1_37' title='bbox 1073 960 1200 1028; x_wconf 88' lang='lat' dir='ltr'><strong>mendis</strong></span> 
     </span>
     <span class='ocr_line' id='line_1_8' title="bbox 129 1057 1200 1152; baseline 0.004 -25"><span class='ocrx_word' id='word_1_38' title='bbox 129 1077 231 1144; x_wconf 89' lang='lat' dir='ltr'><strong>nata,</strong></span> <span class='ocrx_word' id='word_1_39' title='bbox 245 1059 403 1149; x_wconf 73' lang='lat' dir='ltr'><strong>aequiores</strong></span> <span class='ocrx_word' id='word_1_40' title='bbox 415 1059 541 1124; x_wconf 84' lang='lat' dir='ltr'><strong>animos</strong></span> <span class='ocrx_word' id='word_1_41' title='bbox 557 1057 749 1126; x_wconf 90' lang='lat' dir='ltr'><strong>deterrebat.</strong></span> <span class='ocrx_word' id='word_1_42' title='bbox 763 1061 848 1126; x_wconf 88' lang='lat' dir='ltr'><strong>Hinc</strong></span> <span class='ocrx_word' id='word_1_43' title='bbox 868 1063 977 1149; x_wconf 90' lang='lat' dir='ltr'><strong>plures</strong></span> <span class='ocrx_word' id='word_1_44' title='bbox 996 1065 1200 1152; x_wconf 81' lang='lat' dir='ltr'><strong>asperitatem</strong></span> 
     </span>
     <span class='ocr_line' id='line_1_9' title="bbox 132 1164 1200 1253; baseline 0.003 -20"><span class='ocrx_word' id='word_1_45' title='bbox 132 1166 286 1233; x_wconf 88' lang='lat' dir='ltr'><strong>dictionis</strong></span> <span class='ocrx_word' id='word_1_46' title='bbox 300 1164 475 1231; x_wconf 84' lang='lat' dir='ltr'><strong>divinando</strong></span> <span class='ocrx_word' id='word_1_47' title='bbox 485 1165 594 1253; x_wconf 88' lang='lat' dir='ltr'><strong>potius</strong></span> <span class='ocrx_word' id='word_1_48' title='bbox 604 1212 613 1248; x_wconf 92' lang='lat'><strong>,</strong></span> <span class='ocrx_word' id='word_1_49' title='bbox 624 1187 723 1253; x_wconf 81' lang='lat' dir='ltr'><strong>qumn</strong></span> <span class='ocrx_word' id='word_1_50' title='bbox 735 1188 830 1253; x_wconf 77' lang='lat' dir='ltr'><strong>aequo</strong></span> <span class='ocrx_word' id='word_1_51' title='bbox 843 1167 911 1230; x_wconf 89' lang='lat' dir='ltr'><strong>ullo</strong></span> <span class='ocrx_word' id='word_1_52' title='bbox 919 1166 1060 1252; x_wconf 88' lang='lat' dir='ltr'><strong>judicic,</strong></span> <span class='ocrx_word' id='word_1_53' title='bbox 1074 1171 1200 1236; x_wconf 88' lang='lat' dir='ltr'><strong>mollire</strong></span> 
     </span>
     <span class='ocr_line' id='line_1_10' title="bbox 134 1269 1199 1362; baseline 0.003 -23"><span class='ocrx_word' id='word_1_54' title='bbox 134 1289 374 1362; x_wconf 75' lang='lat' dir='ltr'><strong>attemperare,</strong></span> <span class='ocrx_word' id='word_1_55' title='bbox 394 1287 426 1335; x_wconf 91' lang='lat' dir='ltr'><strong>et</strong></span> <span class='ocrx_word' id='word_1_56' title='bbox 441 1269 585 1336; x_wconf 84' lang='lat' dir='ltr'><strong>delectus</strong></span> <span class='ocrx_word' id='word_1_57' title='bbox 600 1272 751 1361; x_wconf 85' lang='lat' dir='ltr'><strong>supplere</strong></span> <span class='ocrx_word' id='word_1_58' title='bbox 767 1272 835 1341; x_wconf 77' lang='lat' dir='ltr'><strong>nixi</strong></span> <span class='ocrx_word' id='word_1_59' title='bbox 849 1289 936 1338; x_wconf 89' lang='lat' dir='ltr'><strong>suut.</strong></span> <span class='ocrx_word' id='word_1_60' title='bbox 954 1274 1105 1358; x_wconf 89' lang='lat' dir='ltr'><strong>Quorum</strong></span> <span class='ocrx_word' id='word_1_61' title='bbox 1119 1299 1199 1342; x_wconf 90' lang='lat' dir='ltr'><strong>con·</strong></span> 
     </span>
     <span class='ocr_line' id='line_1_11' title="bbox 132 1376 1200 1470; baseline 0.002 -24"><span class='ocrx_word' id='word_1_62' title='bbox 132 1380 273 1462; x_wconf 75' lang='lat' dir='ltr'><strong>iecturas</strong></span> <span class='ocrx_word' id='word_1_63' title='bbox 286 1376 470 1444; x_wconf 83' lang='lat' dir='ltr'><strong>Ludovicus</strong></span> <span class='ocrx_word' id='word_1_64' title='bbox 488 1377 620 1442; x_wconf 88' lang='lat' dir='ltr'><strong>Carrion</strong></span> <span class='ocrx_word' id='word_1_65' title='bbox 638 1378 673 1441; x_wconf 91' lang='lat' dir='ltr'><strong>in</strong></span> <span class='ocrx_word' id='word_1_66' title='bbox 689 1393 782 1442; x_wconf 83' lang='lat' dir='ltr'><strong>notas</strong></span> <span class='ocrx_word' id='word_1_67' title='bbox 800 1378 977 1469; x_wconf 78' lang='lat' dir='ltr'><strong>congessit3</strong></span> <span class='ocrx_word' id='word_1_68' title='bbox 994 1379 1113 1468; x_wconf 87' lang='lat' dir='ltr'><strong>quibus</strong></span> <span class='ocrx_word' id='word_1_69' title='bbox 1132 1383 1200 1470; x_wconf 87' lang='lat' dir='ltr'><strong>ipse</strong></span> 
     </span>
     <span class='ocr_line' id='line_1_12' title="bbox 136 1479 1200 1574; baseline 0.002 -25"><span class='ocrx_word' id='word_1_70' title='bbox 136 1481 296 1574; x_wconf 86' lang='lat' dir='ltr'><strong>prudente</strong></span> <span class='ocrx_word' id='word_1_71' title='bbox 315 1480 475 1547; x_wconf 85' lang='lat' dir='ltr'><strong>industria</strong></span> <span class='ocrx_word' id='word_1_72' title='bbox 495 1479 620 1546; x_wconf 83' lang='lat' dir='ltr'><strong>addidit</strong></span> <span class='ocrx_word' id='word_1_73' title='bbox 638 1482 795 1547; x_wconf 88' lang='lat' dir='ltr'><strong>meliores.</strong></span> <span class='ocrx_word' id='word_1_74' title='bbox 817 1482 944 1548; x_wconf 87' lang='lat' dir='ltr'><strong>Horum</strong></span> <span class='ocrx_word' id='word_1_75' title='bbox 967 1507 1027 1550; x_wconf 90' lang='lat' dir='ltr'><strong>nos</strong></span> <span class='ocrx_word' id='word_1_76' title='bbox 1051 1486 1200 1552; x_wconf 91' lang='lat' dir='ltr'><strong>omnium</strong></span> 
     </span>
     <span class='ocr_line' id='line_1_13' title="bbox 136 1585 1198 1679; baseline 0.001 -24"><span class='ocrx_word' id='word_1_77' title='bbox 136 1590 236 1654; x_wconf 82' lang='lat' dir='ltr'><strong>varias</strong></span> <span class='ocrx_word' id='word_1_78' title='bbox 251 1588 405 1654; x_wconf 83' lang='lat' dir='ltr'><strong>lectiones</strong></span> <span class='ocrx_word' id='word_1_79' title='bbox 422 1585 533 1676; x_wconf 86' lang='lat' dir='ltr'><strong>(quod</strong></span> <span class='ocrx_word' id='word_1_80' title='bbox 552 1587 588 1650; x_wconf 93' lang='lat' dir='ltr'><strong>in</strong></span> <span class='ocrx_word' id='word_1_81' title='bbox 604 1585 757 1652; x_wconf 89' lang='lat' dir='ltr'><strong>omnibus</strong></span> <span class='ocrx_word' id='word_1_82' title='bbox 770 1587 837 1668; x_wconf 90' lang='lat' dir='ltr'><strong>jam</strong></span> <span class='ocrx_word' id='word_1_83' title='bbox 853 1587 921 1653; x_wconf 86' lang='lat' dir='ltr'><strong>fere</strong></span> <span class='ocrx_word' id='word_1_84' title='bbox 936 1587 1040 1679; x_wconf 90' lang='lat' dir='ltr'><strong>poetis</strong></span> <span class='ocrx_word' id='word_1_85' title='bbox 1056 1589 1198 1679; x_wconf 86' lang='lat' dir='ltr'><strong>lactum)</strong></span> 
     </span>
     <span class='ocr_line' id='line_1_14' title="bbox 136 1691 1287 1784; baseline 0.003 -23"><span class='ocrx_word' id='word_1_86' title='bbox 136 1719 199 1761; x_wconf 80' lang='lat' dir='ltr'><strong>orae</strong></span> <span class='ocrx_word' id='word_1_87' title='bbox 209 1695 284 1760; x_wconf 90' lang='lat' dir='ltr'><strong>libri</strong></span> <span class='ocrx_word' id='word_1_88' title='bbox 296 1717 354 1760; x_wconf 88' lang='lat' dir='ltr'><strong>sen</strong></span> <span class='ocrx_word' id='word_1_89' title='bbox 366 1693 503 1784; x_wconf 82' lang='lat' dir='ltr'><strong>margini</strong></span> <span class='ocrx_word' id='word_1_90' title='bbox 515 1691 690 1774; x_wconf 89' lang='lat' dir='ltr'><strong>adjecimus</strong></span> <span class='ocrx_word' id='word_1_91' title='bbox 702 1715 711 1759; x_wconf 79' lang='lat' dir='ltr'><strong><em>z</em></strong></span> <span class='ocrx_word' id='word_1_92' title='bbox 730 1709 871 1772; x_wconf 86' lang='lat' dir='ltr'><strong>nostras,</strong></span> <span class='ocrx_word' id='word_1_93' title='bbox 887 1717 956 1759; x_wconf 92' lang='lat' dir='ltr'><strong>non</strong></span> <span class='ocrx_word' id='word_1_94' title='bbox 967 1718 1058 1779; x_wconf 90' lang='lat' dir='ltr'><strong>raro,</strong></span> <span class='ocrx_word' id='word_1_95' title='bbox 1073 1695 1200 1764; x_wconf 90' lang='lat' dir='ltr'><strong>addidi·</strong></span> <span class='ocrx_word' id='word_1_96' title='bbox 1283 1726 1287 1732; x_wconf 56' lang='lat'><strong>⁴</strong></span> 
     </span>
     <span class='ocr_line' id='line_1_15' title="bbox 135 1798 1198 1891; baseline 0.002 -25"><span class='ocrx_word' id='word_1_97' title='bbox 135 1823 226 1884; x_wconf 90' lang='lat' dir='ltr'><strong>mus;</strong></span> <span class='ocrx_word' id='word_1_98' title='bbox 241 1824 314 1891; x_wconf 79' lang='lat' dir='ltr'><strong>qum</strong></span> <span class='ocrx_word' id='word_1_99' title='bbox 330 1815 421 1866; x_wconf 85' lang='lat' dir='ltr'><strong>erant</strong></span> <span class='ocrx_word' id='word_1_100' title='bbox 436 1799 471 1864; x_wconf 89' lang='lat' dir='ltr'><strong>iu</strong></span> <span class='ocrx_word' id='word_1_101' title='bbox 489 1798 754 1866; x_wconf 76' lang='lat' dir='ltr'><strong>annotationibus</strong></span> <span class='ocrx_word' id='word_1_102' title='bbox 776 1799 902 1888; x_wconf 77' lang='lat' dir='ltr'><strong>(qrmlia</strong></span> <span class='ocrx_word' id='word_1_103' title='bbox 925 1801 1045 1890; x_wconf 91' lang='lat' dir='ltr'><strong>multa)</strong></span> <span class='ocrx_word' id='word_1_104' title='bbox 1071 1802 1198 1886; x_wconf 88' lang='lat' dir='ltr'><strong>inania,</strong></span> 
     </span>
     <span class='ocr_line' id='line_1_16' title="bbox 134 1905 1198 1997; baseline 0 -25"><span class='ocrx_word' id='word_1_105' title='bbox 134 1907 263 1997; x_wconf 80' lang='lat' dir='ltr'><strong>peuims</strong></span> <span class='ocrx_word' id='word_1_106' title='bbox 274 1905 510 1996; x_wconf 78' lang='lat' dir='ltr'><strong>expunximus3</strong></span> <span class='ocrx_word' id='word_1_107' title='bbox 527 1920 659 1970; x_wconf 85' lang='lat' dir='ltr'><strong>eatenus</strong></span> <span class='ocrx_word' id='word_1_108' title='bbox 673 1920 708 1970; x_wconf 92' lang='lat' dir='ltr'><strong>et</strong></span> <span class='ocrx_word' id='word_1_109' title='bbox 724 1905 842 1970; x_wconf 71' lang='lat' dir='ltr'><strong>chartae</strong></span> <span class='ocrx_word' id='word_1_110' title='bbox 854 1921 888 1970; x_wconf 91' lang='lat' dir='ltr'><strong>et</strong></span> <span class='ocrx_word' id='word_1_111' title='bbox 901 1906 1066 1994; x_wconf 84' lang='lat' dir='ltr'><strong>sumptui,</strong></span> <span class='ocrx_word' id='word_1_112' title='bbox 1083 1907 1151 1988; x_wconf 86' lang='lat' dir='ltr'><strong>jam</strong></span> <span class='ocrx_word' id='word_1_113' title='bbox 1163 1909 1198 1972; x_wconf 90' lang='lat' dir='ltr'><strong>in</strong></span> 
     </span>
     <span class='ocr_line' id='line_1_17' title="bbox 136 2011 1199 2101; baseline -0.001 -22"><span class='ocrx_word' id='word_1_114' title='bbox 136 2011 281 2080; x_wconf 87' lang='lat' dir='ltr'><strong>emendis</strong></span> <span class='ocrx_word' id='word_1_115' title='bbox 304 2011 393 2077; x_wconf 86' lang='lat' dir='ltr'><strong>libris</strong></span> <span class='ocrx_word' id='word_1_116' title='bbox 415 2013 591 2094; x_wconf 88' lang='lat' dir='ltr'><strong>immenso,</strong></span> <span class='ocrx_word' id='word_1_117' title='bbox 607 2027 786 2101; x_wconf 84' lang='lat' dir='ltr'><strong>parcentes.</strong></span> <span class='ocrx_word' id='word_1_118' title='bbox 808 2011 1038 2077; x_wconf 88' lang='lat' dir='ltr'><strong>Procliviorem</strong></span> <span class='ocrx_word' id='word_1_119' title='bbox 1058 2011 1136 2078; x_wconf 87' lang='lat' dir='ltr'><strong>lecit</strong></span> <span class='ocrx_word' id='word_1_120' title='bbox 1157 2014 1199 2078; x_wconf 91' lang='lat' dir='ltr'><strong>ad</strong></span> 
     </span>
     <span class='ocr_line' id='line_1_18' title="bbox 135 2113 1198 2204; baseline 0 -22"><span class='ocrx_word' id='word_1_121' title='bbox 135 2117 197 2182; x_wconf 89' lang='lat' dir='ltr'><strong>boc</strong></span> <span class='ocrx_word' id='word_1_122' title='bbox 209 2113 374 2200; x_wconf 87' lang='lat' dir='ltr'><strong>studium,</strong></span> <span class='ocrx_word' id='word_1_123' title='bbox 392 2138 452 2204; x_wconf 88' lang='lat' dir='ltr'><strong>par</strong></span> <span class='ocrx_word' id='word_1_124' title='bbox 466 2115 557 2204; x_wconf 87' lang='lat' dir='ltr'><strong>quasi</strong></span> <span class='ocrx_word' id='word_1_125' title='bbox 575 2138 651 2180; x_wconf 91' lang='lat' dir='ltr'><strong>cum</strong></span> <span class='ocrx_word' id='word_1_126' title='bbox 668 2130 765 2204; x_wconf 87' lang='lat' dir='ltr'><strong>poeta</strong></span> <span class='ocrx_word' id='word_1_127' title='bbox 779 2115 939 2180; x_wconf 86' lang='lat' dir='ltr'><strong>voluntas.</strong></span> <span class='ocrx_word' id='word_1_128' title='bbox 961 2115 1060 2181; x_wconf 90' lang='lat' dir='ltr'><strong>Hunc</strong></span> <span class='ocrx_word' id='word_1_129' title='bbox 1076 2115 1198 2183; x_wconf 90' lang='lat' dir='ltr'><strong>lorensi</strong></span> 
     </span>
     <span class='ocr_line' id='line_1_19' title="bbox 135 2219 1198 2311; baseline 0.001 -24"><span class='ocrx_word' id='word_1_130' title='bbox 135 2222 287 2311; x_wconf 81' lang='lat' dir='ltr'><strong>strepitu,</strong></span> <span class='ocrx_word' id='word_1_131' title='bbox 300 2221 353 2286; x_wconf 91' lang='lat' dir='ltr'><strong>cui</strong></span> <span class='ocrx_word' id='word_1_132' title='bbox 368 2243 402 2285; x_wconf 91' lang='lat' dir='ltr'><strong>se</strong></span> <span class='ocrx_word' id='word_1_133' title='bbox 417 2221 590 2303; x_wconf 82' lang='lat' dir='ltr'><strong>locaverat,</strong></span> <span class='ocrx_word' id='word_1_134' title='bbox 605 2219 798 2285; x_wconf 88' lang='lat' dir='ltr'><strong>humaniora</strong></span> <span class='ocrx_word' id='word_1_135' title='bbox 811 2219 879 2284; x_wconf 87' lang='lat' dir='ltr'><strong>haec</strong></span> <span class='ocrx_word' id='word_1_136' title='bbox 894 2220 1020 2303; x_wconf 86' lang='lat' dir='ltr'><strong>studia,</strong></span> <span class='ocrx_word' id='word_1_137' title='bbox 1033 2237 1066 2286; x_wconf 87' lang='lat' dir='ltr'><strong>et</strong></span> <span class='ocrx_word' id='word_1_138' title='bbox 1080 2222 1198 2288; x_wconf 76' lang='lat' dir='ltr'><strong>strictae</strong></span> 
     </span>
     <span class='ocr_line' id='line_1_20' title="bbox 135 2313 1198 2416; baseline -0.001 -22"><span class='ocrx_word' id='word_1_139' title='bbox 135 2329 290 2394; x_wconf 90' lang='lat' dir='ltr'><strong>orationis</strong></span> <span class='ocrx_word' id='word_1_140' title='bbox 304 2349 408 2410; x_wconf 91' lang='lat' dir='ltr'><strong>amor,</strong></span> <span class='ocrx_word' id='word_1_141' title='bbox 424 2327 516 2392; x_wconf 90' lang='lat' dir='ltr'><strong>tenui</strong></span> <span class='ocrx_word' id='word_1_142' title='bbox 531 2327 606 2391; x_wconf 89' lang='lat' dir='ltr'><strong>licet</strong></span> <span class='ocrx_word' id='word_1_143' title='bbox 625 2327 830 2391; x_wconf 84' lang='lat' dir='ltr'><strong>fortunarum</strong></span> <span class='ocrx_word' id='word_1_144' title='bbox 847 2313 1008 2409; x_wconf 80' lang='lat' dir='ltr'><strong>subsidio,</strong></span> <span class='ocrx_word' id='word_1_145' title='bbox 1024 2349 1108 2416; x_wconf 87' lang='lat' dir='ltr'><strong>saepe</strong></span> <span class='ocrx_word' id='word_1_146' title='bbox 1122 2351 1198 2394; x_wconf 84' lang='lat' dir='ltr'><strong>avo·</strong></span> 
     </span>
     <span class='ocr_line' id='line_1_21' title="bbox 134 2429 1197 2520; baseline -0.001 -21"><span class='ocrx_word' id='word_1_147' title='bbox 134 2433 225 2499; x_wconf 81' lang='lat' dir='ltr'><strong>cavit.</strong></span> <span class='ocrx_word' id='word_1_148' title='bbox 243 2431 306 2498; x_wconf 82' lang='lat' dir='ltr'><strong>llic</strong></span> <span class='ocrx_word' id='word_1_149' title='bbox 320 2453 373 2496; x_wconf 88' lang='lat' dir='ltr'><strong>me</strong></span> <span class='ocrx_word' id='word_1_150' title='bbox 386 2431 472 2496; x_wconf 89' lang='lat' dir='ltr'><strong>idem</strong></span> <span class='ocrx_word' id='word_1_151' title='bbox 485 2429 616 2520; x_wconf 81' lang='lat' dir='ltr'><strong>genius,</strong></span> <span class='ocrx_word' id='word_1_152' title='bbox 636 2431 670 2495; x_wconf 91' lang='lat' dir='ltr'><strong>in</strong></span> <span class='ocrx_word' id='word_1_153' title='bbox 688 2431 756 2519; x_wconf 90' lang='lat' dir='ltr'><strong>pari</strong></span> <span class='ocrx_word' id='word_1_154' title='bbox 770 2433 902 2495; x_wconf 89' lang='lat' dir='ltr'><strong>fortuna</strong></span> <span class='ocrx_word' id='word_1_155' title='bbox 916 2431 956 2496; x_wconf 90' lang='lat' dir='ltr'><strong>ab</strong></span> <span class='ocrx_word' id='word_1_156' title='bbox 970 2431 1091 2498; x_wconf 86' lang='lat' dir='ltr'><strong>eisdem</strong></span> <span class='ocrx_word' id='word_1_157' title='bbox 1105 2431 1197 2498; x_wconf 89' lang='lat' dir='ltr'><strong>labo·</strong></span> 
     </span>
     <span class='ocr_line' id='line_1_22' title="bbox 135 2535 1198 2626; baseline 0 -24"><span class='ocrx_word' id='word_1_158' title='bbox 135 2538 222 2604; x_wconf 88' lang='lat' dir='ltr'><strong>ribus</strong></span> <span class='ocrx_word' id='word_1_159' title='bbox 248 2536 290 2602; x_wconf 92' lang='lat' dir='ltr'><strong>ad</strong></span> <span class='ocrx_word' id='word_1_160' title='bbox 317 2537 527 2602; x_wconf 87' lang='lat' dir='ltr'><strong>amoeniorem</strong></span> <span class='ocrx_word' id='word_1_161' title='bbox 549 2559 673 2601; x_wconf 89' lang='lat' dir='ltr'><strong>musam</strong></span> <span class='ocrx_word' id='word_1_162' title='bbox 699 2535 849 2602; x_wconf 85' lang='lat' dir='ltr'><strong>traducit.</strong></span> <span class='ocrx_word' id='word_1_163' title='bbox 872 2537 964 2602; x_wconf 90' lang='lat' dir='ltr'><strong>Hane</strong></span> <span class='ocrx_word' id='word_1_164' title='bbox 990 2538 1127 2626; x_wconf 85' lang='lat' dir='ltr'><strong>opellam</strong></span> <span class='ocrx_word' id='word_1_165' title='bbox 1152 2537 1198 2604; x_wconf 87' lang='lat' dir='ltr'><strong>sic</strong></span> 
     </span>
     <span class='ocr_line' id='line_1_23' title="bbox 134 2641 1198 2734; baseline -0.002 -25"><span class='ocrx_word' id='word_1_166' title='bbox 134 2659 316 2734; x_wconf 79' lang='lat' dir='ltr'><strong>susceptam</strong></span> <span class='ocrx_word' id='word_1_167' title='bbox 332 2643 407 2725; x_wconf 86' lang='lat' dir='ltr'><strong>tibi,</strong></span> <span class='ocrx_word' id='word_1_168' title='bbox 423 2666 452 2708; x_wconf 86' lang='lat' dir='ltr'><strong>v.</strong></span> <span class='ocrx_word' id='word_1_169' title='bbox 467 2643 508 2707; x_wconf 91' lang='lat' dir='ltr'><strong>cl.</strong></span> <span class='ocrx_word' id='word_1_170' title='bbox 521 2690 531 2724; x_wconf 93' lang='lat'><strong>,</strong></span> <span class='ocrx_word' id='word_1_171' title='bbox 545 2642 578 2706; x_wconf 91' lang='lat' dir='ltr'><strong>in</strong></span> <span class='ocrx_word' id='word_1_172' title='bbox 595 2642 715 2730; x_wconf 87' lang='lat' dir='ltr'><strong>dispari</strong></span> <span class='ocrx_word' id='word_1_173' title='bbox 735 2657 768 2706; x_wconf 89' lang='lat' dir='ltr'><strong>et</strong></span> <span class='ocrx_word' id='word_1_174' title='bbox 788 2641 922 2705; x_wconf 88' lang='lat' dir='ltr'><strong>feliciori</strong></span> <span class='ocrx_word' id='word_1_175' title='bbox 940 2641 1073 2706; x_wconf 83' lang='lat' dir='ltr'><strong>fortuna</strong></span> <span class='ocrx_word' id='word_1_176' title='bbox 1091 2643 1198 2708; x_wconf 90' lang='lat' dir='ltr'><strong>consi·</strong></span> 
     </span>
     <span class='ocr_line' id='line_1_24' title="bbox 134 2745 1198 2838; baseline -0.002 -24"><span class='ocrx_word' id='word_1_177' title='bbox 134 2749 202 2814; x_wconf 90' lang='lat' dir='ltr'><strong>mili</strong></span> <span class='ocrx_word' id='word_1_178' title='bbox 224 2766 334 2815; x_wconf 88' lang='lat' dir='ltr'><strong>tamen</strong></span> <span class='ocrx_word' id='word_1_179' title='bbox 358 2745 467 2812; x_wconf 89' lang='lat' dir='ltr'><strong>studio</strong></span> <span class='ocrx_word' id='word_1_180' title='bbox 488 2745 637 2828; x_wconf 90' lang='lat' dir='ltr'><strong>addicto,</strong></span> <span class='ocrx_word' id='word_1_181' title='bbox 657 2745 736 2816; x_wconf 73' lang='lat' dir='ltr'><strong>«lico¹</strong></span> <span class='ocrx_word' id='word_1_182' title='bbox 748 2762 780 2810; x_wconf 91' lang='lat' dir='ltr'><strong>et</strong></span> <span class='ocrx_word' id='word_1_183' title='bbox 797 2768 888 2809; x_wconf 84' lang='lat' dir='ltr'><strong>sacro</strong></span> <span class='ocrx_word' id='word_1_184' title='bbox 904 2769 918 2838; x_wconf 85' lang='lat'><strong>:¹</strong></span> <span class='ocrx_word' id='word_1_185' title='bbox 936 2769 1010 2811; x_wconf 91' lang='lat' dir='ltr'><strong>nam</strong></span> <span class='ocrx_word' id='word_1_186' title='bbox 1033 2767 1072 2810; x_wconf 85' lang='lat' dir='ltr'><strong>ex</strong></span> <span class='ocrx_word' id='word_1_187' title='bbox 1092 2746 1198 2812; x_wconf 86' lang='lat' dir='ltr'><strong>media</strong></span> 
     </span>
     <span class='ocr_line' id='line_1_25' title="bbox 134 2847 1289 2941; baseline -0.003 -23"><span class='ocrx_word' id='word_1_188' title='bbox 134 2853 335 2936; x_wconf 81' lang='lat' dir='ltr'><strong>divitiarum,</strong></span> <span class='ocrx_word' id='word_1_189' title='bbox 359 2853 479 2941; x_wconf 88' lang='lat' dir='ltr'><strong>quibus</strong></span> <span class='ocrx_word' id='word_1_190' title='bbox 510 2851 551 2916; x_wconf 89' lang='lat' dir='ltr'><strong>ad</strong></span> <span class='ocrx_word' id='word_1_191' title='bbox 572 2852 645 2915; x_wconf 76' lang='lat' dir='ltr'><strong>vitre</strong></span> <span class='ocrx_word' id='word_1_192' title='bbox 672 2873 769 2932; x_wconf 82' lang='lat' dir='ltr'><strong>usus,</strong></span> <span class='ocrx_word' id='word_1_193' title='bbox 793 2851 895 2914; x_wconf 92' lang='lat' dir='ltr'><strong>immo</strong></span> <span class='ocrx_word' id='word_1_194' title='bbox 920 2847 962 2914; x_wconf 89' lang='lat' dir='ltr'><strong>ad</strong></span> <span class='ocrx_word' id='word_1_195' title='bbox 987 2850 1197 2938; x_wconf 86' lang='lat' dir='ltr'><strong>perfruendas</strong></span> <span class='ocrx_word' id='word_1_196' title='bbox 1285 2861 1289 2870; x_wconf 93' lang='lat'>&#39;</span> 
     </span>
     <span class='ocr_line' id='line_1_26' title="bbox 134 2954 1199 3046; baseline -0.004 -22"><span class='ocrx_word' id='word_1_197' title='bbox 134 2961 227 3024; x_wconf 79' lang='lat' dir='ltr'><strong>etiam</strong></span> <span class='ocrx_word' id='word_1_198' title='bbox 246 2959 286 3046; x_wconf 89' lang='lat' dir='ltr'><strong>(si</strong></span> <span class='ocrx_word' id='word_1_199' title='bbox 302 2957 345 3024; x_wconf 89' lang='lat' dir='ltr'><strong>ad</strong></span> <span class='ocrx_word' id='word_1_200' title='bbox 362 2981 414 3022; x_wconf 84' lang='lat' dir='ltr'><strong>eas</strong></span> <span class='ocrx_word' id='word_1_201' title='bbox 428 2973 523 3022; x_wconf 89' lang='lat' dir='ltr'><strong>natus</strong></span> <span class='ocrx_word' id='word_1_202' title='bbox 544 2957 643 3044; x_wconf 88' lang='lat' dir='ltr'><strong>esses)</strong></span> <span class='ocrx_word' id='word_1_203' title='bbox 658 2957 855 3044; x_wconf 83' lang='lat' dir='ltr'><strong>voluptates,</strong></span> <span class='ocrx_word' id='word_1_204' title='bbox 872 2954 1018 3020; x_wconf 89' lang='lat' dir='ltr'><strong>abundas</strong></span> <span class='ocrx_word' id='word_1_205' title='bbox 1036 2957 1144 3045; x_wconf 90' lang='lat' dir='ltr'><strong>copia,</strong></span> <span class='ocrx_word' id='word_1_206' title='bbox 1166 2973 1199 3020; x_wconf 91' lang='lat' dir='ltr'><strong>et</strong></span> 
     </span>
     <span class='ocr_line' id='line_1_27' title="bbox 135 3060 1197 3152; baseline -0.005 -22"><span class='ocrx_word' id='word_1_207' title='bbox 135 3087 226 3147; x_wconf 90' lang='lat' dir='ltr'><strong>cura,</strong></span> <span class='ocrx_word' id='word_1_208' title='bbox 242 3065 323 3129; x_wconf 86' lang='lat' dir='ltr'><strong>seria</strong></span> <span class='ocrx_word' id='word_1_209' title='bbox 338 3063 526 3152; x_wconf 84' lang='lat' dir='ltr'><strong>frequenter</strong></span> <span class='ocrx_word' id='word_1_210' title='bbox 537 3061 606 3126; x_wconf 84' lang='lat' dir='ltr'><strong>haec</strong></span> <span class='ocrx_word' id='word_1_211' title='bbox 618 3060 724 3127; x_wconf 90' lang='lat' dir='ltr'><strong>studia</strong></span> <span class='ocrx_word' id='word_1_212' title='bbox 735 3062 934 3148; x_wconf 82' lang='lat' dir='ltr'><strong>suscipiunt3</strong></span> <span class='ocrx_word' id='word_1_213' title='bbox 950 3076 983 3125; x_wconf 88' lang='lat' dir='ltr'><strong>et</strong></span> <span class='ocrx_word' id='word_1_214' title='bbox 997 3083 1016 3123; x_wconf 87' lang='lat' dir='ltr'><strong>a</strong></span> <span class='ocrx_word' id='word_1_215' title='bbox 1029 3061 1197 3150; x_wconf 82' lang='lat' dir='ltr'><strong>magistm·</strong></span> 
     </span>
     <span class='ocr_line' id='line_1_28' title="bbox 137 3156 1198 3256; baseline -0.003 -22"><span class='ocrx_word' id='word_1_216' title='bbox 137 3186 188 3234; x_wconf 85' lang='lat' dir='ltr'><strong>tus</strong></span> <span class='ocrx_word' id='word_1_217' title='bbox 212 3170 399 3250; x_wconf 66' lang='lat' dir='ltr'><strong>lunatim,</strong></span> <span class='ocrx_word' id='word_1_218' title='bbox 423 3190 521 3256; x_wconf 89' lang='lat' dir='ltr'><strong>quam</strong></span> <span class='ocrx_word' id='word_1_219' title='bbox 543 3156 762 3231; x_wconf 79' lang='lat' dir='ltr'><strong>latidatissime</strong></span> <span class='ocrx_word' id='word_1_220' title='bbox 791 3166 946 3248; x_wconf 87' lang='lat' dir='ltr'><strong>sustines,</strong></span> <span class='ocrx_word' id='word_1_221' title='bbox 970 3187 1038 3229; x_wconf 93' lang='lat' dir='ltr'><strong>non</strong></span> <span class='ocrx_word' id='word_1_222' title='bbox 1063 3187 1136 3230; x_wconf 89' lang='lat' dir='ltr'><strong>raro</strong></span> <span class='ocrx_word' id='word_1_223' title='bbox 1165 3181 1198 3231; x_wconf 88' lang='lat' dir='ltr'><strong>te</strong></span> 
     </span>
     <span class='ocr_line' id='line_1_29' title="bbox 135 3271 1196 3361; baseline -0.004 -21"><span class='ocrx_word' id='word_1_224' title='bbox 135 3271 238 3342; x_wconf 85' lang='lat' dir='ltr'><strong>lenior</strong></span> <span class='ocrx_word' id='word_1_225' title='bbox 249 3277 320 3341; x_wconf 84' lang='lat' dir='ltr'><strong>haec</strong></span> <span class='ocrx_word' id='word_1_226' title='bbox 335 3275 430 3340; x_wconf 84' lang='lat' dir='ltr'><strong>Musa</strong></span> <span class='ocrx_word' id='word_1_227' title='bbox 447 3287 583 3338; x_wconf 82' lang='lat' dir='ltr'><strong>revocat.</strong></span> <span class='ocrx_word' id='word_1_228' title='bbox 598 3271 766 3338; x_wconf 82' lang='lat' dir='ltr'><strong>Accedunt</strong></span> <span class='ocrx_word' id='word_1_229' title='bbox 784 3273 877 3361; x_wconf 89' lang='lat' dir='ltr'><strong>plura</strong></span> <span class='ocrx_word' id='word_1_230' title='bbox 893 3288 948 3336; x_wconf 90' lang='lat' dir='ltr'><strong>tua</strong></span> <span class='ocrx_word' id='word_1_231' title='bbox 967 3271 1099 3336; x_wconf 88' lang='lat' dir='ltr'><strong>merita:</strong></span> <span class='ocrx_word' id='word_1_232' title='bbox 1120 3295 1196 3336; x_wconf 89' lang='lat' dir='ltr'><strong>nam</strong></span> 
     </span>
     <span class='ocr_line' id='line_1_30' title="bbox 136 3377 1198 3471; baseline -0.004 -24"><span class='ocrx_word' id='word_1_233' title='bbox 136 3406 204 3471; x_wconf 73' lang='lat' dir='ltr'><strong>qnae</strong></span> <span class='ocrx_word' id='word_1_234' title='bbox 219 3381 344 3447; x_wconf 80' lang='lat' dir='ltr'><strong>civibus</strong></span> <span class='ocrx_word' id='word_1_235' title='bbox 357 3403 469 3446; x_wconf 88' lang='lat' dir='ltr'><strong>carum</strong></span> <span class='ocrx_word' id='word_1_236' title='bbox 484 3377 591 3444; x_wconf 84' lang='lat' dir='ltr'><strong>officia</strong></span> <span class='ocrx_word' id='word_1_237' title='bbox 610 3377 767 3460; x_wconf 88' lang='lat' dir='ltr'><strong>reddant,</strong></span> <span class='ocrx_word' id='word_1_238' title='bbox 791 3379 825 3442; x_wconf 91' lang='lat' dir='ltr'><strong>in</strong></span> <span class='ocrx_word' id='word_1_239' title='bbox 848 3378 975 3445; x_wconf 85' lang='lat' dir='ltr'><strong>civitate</strong></span> <span class='ocrx_word' id='word_1_240' title='bbox 999 3393 1055 3442; x_wconf 89' lang='lat' dir='ltr'><strong>tua</strong></span> <span class='ocrx_word' id='word_1_241' title='bbox 1080 3400 1138 3466; x_wconf 91' lang='lat' dir='ltr'><strong>per</strong></span> <span class='ocrx_word' id='word_1_242' title='bbox 1165 3394 1198 3443; x_wconf 91' lang='lat' dir='ltr'><strong>te</strong></span> 
     </span>
     <span class='ocr_line' id='line_1_31' title="bbox 135 3483 1198 3579; baseline -0.005 -27"><span class='ocrx_word' id='word_1_243' title='bbox 135 3505 221 3579; x_wconf 79' lang='lat' dir='ltr'><strong>gesta</strong></span> <span class='ocrx_word' id='word_1_244' title='bbox 235 3488 417 3576; x_wconf 89' lang='lat' dir='ltr'><strong>loquuntur</strong></span> <span class='ocrx_word' id='word_1_245' title='bbox 429 3510 438 3568; x_wconf 90' lang='lat'>;</span> <span class='ocrx_word' id='word_1_246' title='bbox 459 3485 587 3574; x_wconf 79' lang='lat' dir='ltr'><strong>patriae,</strong></span> <span class='ocrx_word' id='word_1_247' title='bbox 610 3507 682 3573; x_wconf 82' lang='lat' dir='ltr'><strong>qnae</strong></span> <span class='ocrx_word' id='word_1_248' title='bbox 696 3485 730 3548; x_wconf 92' lang='lat' dir='ltr'><strong>in</strong></span> <span class='ocrx_word' id='word_1_249' title='bbox 748 3485 830 3549; x_wconf 84' lang='lat' dir='ltr'><strong>alrna</strong></span> <span class='ocrx_word' id='word_1_250' title='bbox 844 3484 926 3548; x_wconf 90' lang='lat' dir='ltr'><strong>urbe</strong></span> <span class='ocrx_word' id='word_1_251' title='bbox 940 3499 1087 3572; x_wconf 89' lang='lat' dir='ltr'><strong>suscepta</strong></span> <span class='ocrx_word' id='word_1_252' title='bbox 1100 3499 1134 3548; x_wconf 91' lang='lat' dir='ltr'><strong>et</strong></span> <span class='ocrx_word' id='word_1_253' title='bbox 1149 3483 1198 3547; x_wconf 85' lang='lat' dir='ltr'><strong>el·</strong></span> 
     </span>
     <span class='ocr_line' id='line_1_32' title="bbox 135 3587 1200 3681; baseline -0.006 -22"><span class='ocrx_word' id='word_1_254' title='bbox 135 3595 230 3678; x_wconf 85' lang='lat' dir='ltr'><strong>lecta,</strong></span> <span class='ocrx_word' id='word_1_255' title='bbox 258 3610 292 3658; x_wconf 87' lang='lat' dir='ltr'><strong>et</strong></span> <span class='ocrx_word' id='word_1_256' title='bbox 317 3615 389 3681; x_wconf 79' lang='lat' dir='ltr'><strong>quae</strong></span> <span class='ocrx_word' id='word_1_257' title='bbox 413 3591 559 3681; x_wconf 91' lang='lat' dir='ltr'><strong>quotidie</strong></span> <span class='ocrx_word' id='word_1_258' title='bbox 586 3589 674 3679; x_wconf 90' lang='lat' dir='ltr'><strong>apud</strong></span> <span class='ocrx_word' id='word_1_259' title='bbox 697 3591 816 3654; x_wconf 80' lang='lat' dir='ltr'><strong>vicinas</strong></span> <span class='ocrx_word' id='word_1_260' title='bbox 840 3589 1019 3678; x_wconf 89' lang='lat' dir='ltr'><strong>provincias</strong></span> <span class='ocrx_word' id='word_1_261' title='bbox 1043 3587 1143 3670; x_wconf 88' lang='lat' dir='ltr'><strong>liunt,</strong></span> <span class='ocrx_word' id='word_1_262' title='bbox 1167 3603 1200 3653; x_wconf 90' lang='lat' dir='ltr'><strong>et</strong></span> 
     </span>
     <span class='ocr_line' id='line_1_33' title="bbox 135 3695 1197 3790; baseline -0.006 -24"><span class='ocrx_word' id='word_1_263' title='bbox 135 3725 222 3790; x_wconf 77' lang='lat' dir='ltr'><strong>quse,</strong></span> <span class='ocrx_word' id='word_1_264' title='bbox 236 3699 424 3790; x_wconf 88' lang='lat' dir='ltr'><strong>procellosis</strong></span> <span class='ocrx_word' id='word_1_265' title='bbox 439 3699 578 3763; x_wconf 82' lang='lat' dir='ltr'><strong>maxime</strong></span> <span class='ocrx_word' id='word_1_266' title='bbox 592 3696 808 3786; x_wconf 87' lang='lat' dir='ltr'><strong>temporibus,</strong></span> <span class='ocrx_word' id='word_1_267' title='bbox 824 3697 907 3761; x_wconf 85' lang='lat' dir='ltr'><strong>facta</strong></span> <span class='ocrx_word' id='word_1_268' title='bbox 925 3712 1020 3778; x_wconf 88' lang='lat' dir='ltr'><strong>sunt,</strong></span> <span class='ocrx_word' id='word_1_269' title='bbox 1037 3711 1115 3760; x_wconf 89' lang='lat' dir='ltr'><strong>nota</strong></span> <span class='ocrx_word' id='word_1_270' title='bbox 1130 3695 1197 3776; x_wconf 91' lang='lat' dir='ltr'><strong>jam</strong></span> 
     </span>
     <span class='ocr_line' id='line_1_34' title="bbox 134 3800 1197 3895; baseline -0.008 -25"><span class='ocrx_word' id='word_1_271' title='bbox 134 3809 219 3872; x_wconf 83' lang='lat' dir='ltr'><strong>satis.</strong></span> <span class='ocrx_word' id='word_1_272' title='bbox 233 3809 273 3872; x_wconf 90' lang='lat' dir='ltr'><strong>ln</strong></span> <span class='ocrx_word' id='word_1_273' title='bbox 291 3829 344 3872; x_wconf 90' lang='lat' dir='ltr'><strong>me</strong></span> <span class='ocrx_word' id='word_1_274' title='bbox 364 3822 421 3869; x_wconf 87' lang='lat' dir='ltr'><strong>tua</strong></span> <span class='ocrx_word' id='word_1_275' title='bbox 435 3805 558 3895; x_wconf 85' lang='lat' dir='ltr'><strong>privata</strong></span> <span class='ocrx_word' id='word_1_276' title='bbox 577 3803 819 3884; x_wconf 84' lang='lat' dir='ltr'><strong>benevolentia,</strong></span> <span class='ocrx_word' id='word_1_277' title='bbox 846 3800 981 3866; x_wconf 87' lang='lat' dir='ltr'><strong>tacenda</strong></span> <span class='ocrx_word' id='word_1_278' title='bbox 999 3801 1107 3889; x_wconf 91' lang='lat' dir='ltr'><strong>potius</strong></span> <span class='ocrx_word' id='word_1_279' title='bbox 1132 3816 1197 3881; x_wconf 85' lang='lat' dir='ltr'><strong>est,</strong></span> 
     </span>
     <span class='ocr_line' id='line_1_35' title="bbox 135 3903 1197 4000; baseline -0.009 -24"><span class='ocrx_word' id='word_1_280' title='bbox 135 3935 231 4000; x_wconf 87' lang='lat' dir='ltr'><strong>quam</strong></span> <span class='ocrx_word' id='word_1_281' title='bbox 252 3911 364 4000; x_wconf 90' lang='lat' dir='ltr'><strong>paucis</strong></span> <span class='ocrx_word' id='word_1_282' title='bbox 391 3909 559 3974; x_wconf 86' lang='lat' dir='ltr'><strong>narranda.</strong></span> <span class='ocrx_word' id='word_1_283' title='bbox 587 3909 705 3996; x_wconf 86' lang='lat' dir='ltr'><strong>Accipe</strong></span> <span class='ocrx_word' id='word_1_284' title='bbox 728 3930 806 3997; x_wconf 85' lang='lat' dir='ltr'><strong>ergo</strong></span> <span class='ocrx_word' id='word_1_285' title='bbox 830 3905 1086 3970; x_wconf 83' lang='lat' dir='ltr'><strong>meridiationem</strong></span> <span class='ocrx_word' id='word_1_286' title='bbox 1112 3903 1197 3967; x_wconf 88' lang='lat' dir='ltr'><strong>hanc</strong></span> 
     </span>
     <span class='ocr_line' id='line_1_36' title="bbox 133 4010 1198 4096; baseline -0.009 -15"><span class='ocrx_word' id='word_1_287' title='bbox 133 4019 195 4081; x_wconf 90' lang='lat' dir='ltr'><strong>sub</strong></span> <span class='ocrx_word' id='word_1_288' title='bbox 225 4017 369 4081; x_wconf 83' lang='lat' dir='ltr'><strong>canicula</strong></span> <span class='ocrx_word' id='word_1_289' title='bbox 398 4015 524 4096; x_wconf 89' lang='lat' dir='ltr'><strong>datam,</strong></span> <span class='ocrx_word' id='word_1_290' title='bbox 546 4013 623 4095; x_wconf 85' lang='lat' dir='ltr'><strong>tibi,</strong></span> <span class='ocrx_word' id='word_1_291' title='bbox 648 4013 733 4093; x_wconf 88' lang='lat' dir='ltr'><strong>scio,</strong></span> <span class='ocrx_word' id='word_1_292' title='bbox 753 4010 953 4094; x_wconf 73' lang='lat' dir='ltr'><strong>jucundam,</strong></span> <span class='ocrx_word' id='word_1_293' title='bbox 979 4010 1086 4077; x_wconf 82' lang='lat' dir='ltr'><strong>liberis</strong></span> <span class='ocrx_word' id='word_1_294' title='bbox 1115 4011 1198 4090; x_wconf 91' lang='lat' dir='ltr'><strong>tuis,</strong></span> 
     </span>
     <span class='ocr_line' id='line_1_37' title="bbox 134 4114 1195 4210; baseline -0.008 -25"><span class='ocrx_word' id='word_1_295' title='bbox 134 4146 216 4210; x_wconf 85' lang='lat' dir='ltr'><strong>quos</strong></span> <span class='ocrx_word' id='word_1_296' title='bbox 231 4123 265 4186; x_wconf 93' lang='lat' dir='ltr'><strong>in</strong></span> <span class='ocrx_word' id='word_1_297' title='bbox 283 4121 401 4186; x_wconf 88' lang='lat' dir='ltr'><strong>scliolis</strong></span> <span class='ocrx_word' id='word_1_298' title='bbox 419 4121 592 4186; x_wconf 89' lang='lat' dir='ltr'><strong>liberaliter</strong></span> <span class='ocrx_word' id='word_1_299' title='bbox 607 4118 715 4183; x_wconf 89' lang='lat' dir='ltr'><strong>adhuc</strong></span> <span class='ocrx_word' id='word_1_300' title='bbox 730 4119 804 4196; x_wconf 88' lang='lat' dir='ltr'><strong>alis,</strong></span> <span class='ocrx_word' id='word_1_301' title='bbox 818 4118 1020 4206; x_wconf 86' lang='lat' dir='ltr'><strong>aliquatenus</strong></span> <span class='ocrx_word' id='word_1_302' title='bbox 1034 4114 1117 4179; x_wconf 80' lang='lat' dir='ltr'><strong>forte</strong></span> <span class='ocrx_word' id='word_1_303' title='bbox 1129 4114 1195 4177; x_wconf 89' lang='lat' dir='ltr'><strong>uti·</strong></span> 
     </span>
     <span class='ocr_line' id='line_1_38' title="bbox 133 4221 1041 4313; baseline -0.006 -22"><span class='ocrx_word' id='word_1_304' title='bbox 133 4229 216 4292; x_wconf 87' lang='lat' dir='ltr'><strong>lem:</strong></span> <span class='ocrx_word' id='word_1_305' title='bbox 235 4245 267 4294; x_wconf 90' lang='lat' dir='ltr'><strong>et</strong></span> <span class='ocrx_word' id='word_1_306' title='bbox 285 4227 334 4294; x_wconf 91' lang='lat' dir='ltr'><strong>uti</strong></span> <span class='ocrx_word' id='word_1_307' title='bbox 350 4243 517 4294; x_wconf 86' lang='lat' dir='ltr'><strong>auctorem</strong></span> <span class='ocrx_word' id='word_1_308' title='bbox 532 4227 624 4309; x_wconf 84' lang='lat' dir='ltr'><strong>lacis,</strong></span> <span class='ocrx_word' id='word_1_309' title='bbox 642 4223 788 4290; x_wconf 86' lang='lat' dir='ltr'><strong>eamdem</strong></span> <span class='ocrx_word' id='word_1_310' title='bbox 801 4241 944 4313; x_wconf 82' lang='lat' dir='ltr'><strong>protege.</strong></span> <span class='ocrx_word' id='word_1_311' title='bbox 953 4221 1041 4289; x_wconf 88' lang='lat' dir='ltr'><strong>Vale.</strong></span> 
     </span>
    </p>
   </div>
   <div class='ocr_carea' id='block_1_5' title="bbox 1061 4323 1102 4411">
    <p class='ocr_par' dir='ltr' id='par_1_5' title="bbox 1061 4323 1102 4411">
     <span class='ocr_line' id='line_1_39' title="bbox 1061 4323 1102 4411; baseline 0 0"><span class='ocrx_word' id='word_1_312' title='bbox 1061 4323 1102 4411; x_wconf 93' lang='lat' dir='ltr'><strong>s·</strong></span> 
     </span>
    </p>
   </div>
   <div class='ocr_carea' id='block_1_6' title="bbox 0 0 1600 5128">
    <p class='ocr_par' dir='ltr' id='par_1_6' title="bbox 0 0 1600 5128">
     <span class='ocr_line' id='line_1_40' title="bbox 0 0 1600 5128; baseline 0 0"><span class='ocrx_word' id='word_1_313' title='bbox 0 0 1600 5128; x_wconf 95' lang='lat' dir='ltr'><strong> </strong></span> 
     </span>
    </p>
   </div>
  </div>
 </body>
</html>
