3122 5126
388 519 460 564 xxx
795 494 1050 564 PRAEFATIO

385 649 526 704 cornua,
535 627 639 708 jactus
650 627 792 716 ignium,
803 625 873 715 jugi
885 637 1091 714 contemptus
1101 673 1111 708 ,
1123 625 1313 692 humilitatis
1324 627 1456 710 horror,

385 733 597 822 pertinaxque
614 729 736 820 pedum
758 729 985 812 immobilitas,
1005 730 1097 811 cujus
1119 729 1329 795 acrimoniam
1354 732 1455 797 etiam

383 861 446 927 pro
462 837 546 902 virili
561 836 695 901 velitans
713 851 852 922 nequeat
865 835 1020 918 sufferre3
1038 836 1131 916 cujus
1150 833 1295 919 flamma,
1311 859 1455 901 cornua·

385 966 450 1032 que
465 943 522 1032 qui
535 941 688 1023 senserit,
699 941 804 1005 victus
817 941 920 1019 jaceat
938 963 1108 1005 necessum
1127 957 1185 1006 est.
1198 942 1243 1006 At
1254 965 1332 1007 vero
1346 965 1454 1031 quum

383 1049 469 1114 illius
486 1047 630 1113 succedit
642 1047 800 1134 potentia,
814 1069 912 1135 quam
924 1047 1007 1110 Solis
1019 1045 1136 1126 filiam,
1147 1048 1249 1112 immo
1258 1063 1291 1113 et
1302 1065 1453 1130 matrem,

383 1154 536 1236 dicimus,
561 1151 759 1241 subjugum
779 1151 854 1216 licet
875 1151 1027 1216 obnitens
1048 1152 1199 1218 mittitur.
1223 1153 1293 1218 Nec
1316 1155 1362 1218 sic
1386 1177 1454 1242 ope

383 1259 491 1324 divina
505 1257 706 1347 perdomitus
724 1257 878 1346 quiescit;
902 1257 960 1322 sed
974 1257 1015 1322 ad
1032 1257 1140 1323 solitas
1156 1273 1239 1322 artes
1256 1280 1452 1341 conversus,

381 1387 485 1454 quum
503 1381 652 1445 tumore,
669 1379 702 1428 et
717 1385 879 1427 cornuum
894 1362 1032 1428 elatione
1047 1361 1161 1428 obesse
1176 1364 1373 1451 nequiverit,
1386 1365 1453 1430 hu·

382 1469 527 1534 militatis
548 1483 706 1558 praetextu
724 1467 852 1532 admitti
873 1468 1034 1556 quaeritat3
1049 1469 1106 1556 qui
1122 1468 1256 1555 perinde
1266 1491 1304 1534 ac
1326 1468 1366 1534 dc
1386 1493 1451 1534 no-

381 1598 423 1639 ro
439 1591 531 1639 terrae
545 1575 636 1638 sulco
653 1571 808 1661 paulatim
826 1571 981 1655 eductus,
994 1575 1138 1661 primum
1154 1575 1341 1664 negligitur,
1356 1575 1451 1656 cujus

381 1680 525 1764 technae,
536 1680 599 1743 nisi
610 1679 644 1742 in
658 1695 805 1766 tempore
819 1693 1017 1761 occurratur,
1025 1679 1089 1759 jam
1102 1679 1215 1745 fratres
1224 1681 1450 1746 Acheronteos

380 1810 399 1849 e
415 1802 518 1851 terrea
534 1785 644 1875 gleba,
661 1801 718 1848 aut
738 1784 861 1848 intimis
882 1801 974 1850 terrae
990 1785 1167 1850 visceribus
1189 1786 1309 1850 auxilio
1331 1787 1451 1850 senties

380 1892 574 1956 advocatos:
593 1907 663 1954 tum
680 1890 756 1954 totis
775 1888 915 1979 insurgit
930 1892 1067 1978 campis,
1082 1892 1173 1980 signa
1189 1892 1355 1956 horrentia
1372 1914 1452 1956 con·

379 1997 472 2080 citat,
491 1997 608 2078 insilit,
625 1996 778 2075 minatur,
794 2017 912 2083 pugnae
927 1996 1141 2082 imparitatem
1152 1998 1325 2085 proponit,
1343 1996 1451 2061 vibrat

380 2102 568 2180 commissa,
590 2122 674 2163 nora
694 2098 830 2162 molitur
845 2099 981 2179 scelera,
998 2099 1214 2164 minutissima
1231 2099 1387 2190 adauget,
1410 2123 1450 2165 ac

379 2206 565 2296 gravissima
582 2205 709 2269 fortiter
725 2203 896 2284 eballistat,
915 2219 948 2268 et
966 2205 1088 2270 vortice
1106 2208 1266 2271 malorum
1282 2206 1447 2294 frequenti

378 2311 563 2376 involutum
586 2309 700 2397 saepius
725 2311 759 2372 in
779 2307 1012 2398 desperationis
1029 2312 1189 2401 gurgitem
1206 2311 1386 2400 protrahit,
1414 2325 1450 2376 et

378 2438 460 2480 saevc
476 2416 688 2506 harpagatum
702 2436 770 2477 non
792 2415 869 2478 sinit
883 2416 1042 2487 extricari.
1066 2418 1104 2480 ln
1126 2418 1189 2482 hoc
1211 2439 1316 2506 agone
1338 2417 1449 2480 novis·

378 2521 462 2585 simo
474 2519 583 2584 videas
599 2542 696 2608 quam
716 2520 874 2610 plurimos
891 2537 1005 2594 nautas
1022 2520 1072 2584 sui
1089 2520 1251 2602 oblivisci,
1267 2521 1387 2609 quibus
1401 2521 1449 2609 (si

376 2623 746 2711 tandemsucoumbunt)
754 2625 974 2714 nihilantiqua
982 2626 1084 2689 virtus
1091 2625 1239 2690 athletice
1248 2643 1447 2708 conservata,

376 2732 459 2796 nihil
471 2731 573 2796 multa
588 2730 636 2794 rei
653 2730 800 2812 nautieae,
818 2754 882 2818 qua
898 2732 1035 2820 longum
1052 2731 1202 2796 occalluit
1217 2753 1344 2814 manus,
1357 2755 1449 2823 expe·

374 2838 491 2902 rientia
517 2835 668 2925 prodest,
695 2851 728 2899 et
750 2836 932 2901 dexteritas.
959 2837 1084 2901 Multus
1105 2837 1151 2900 ibi
1175 2853 1307 2921 tremor,
1332 2855 1448 2928 stupor

374 2945 573 3022 immensus,
590 2941 760 3029 pharetras
781 2943 1065 3028 respectatxinanes
1090 2957 1123 3005 et
1150 2943 1299 3009 inutilem
1325 2944 1446 3008 olavam

375 3050 542 3115 Hercules.
567 3048 701 3110 Frustra
718 3046 844 3134 generis
867 3061 901 3109 et
924 3045 1051 3110 familiae
1067 3047 1198 3135 Ulysses
1217 3049 1445 3114 reminiscitur.

373 3155 579 3221 Beatissimos
594 3151 828 3239 putatAEneas,
838 3151 959 3238 quibus
971 3165 1046 3216 anta
1056 3175 1115 3215 ora
1122 3168 1254 3242 patrum
1264 3153 1326 3218 sub
1338 3156 1445 3243 primo

373 3261 447 3326 vitae
465 3257 627 3323 curriculo
651 3255 763 3321 datum
782 3273 830 3321 est
846 3272 997 3346 oppetere.
1024 3258 1132 3339 Quam
1156 3261 1252 3324 vellet
1274 3276 1403 3343 nauta,¹
1418 3262 1446 3326 si

374 3365 516 3444 darmur,
531 3384 665 3428 cursum
687 3377 850 3445 retexere,
869 3385 970 3450 quem
983 3362 1177 3452 prudentius
1193 3364 1380 3452 perficeret!
1400 3367 1444 3430 Ut

371 3470 440 3536 voti
456 3485 565 3534 tamen
587 3484 754 3556 compotes
771 3484 905 3555 portum
921 3468 1056 3557 ingrcssi
1079 3491 1155 3532 cum
1176 3471 1292 3534 Iasone
1310 3471 1444 3559 praemio

373 3575 546 3655 donemur,
566 3572 726 3638 utendum
745 3589 794 3637 est
811 3574 893 3639 Solis
912 3573 983 3638 filiae
999 3575 1146 3640 connlio.
1165 3577 1336 3642 Cristatam
1353 3578 1443 3642 enim

373 3682 497 3772 galeam
512 3680 539 3744 si
555 3680 589 3743 in
607 3679 752 3744 hostium
774 3679 963 3760 conjicimus
982 3681 1145 3764 medium,
1163 3682 1273 3752 salutis
1290 3683 1377 3771 galea
1401 3682 1443 3747 ad

373 3781 623 3875 expugnandam
640 3783 827 3853 daemonum
848 3800 1041 3872 potestatem
1054 3785 1181 3868 induti,
1201 3785 1286 3854 cedit
1305 3804 1458 3866 coriatus⁴

371 3890 497 3971 omnis,
521 3905 715 3978 reteguntur
732 3889 875 3973 insidiae,
895 3907 928 3957 et
952 3892 1041 3958 unde
1066 3891 1187 3979 prodiit
1213 3893 1314 3956 infera
1338 3893 1441 3983 legio,

371 3995 534 4064 exinanita
556 3994 713 4062 defertur.
735 3997 806 4061 Nec
824 3997 873 4064 bis
888 4020 1022 4087 pessum
1042 3999 1159 4062 missus
1178 3998 1261 4062 vires
1283 3999 1441 4084 remittit,

370 4102 428 4169 sed
446 4116 613 4189 resumpta
634 4100 749 4165 dolose
770 4103 896 4191 antiqui
914 4103 1071 4191 serpentis
1087 4104 1226 4170 cuticula
1244 4106 1348 4194 surgit
1358 4106 1440 4196 vigi·

370 4209 500 4290 lantior,
516 4206 672 4273 Actania
682 4205 833 4293 scandens
853 4207 962 4289 sibila,
981 4208 1115 4278 Martios
1138 4207 1250 4277 dentes
1276 4209 1438 4287 cribrans,
