3198 5106
409 545 668 616 PRAEFATIO
700 545 948 618 SECUNDA.
1130 567 1213 616 ctxr

141 677 222 741 lonis
241 675 300 740 has
319 691 384 742 tres
401 674 561 742 editiones
579 675 761 766 discrepare
782 673 1025 764 deprehendet,
1048 692 1082 740 et
1098 697 1213 742 ornnes

141 784 209 848 fere
229 780 407 864 lectiones,
433 804 515 870 quae
544 783 680 848 Carrion
709 804 750 848 ex
776 781 1039 872 Argentoratensi
1069 780 1214 847 editione

25 885 26 890 ’
141 905 311 976 ιιιιιφιιιιι
331 887 505 956 mendosae
527 889 621 972 citat,
649 905 756 954 certus
774 911 844 954 ease
859 889 999 978 poterit,
1025 888 1154 954 easdem
1177 891 1212 954 in

140 995 270 1060 duabus
293 995 520 1078 altisonum,
546 995 574 1060 ai
595 1015 701 1062 unum
716 994 768 1059 vel
785 995 921 1060 alterum
937 996 1047 1060 loouur
1064 997 1213 1084 excipias.

183 1103 251 1167 Has
264 1101 424 1166 editiones
438 1102 565 1190 excepit
577 1101 785 1169 eelebem'ma
796 1100 954 1166 Ludoviei
966 1102 1143 1185 Carrionis,
1155 1103 1214 1191 qui

140 1209 225 1297 typis
243 1208 473 1290 Plnntiniania‚
483 1208 577 1290 in-8,
590 1207 693 1274 edidit
705 1205 800 1274 1565.
812 1207 958 1272 Vooatur
973 1229 1051 1272 vero
1067 1207 1122 1274 hie
1135 1208 1214 1273 aori-

140 1331 215 1402 ptor
225 1315 268 1382 ab
277 1314 415 1380 Heinsio
425 1335 556 1402 temper
571 1314 707 1380 Carrion
716 1311 851 1402 (1)‚non
866 1313 997 1397 Carrio,
1009 1329 1043 1378 et
1053 1328 1155 1379 reete:
1170 1313 1215 1380 ita

139 1420 230 1486 enim
245 1420 280 1485 in
294 1417 441 1486 editione
455 1417 670 1494 Plentinianiu
685 1441 720 1484 ee
737 1419 807 1508 ipse
819 1435 931 1502 vocet,
945 1441 1007 1486 neo
1021 1418 1097 1484 ideo
1111 1419 1214 1486 Hein-

139 1527 206 1592 sius
221 1549 242 1592 a
260 1525 399 1610 Crenio,
417 1541 440 1592 t.
457 1525 536 1590 XVI
551 1523 722 1592 Animadv.
738 1547 772 1614 p.
789 1526 869 1607 146,
882 1525 1001 1615 eor-rigi
1016 1524 1213 1594 merebatur.

140 1632 190 1696 De
204 1631 320 1700 codiee
335 1632 404 1712 eim
419 1631 570 1722 egregio,
582 1653 681 1721 quent
697 1647 812 1698 nactus
828 1647 913 1713 erat,
927 1632 1052 1698 Heinsii
1067 1632 1214 1722 prefatio

139 1751 188 1802 eat
199 1736 425 1819 eonaulenda,
436 1752 488 1819 et,
500 1738 559 1825 qui
574 1757 641 1826 quo
657 1736 790 1819 abierit,
803 1736 987 1826 ignoratum
1001 1759 1121 1826 magno
1135 1762 1212 1804 eum

139 1858 289 1932 emptum
302 1842 432 1908 volebat
446 1842 556 1908 Barth.
570 1842 651 1908 Λᾶν.
660 1843 784 1924 xle,
802 1841 852 1909 15.
864 1843 1001 1908 Carrion
1015 1863 1094 1908 vero
1109 1843 1213 1910 fretus
1323 1895 1327 1906 .

141 1949 210 2028 ejus
231 1948 356 2016 codicis
377 1949 542 2032 bonitate,
557 1964 596 2014 ut
617 1971 701 2038 nepe
719 1963 830 2016 nostra
850 1949 947 2015 nimis
964 1971 1128 2033 amamus,
1144 1971 1212 2018 non

140 2055 216 2120 eatis
238 2055 302 2122 sibi
319 2056 441 2120 carita
456 2054 602 2138 mendis,
621 2055 741 2144 quibua
766 2055 955 2144 inquinante
977 2071 1063 2140 erat,
1080 2072 1114 2121 et
1135 2055 1212 2122 ideo

141 2161 224 2226 male
243 2158 349 2225 audiit
370 2160 426 2226 ob.
438 2159 607 2226 audaciam
623 2160 657 2224 in
675 2159 842 2226 mutandis
857 2160 953 2244 loeis,
968 2177 1006 2226 ut
1021 2183 1061 2226 ea
1078 2162 1212 2251 singulis

143 2263 208 2330 lere
221 2265 293 2346 ejne
307 2266 413 2350 notis,
425 2283 459 2332 et
474 2266 620 2332 centuria
637 2265 812 2332 doctorum
825 2267 970 2332 virorum
985 2268 1153 2350 subjectis,
1171 2270 1213 2333 le·

143 2371 222 2436 ctori
233 2387 346 2460 patere
358 2371 496 2460 poterit:
508 2387 636 2444 constat
645 2387 732 2438 certe
742 2372 807 2438 hoe
818 2373 938 2438 laboris
947 2373 1088 2462 pretium
1100 2375 1213 2442 tulisse

142 2477 353 2542 raniaaimum
373 2477 560 2559 hominem,
575 2493 614 2542 ut
632 2479 752 2566 passim
764 2479 913 2568 vapulet,
929 2501 990 2544 neo
1005 2480 1103 2546 fidem
1119 2503 1212 2546 suam

144 2605 201 2648 nec
219 2581 441 2650 eruditionem
454 2583 531 2648 viris
547 2582 683 2650 eruditis
694 2581 888 2672 probaverit.
903 2585 1013 2653 Barth.
1028 2585 1108 2652 Adv.
1122 2586 1211 2668 xlv,

143 2690 212 2754 ed:
228 2687 343 2756 eamn
357 2711 429 2756 eum
443 2703 535 2755 muto
548 2688 712 2780 supercilio
726 2689 811 2756 nihil
820 2691 906 2756 νίάίτ
916 2693 950 2756 in
967 2694 1109 2757 omnibus
1125 2696 1209 2775 ἰιιιζι,

142 2795 348 2862 monacum
358 2797 663 2886 eodteequoquesuo
673 2797 1211 2887 ubr‘quemiltismpeotussit;lib.l,

142 2899 221 2967 Adv.
231 2923 260 2968 e.
274 2925 326 2990 17,
336 2899 434 2994 dicit,
450 2925 522 2968 eum
532 2899 608 2990 plus
622 2921 701 2966 naso
708 2946 720 2982 ,
733 2923 831 2990 quam
837 2917 967 2991 pectem
976 2905 1161 2984 odoramm3
1178 2918 1212 2971 et

143 3001 247 3104 haq'et
260 3003 422 3070 similibus
436 3004 612 3070 verborum
627 3002 777 3068 formulis
792 3003 828 3066 in
844 3003 934 3069 libria
943 3003 1210 3070 Adversatioruru

123 3129 223 3201 ¹serpe
248 3131 326 3174 enm
348 3108 473 3176 duriter
491 3109 641 3199 exagitat.
661 3109 952 3176 inclementissime
968 3131 1046 3176 tero
1067 3110 1110 3176 ad·
1130 3111 1209 3179 Stat.

144 3213 245 3281 Theb.
269 3215 411 3307 V‚¹aoo‚
428 3231 461 3280 et
485 3216 555 3282 aliie
577 3215 803 3282 commentarii
827 3215 912 3282 illiue
937 3217 1027 3283 locis.
1045 3217 1211 3284 Valerium

144 3341 274 3410 qrroque
296 3323 480 3410 corrupisse
501 3323 692 3388 carrionem
709 3338 820 3387 censet
835 3325 934 3396 Ianne
953 3322 1157 3388 Guilielurius
1175 3325 1209 3388 in

143 3427 274 3494 Miscell.
293 3428 415 3511 Quaest
431 3429 571 3496 Plautiu.
585 3451 654 3519 cap.
668 3429 925 3513 a‚etThaletem
939 3453 1062 3496 novum
1075 3453 1209 3514 roenna,

143 3534 349 3621 sapientiam,
368 3534 404 3602 id
427 3551 495 3618 eet,
514 3541 708 3618 δοκησισοφίαν,
727 3536 796 3616 ejus
823 3536 945 3604 irridet.
974 3537 1210 3621 Brouckusius,

143 3640 204 3704 sale
218 3641 449 3722 attioolestive
467 3658 501 3708 et
518 3642 714 3708 mordaciter
730 3643 904 3738 perfrieere
921 3643 957 3710 id
981 3629 1085 3735 genus
1102 3645 1210 3710 horni-

143 3768 220 3812 num
238 3749 371 3831 solitus,
386 3771 490 3838 quum
510 3748 552 3815 ad
563 3749 709 3838 Propert.
726 3751 816 3840 Eleg.
834 3749 903 3834 ΙΙΙ,
916 3773 961 3834 ιι,
979 3773 1032 3838 29,
1047 3763 1209 3833 notasset,

173 3953 212 4019 (r)
229 3949 329 4008 Conna
347 3954 404 4028 ipae
416 3952 521 4008 vernari
534 3954 581 4008 MS
596 3955 760 4022 eod..Feeti,
786 3973 833 4008 aen
851 3954 935 4008 Paulli
954 3955 1066 4010 Diaconi
1080 3977 1113 4012 ex
1126 3958 1209 4014 Guel-

142 4037 235 4111 ferbyt
244 4060 271 4094 u.
285 4061 327 4109 ro,
340 4043 370 4110 3,
380 4044 427 4116 qui
437 4043 501 4098 olim
510 4043 645 4100 Carrionit
655 4045 705 4100 luit
714 4083 722 4108 ‚
731 4046 760 4098 iu
770 4064 847 4118 quun
854 4045 908 4098 line
917 4045 973 4120 ipse
982 4045 1026 4100 ille
1035 4047 1209 4120 adscripserant

141 4145 237 4182 nornen
250 4149 328 4183 enum
338 4137 366 4185 t.
381 4135 477 4193 Carrio,
491 4153 545 4186 non
559 4137 659 4186 Carrion
668 4137 679 4204 (
687 4135 721 4187 ab
733 4133 822 4206 ignota
836 4153 918 4188 manu
934 4137 1077 4210 exemplari
1091 4155 1152 4190 meo
1165 4136 1210 4190 ad·

142 4215 268 4288 teriptnm
291 4217 368 4290 tuit).
387 4219 508 4274 Conium
531 4221 610 4294 hujus
634 4219 887 4290 animadversionis,
904 4241 956 4277 ore
979 4223 1090 4296 exempli
1109 4223 1149 4277 eui
1167 4223 1211 4276 ad·

143 4306 261 4378 miptu,
274 4308 356 4364 luitee
370 4321 521 4376 audonem,
533 4323 623 4386 postea
637 4309 853 4368 aninrndvertitte
863 4313 928 4367 mihi
940 4312 1043 4372 videor.
1057 4313 1171 4369 Ηιιιιιι.
1215 4363 1223 4370 .
