3116 5102
384 529 510 594 Novl
542 527 789 592 nolumus
819 527 978 592 noun.
1144 524 1206 612 395

186 657 220 708 V.
231 663 290 722 ⁴9⁰·
298 659 351 707 Nec
358 657 535 723 rneiiarparsre
545 673 639 704 recusa.
646 651 817 705 -Melicrde
825 653 922 706 virtute
931 670 962 704 ae
973 652 1125 706 fortitudine
1133 691 1142 717 ,
1151 671 1206 706 non

151 741 185 794 de
197 739 328 794 natalibus
337 737 509 810 capiendum,
525 737 622 809 quibus
633 735 734 796 Pelias,
752 748 781 787 ut
796 735 843 808 qui
857 735 972 807 Neptuni
987 734 1057 788 filins
1068 749 1135 790 esset
1145 777 1153 802 ,
1162 737 1207 789 Ja-

151 843 214 878 soue
224 841 277 876 nou
290 834 345 877 erat
358 823 476 876 int'erior.

186 962 222 1014 V.
233 962 292 1015 513.
308 964 414 1012 ternarii
430 963 580 1026 chlamydem
594 962 625 1009 de
635 960 757 1026 sanguine
765 961 848 1010 aheni.
863 988 897 998 -
910 961 1036 1026 Sanguine
1044 969 1083 1012 est
1093 976 1142 1031 pro
1147 979 1206 1028 pun

146 1063 212 1114 pura
220 1063 384 1113 :purpuream
400 1054 509 1108 cunuti,
526 1061 575 1112 pro
591 1042 755 1110 sanguineam
772 1039 838 1092 dixit
847 1041 988 1112 Virgilius,
998 1045 1061 1095 AEn.
1076 1043 1130 1108 IX,
1141 1043 1209 1112 349,

148 1145 296 1196 purpuream
304 1129 382 1178 vomit
390 1128 430 1177 iiie
438 1129 558 1176 animam.

186 1265 218 1312 V.
228 1260 289 1312 516.
301 1263 344 1310 His
354 1261 466 1328 Lapities
475 1272 588 1308 assuerat
596 1277 678 1324 eques.
690 1285 724 1294 -
736 1255 914 1326 Fingebtmtur
924 1257 1040 1327 Lapithae
1050 1258 1123 1310 irena
1137 1268 1163 1310 et
1171 1275 1211 1310 ar·

150 1357 203 1395 tem
211 1341 345 1413 equitandi
353 1341 483 1394 invenisse
492 1360 500 1406 ;
509 1338 603 1409 virgil.
612 1338 708 1410 Georg.
718 1339 774 1398 111,
790 1337 836 1390 115
848 1345 941 1402 ,Frena
952 1343 1095 1428 Pelethronii
1103 1344 1210 1410 Lepida

149 1445 273 1494 gyrosque
284 1429 380 1476 dedere.

187 1549 221 1600 V.
233 1549 291 1602 ⁵20.
307 1549 402 1598 Talibus
413 1559 523 1598 arantem
531 1546 693 1613 cumgratia
702 1547 743 1595 iile
752 1547 843 1596 minaci

300 1637 356 1681 Iam
369 1633 459 1680 dudsan
469 1628 573 1699 premit.

151 1775 164 1792 ι
174 1747 216 1801 Sic
228 1746 318 1818 scripsi
335 1763 383 1817 pro
390 1743 486 1813 frenis.
504 1741 579 1796 Idem
597 1755 712 1796 senserat
730 1743 867 1807 Heinsius,
881 1761 939 1796 eam
953 1744 989 1794 ob
997 1762 1122 1809 causam,
1138 1743 1211 1816 quod

151 1833 239 1906 paullo
250 1845 310 1906 post
319 1831 389 1885 idem
391 1834 479 1902 smmis
486 1841 619 1902 sequatur.
628 1831 705 1884 Recte
715 1849 723 1894 ;
732 1830 779 1882 sed
787 1829 862 1900 plura
872 1842 931 1882 sunt
939 1869 948 1896 ,
957 1849 1016 1902 quse
1026 1831 1211 1884 eliminandam

152 1936 209 1972 eam
219 1936 312 1970 vocem
319 1918 438 1989 jubeant.
449 1916 481 1967 Et
490 1913 691 1988 primoquidem
702 1933 756 1966 non
766 1913 856 1980 video,
870 1913 1005 1985 quomodo
1009 1915 1118 1982 fremere
1131 1916 1213 1986 possit

152 2002 300 2055 accusativo
310 2017 441 2073 persone,
451 2017 554 2052 summa
564 1998 621 2050 sine
631 1997 728 2051 duritie
737 2039 745 2064 ‚
761 1996 836 2061 addi;
846 1997 942 2051 deinde
952 1997 1022 2050 nond
1027 2017 1071 2051 um
1080 2002 1134 2071 jam
1146 2000 1210 2052 iram

152 2084 232 2137 exerit
242 2087 326 2137 AEetes
334 2121 342 2146 ‚
351 2082 422 2154 quod
429 2092 588 2154 repugnaret
601 2082 686 2134 statim
696 2082 865 2153 sequentibus
867 2082 945 2150 sartis
959 2086 1056 2150 opertis,
1068 2095 1094 2135 ct
1104 2102 1212 2155 compa·

151 2168 248 2220 rationi
258 2171 290 2218 ab
299 2171 366 2218 unda
379 2169 465 2218 silente
476 2164 619 2236 desumptae
629 2185 636 2230 ;
653 2162 769 2235 denique
783 2164 884 2226 omnia,
896 2183 953 2236 que
964 2165 1088 2236 deinceps
1101 2184 1212 2218 narran-

151 2264 209 2314 tur,
221 2271 302 2303 secum
320 2251 373 2321 agit
389 2251 476 2303 AEetes
486 2287 493 2312 ,
503 2267 580 2312 nam,
591 2268 618 2300 v.
634 2247 698 2308 535,
716 2253 821 2301 demum
836 2249 927 2302 Jasoni
935 2249 1084 2322 respondet.
1097 2275 1108 2296 ι
1122 2249 1212 2302 -Sic

151 2336 321 2406 Wagnerus,
338 2352 417 2405 quem
423 2335 534 2400 fremere
548 2351 609 2384 cnm
628 2331 779 2384 accusativo
796 2351 914 2403 persone
933 2331 1060 2385 offendit:
1071 2343 1097 2384 at
1104 2333 1214 2401 fremere

152 2436 213 2469 curn
228 2417 378 2470 accusativo
386 2415 424 2466 rei
434 2415 552 2468 occurrit
561 2415 630 2466 inira
637 2450 645 2477 ,
658 2433 683 2465 v.
696 2413 825 2477 sas-525:
838 2435 902 2466 ausa
912 2417 1056 2485 uirisremit.
1068 2415 1172 2482 Potuit,
1184 2427 1213 2467 ut

152 2500 219 2552 mihi
228 2497 346 2559 videtur,
360 2497 451 2552 itidem
468 2496 555 2550 dicere
564 2497 702 2550 Valerius:
716 2500 814 2548 Talibus
828 2513 938 2551 orantem
952 2501 1032 2552 uirum
1039 2502 1128 2569 fremit
1136 2539 1144 2562 ,
1156 2517 1215 2572 quse

152 2583 251 2637 locutio
261 2593 344 2655 potest
353 2581 381 2634 in
389 2583 458 2634 hanc
470 2581 581 2634 resolvi:
592 2584 665 2632 salem
679 2583 811 2634 cmabnem
820 2583 965 2645 virisremit.

187 2707 220 2759 V.
234 2705 293 2774 559.
305 2708 380 2756 Haud
387 2722 457 2754 mora
465 2723 474 2754 :
479 2705 623 2772 prosiliunt,
635 2721 696 2768 quos
709 2721 754 2752 nec
764 2704 997 2769 itlsrpoeajuuentus,

302 2794 367 2855 Quos
381 2808 426 2838 nec
436 2791 504 2846 Iber,
515 2800 558 2836 aut
565 2800 614 2836 tota
624 2788 672 2836 suis
684 2791 781 2836 Aurora
785 2786 908 2852 pharetris

300 2875 430 2923 Sustineat.

153 2989 245 3059 Opere
253 2987 367 3059 pretium
377 2997 415 3039 est
423 2985 542 3038 conferre
551 2987 672 3052 Torquato
684 2990 773 3045 Tarso,
783 2987 963 3036 Gerusalemme
972 2987 1086 3046 liberata,
1098 2985 1126 3048 Ι,
1135 2986 1184 3053 593
1195 3005 1203 3037 :

336 3095 391 3138 Non
406 3092 419 3137 ὸ
432 3099 501 3156 gente
516 3105 607 3152 pagana
618 3090 713 3136 insieme
726 3091 829 3142 acroltn,

337 3169 391 3212 Non
402 3181 469 3211 muro
479 3165 542 3211 cinto
554 3165 578 3210 di
588 3164 706 3226 profonda
717 3164 791 3218 fossa,

338 3241 393 3286 Iton
401 3255 459 3301 gran
469 3249 585 3295 torrente,
596 3255 611 3285 o
624 3249 703 3286 monte
712 3241 826 3300 alpestre,
844 3254 859 3284 ο
868 3239 925 3284 solta

336 3315 418 3366 Seiva,
431 3314 475 3362 ohe
484 3313 500 3360 'l
509 3315 546 3360 lor
554 3314 645 3376 viaggio
657 3325 756 3362 arrestar
766 3329 842 3376 possa.

189 3426 221 3475 V.
232 3424 291 3478 566.
304 3429 391 3493 Qualis
404 3430 436 3476 ab
445 3432 544 3478 Oceano
554 3430 655 3478 nitidum
666 3431 752 3478 cuono
762 3431 853 3478 atiena
864 3429 954 3486 vestit,-

303 3512 419 3575 Quaiibus
429 3529 561 3578 assurgens
570 3531 623 3560 nox
633 3529 710 3561 aurea
722 3513 830 3576 cingitur
837 3512 920 3561 astris.

149 3608 253 3662 Tihuii.
264 3609 337 3680 Eleg.
347 3610 391 3672 ΙΙ,
405 3629 415 3661 1
425 3648 433 3672 ,
449 3612 498 3680 87:

322 3713 473 3774 Ludite,jarn
484 3717 537 3761 Nox
546 3715 625 3777 jungit
635 3730 721 3776 equos,
731 3730 872 3775 canumque
884 3723 1014 3776 sequuntur

383 3789 465 3836 Matris
473 3790 558 3836 lascivo
569 3790 650 3836 Sidera
658 3789 722 3836 inira
731 3790 812 3836 choro.

154 3892 252 3946 Videre
269 3907 308 3946 est
328 3894 356 3946 in
373 3893 491 3964 pluribus
509 3895 686 3947 monumentis
703 3896 814 3948 Noctem
832 3893 975 3948 obductam
989 3895 1047 3949 vein
1061 3897 1141 3950 stellis
1156 3919 1216 3953 con-

154 3995 252 4048 spersu.

189 4096 225 4147 V.
236 4095 296 4166 571.
316 4103 414 4149 Interea
430 4101 486 4150 Ioetu
494 4101 587 4166 patitur
605 4101 713 4150 convivia
726 4105 806 4152 vssltu.
823 4129 857 4139 —-
871 4102 962 4150 Pariter
979 4101 1081 4173 egregie
1095 4103 1215 4174 exprimit

155 4197 235 4251 quam
248 4178 345 4232 invitus
363 4180 449 4234 Pelias
467 4183 633 4254 Argonautas
650 4182 734 4254 epulis
749 4182 894 4253 exciperet,
911 4201 1044 4256 quamque
1063 4185 1104 4236 ilia
1116 4221 1125 4248 ,
1135 4204 1216 4257 quam

155 4261 230 4314 vultu
240 4262 408 4333 preferebat,
424 4265 529 4318 mentita
539 4277 606 4319 esset
614 4265 713 4320 latitia.
