3122 5126
384 524 444 570 xw
550 500 666 569 VITA
690 501 798 572 VAL.
824 503 1194 589 FLACC1,AUCT.
1220 502 1315 570 PIO.

285 605 287 610 ¹
383 624 552 690 indecem
577 625 678 691 libros
702 626 828 692 minute
849 627 1050 718 digessimus.
1077 626 1314 716 Appendiculns
1334 632 1454 694 autcm'

383 721 509 797 nostras
526 753 594 796 non
610 731 680 795 sine
695 732 788 802 venis
804 734 929 823 legent,
947 733 1003 820 qui
1020 756 1087 798 non
1102 734 1201 814 vires,
1223 731 1281 797 scd
1298 732 1452 796 animum

386 838 573 904 metientur·
591 837 666 903 Feci
684 838 774 926 quod
790 839 897 904 mulus
917 840 1052 904 atticus:
1077 855 1143 902 tam
1165 860 1323 928 generoso
1341 837 1452 902 labori

384 965 489 1031 quum
505 965 557 1007 me
573 943 729 1032 imparem
744 965 921 1028 cernerem,
929 945 1121 1009 laboraturis
1130 943 1286 1008 ducatum
1299 958 1332 1008 et
1342 965 1455 1008 exem·

384 1050 477 1139 plum
505 1049 645 1138 proebui,
675 1065 708 1114 et
735 1051 899 1139 aquaturis
926 1050 968 1116 ad
991 1051 1115 1114 fontem
1144 1048 1283 1139 digitum
1306 1048 1449 1114 intendi.

333 1201 335 1206 -
387 1156 554 1244 Orpheum
578 1156 645 1237 jam
674 1157 773 1222 latine
798 1158 986 1246 loquentem
1007 1156 1134 1238 addidi,
1167 1173 1205 1220 ut
1233 1155 1452 1244 expeditionis

384 1259 607 1350 Argonauticon
630 1261 773 1350 cognitio
793 1262 917 1328 veniret
931 1262 1121 1342 absolutior,
1143 1282 1242 1349 quem
1260 1283 1327 1324 non
1346 1260 1450 1326 semel

385 1365 527 1429 imitatus
544 1378 594 1428 est
607 1381 704 1453 poeta
719 1381 841 1448 nostor,
857 1389 940 1456 saepe
956 1383 1083 1446 tamen,
1100 1387 1167 1430 non
1184 1381 1221 1429 ut
1235 1365 1350 1454 vulgus
1364 1387 1451 1429 sem-

385 1492 444 1558 per
457 1485 569 1558 putat,
584 1471 809 1559 Apollonium,
826 1472 916 1561 quod
932 1473 1050 1544 nostxis
1063 1471 1097 1535 in
1111 1471 1261 1536 Flaccum
1277 1494 1449 1552 commen-

385 1573 473 1638 tnniis
489 1572 701 1638 ostendimus.
719 1574 894 1641 Charactcr
910 1598 947 1641 ao
963 1576 1065 1663 stylus
1081 1576 1219 1644 auctoris
1233 1597 1361 1664 pressus
1379 1591 1447 1657 est,

387 1677 521 1761 doctus,
536 1694 667 1761 acutus,
686 1702 844 1763 canorus,
865 1681 967 1746 elatus
988 1681 1135 1769 inprimis
1153 1682 1258 1746 calore
1274 1705 1310 1745 ac
1325 1682 1449 1745 entheo

386 1785 497 1849 furore
522 1800 657 1866 tonans,
673 1785 807 1868 ardens,
828 1787 1020 1852 bellicosusz
1038 1808 1111 1860 raro
1130 1786 1280 1851 sedatior.
1299 1786 1362 1851 Sed
1380 1787 1449 1866 jam

385 1887 458 1953 finis
474 1889 526 1954 sit.
544 1891 646 1976 Spero
660 1891 796 1955 lectores
806 1914 873 1956 non
888 1892 958 1956 fore
968 1891 1165 1980 OEdipodss‚
1176 1907 1233 1963 aut
1244 1891 1450 1956 Abderitanae

384 2009 515 2082 pectora
529 1994 631 2082 plebis
644 1993 822 2070 habituros.
839 1996 925 2063 Vale.
