3192 5128
671 795 823 866 PETRI
853 793 1127 865 BURMANNI

564 1007 935 1116 PRAEFATIO
972 1008 1247 1133 PRIMA,

402 1266 477 1312 stvtt
503 1265 551 1311 AD
578 1264 722 1310 Ptttttttt
746 1265 946 1312 Entttotttttt
973 1265 1070 1312 SUAM
1101 1265 1399 1332 summoveor,

768 1449 797 1484 t.
819 1429 1006 1485 cloloccrr.

633 1619 858 1694 LECTORI
888 1609 1166 1691 BENEVOLO

848 1811 884 1904 s..
907 1811 951 1879 n.

656 2071 1158 2110 ὴ--Οθθῡῡ--κ-

365 2262 499 2395 Qurrr
512 2301 554 2366 ab
567 2300 676 2389 aliquo
687 2299 754 2380 jam
766 2314 911 2388 tempore
922 2300 1055 2388 publico
1065 2300 1222 2366 debemus
1231 2349 1240 2384 ,
1250 2302 1429 2367 emittimus

363 2431 452 2476 nunc
467 2425 614 2497 poetam,
630 2407 715 2470 inter
729 2405 861 2470 Latinos
882 2405 951 2470 solo
967 2406 1102 2471 Marone
1117 2407 1320 2491 inferiorem,
1334 2407 1429 2473 Valc-

363 2517 448 2580 rium
464 2515 634 2596 Flaccum,
650 2509 984 2596 animadversionibus
1007 2511 1068 2576 viri
1091 2513 1281 2578 nobilissimi
1303 2513 1430 2578 Nicolai

363 2620 487 2686 Heinsii
499 2620 704 2683 illustratum.
718 2616 834 2704 Neque
845 2616 979 2698 dubito,
992 2617 1073 2705 quin
1085 2639 1152 2682 non
1162 2617 1310 2707 exiguam
1318 2641 1337 2682 a
1346 2641 1429 2684 verae

363 2724 518 2790 doctrine
534 2721 713 2787 cultoribus
732 2721 867 2810 gratiam
882 2721 1024 2800 initurus
1041 2720 1123 2802 sim,
1140 2723 1198 2809 qui
1215 2722 1304 2788 hunc
1321 2739 1439 2812 vatem,

359 2832 425 2912 jam
442 2830 483 2894 ab
509 2827 598 2892 omni
620 2850 688 2892 aevo
710 2827 795 2890 inter
810 2826 909 2915 opicae
930 2847 1066 2916 poeseos
1081 2826 1243 2916 principes
1267 2851 1427 2894 annume-

362 2953 487 3018 ratum,
499 2935 616 3000 iterum
630 2932 819 3022 producam.
831 2933 969 2998 Plurimi
980 2933 1067 3022 apud
1077 2933 1205 3000 Graecos
1219 2953 1252 2999 et
1264 2936 1427 3002 Romanos

362 3041 527 3123 exstitere,
540 3040 597 3128 qui
608 3039 793 3127 ingenium,
808 3039 842 3102 in
853 3039 999 3102 versibus
1012 3038 1249 3128 expeditionem
1259 3042 1428 3130 Argonau-

362 3163 469 3236 tarum
483 3143 723 3235 consignando,
733 3144 902 3234 periclitati
916 3160 1010 3226 sunt,
1024 3167 1165 3233 quorum
1176 3147 1346 3211 maximam
1355 3170 1428 3236 par-

361 3270 427 3317 tem
441 3275 458 3316 a
474 3250 633 3340 Gyraldo,
650 3249 773 3339 Dialog.
787 3250 832 3314 IV
848 3249 890 3313 de
908 3249 1034 3332 Poetis,
1050 3252 1108 3315 ubi
1122 3251 1163 3316 de
1175 3268 1286 3317 nostro
1299 3252 1427 3318 Valerio

362 3360 476 3424 Flacco
493 3357 576 3446 agit,
594 3372 814 3436 enumeratam
829 3355 940 3420 videre
962 3357 1046 3422 lieet.
1070 3358 1194 3424 Tricam
1210 3381 1277 3422 eam
1296 3357 1427 3424 vatibus

361 3464 495 3527 orbitam
504 3475 597 3526 vocat
607 3461 744 3542 Statius,
759 3477 792 3526 et
805 3460 970 3526 fastidium
985 3464 1138 3528 Romanis
1155 3487 1278 3548 creasse
1294 3463 1426 3528 nimiam

361 3567 602 3657 Argonauticon
626 3567 820 3656 scriptorum
844 3569 994 3646 turbam,
1016 3570 1169 3635 credibile
1187 3570 1324 3635 videtur.
1343 3569 1425 3653 Sed,

361 3673 452 3762 quod
463 3673 568 3739 Flacci
581 3695 647 3762 prae
658 3674 779 3738 caeteris
791 3675 1011 3741 excellentiam
1024 3675 1183 3758 declarat,
1199 3699 1312 3741 omnes
1326 3675 1371 3740 illi
1387 3677 1426 3740 il·

359 3779 578 3867 lacrymabiles
590 3779 686 3869 longa
697 3796 793 3845 nocte
804 3797 1016 3868 premuntur3
1031 3805 1116 3847 unus
1127 3805 1205 3847 vero
1216 3781 1372 3864 Valerius,
1386 3803 1427 3846 ex

359 3887 519 3951 immenso
532 3887 588 3950 illo
602 3909 757 3969 numero,
771 3887 811 3952 ad
825 3911 886 3954 nos
897 3901 1059 3979 superstes
1072 3889 1227 3978 pervenit.
1243 3888 1319 3972 Quo
1332 3889 1426 3953 lucu·

359 3993 478 4056 lentius
500 4007 533 4056 et
549 3993 668 4059 certius
685 3993 773 4058 uliud
784 4011 1021 4084 ¹argumentum
1042 3994 1111 4060 dari
1131 4018 1197 4059 non
1215 4015 1329 4082 posse,
1347 4017 1426 4058 con·

360 4097 469 4170 tendo.
483 4097 598 4185 Neque
612 4121 667 4164 eos
681 4115 825 4182 tantum,
841 4101 898 4189 qui
912 4101 945 4164 in
963 4100 1077 4166 eodem
1091 4122 1207 4191 genere
1219 4099 1425 4180 laborarunt,

359 4205 516 4269 excellens
538 4204 642 4270 Flacci
655 4205 815 4285 judicium
836 4223 869 4272 et
886 4205 1052 4297 diligentia
1070 4206 1249 4295 superavit,
1271 4203 1346 4290 sed,
1365 4205 1425 4268 sia
