3226 5114
395 509 459 576 286
636 573 640 582 ,
667 521 670 526 “
704 511 739 576 C,
764 505 959 572 VALERH
987 507 1160 570 FLACCI

440 642 470 706 0
489 641 547 705 ubi
564 662 653 704 nunc
671 640 779 729 regni,
792 638 988 730 generisque
1008 639 1065 704 ubi
1082 637 1203 728 gloria?
1217 662 1318 727 quam
1336 655 1368 704 te

439 753 557 823 Exedit
572 755 679 836 labor,
698 771 731 818 et
749 754 873 818 miseris
890 753 1007 818 festina
1024 756 1194 820 senectus!
1431 783 1471 825 tn

440 871 531 954 Quin
542 893 601 962 age
612 917 621 952 ,
633 870 726 937 mitte
736 892 868 960 preces,
878 891 1021 957 natuque
1035 885 1090 934 est
1104 869 1165 934 tibi
1179 886 1291 936 nostra
1302 871 1467 951 voluutas,

437 988 471 1051 Si
484 1009 552 1050 non
571 987 619 1064 ira
637 985 753 1067 deum,
772 985 822 1050 vel
837 985 864 1050 si
883 983 1045 1072 placabilis
1062 1000 1193 1074 urget».

484 1103 621 1166 Sustulit
637 1103 692 1167 bic
709 1100 853 1191 geminas
871 1101 1016 1166 Phineus
1031 1100 1193 1167 adsidere
1210 1102 1349 1190 palmas,

440 1220 590 1307 sTeque,
605 1218 663 1300 ait,
682 1217 809 1298 injusti,
828 1240 900 1304 quae
919 1239 1009 1282 nunc
1025 1217 1165 1304 premis,
1180 1217 1227 1281 ira
1246 1216 1404 1282 Tonantis

440 1336 526 1398 Ante
542 1355 669 1423 precor,
687 1347 805 1397 nostrae
822 1331 955 1398 tandem
969 1331 1036 1412 jam
1053 1354 1149 1420 parce
1166 1349 1320 1414 seneotae3
1431 1353 1468 1404 t7s

438 1449 486 1513 Sit
501 1446 641 1515 modus:
657 1462 690 1510 et
703 1447 773 1512 fore
790 1445 889 1513 oredo
906 1445 1076 1534 equidem;
1093 1469 1169 1514 natu
1183 1461 1288 1513 vestra
1301 1446 1451 1511 voluntas

442 1564 538 1647 Quo,
549 1563 702 1643 juvenes,
718 1562 789 1626 sine
803 1584 882 1650 pace
899 1561 1021 1627 deum?
1037 1583 1098 1624 nec
1114 1559 1235 1626 credite
1253 1562 1383 1648 culpam

441 1679 592 1760 Saevitiae,
611 1678 811 1743 scelerumve
826 1677 905 1742 mihi
924 1699 1014 1742 nunc
1029 1677 1164 1742 crimina
1179 1676 1296 1764 pendi,

441 1795 520 1858 Fata
538 1794 659 1881 loquax
676 1809 887 1880 mentemque
901 1793 1005 1874 Jovis,
1023 1814 1161 1879 qunque
1176 1789 1285 1856 abdite
1303 1792 1392 1856 solus

367 1913 370 1920 “
441 1909 602 1990 Consilia,
621 1923 655 1972 et
672 1909 765 1974 terris
783 1906 893 1971 subito
909 1923 1046 1972 ventura
1063 1906 1212 1994 parabat,
1431 1925 1468 1971 tt„

441 2021 674 2104 prodideram,
693 2021 848 2086 miserans
866 2020 1039 2084 hominum
1056 2043 1177 2110 genus3
1196 2020 1274 2085 hinc
1286 2021 1369 2084 mihi
1383 2036 1467 2085 tanta

440 2134 559 2218 Pestis,
574 2152 607 2199 et
622 2135 736 2200 offusae
751 2133 857 2198 media
872 2135 957 2198 inter
972 2133 1059 2198 dicta
1074 2133 1225 2198 tenebrae.

439 2250 510 2313 Jarn
529 2237 661 2313 tandem
680 2269 803 2313 cessere
822 2247 894 2329 irae3
914 2269 973 2310 nec
990 2268 1101 2344 casus,
1116 2247 1157 2310 ab
1172 2248 1236 2310 alto

442 2365 516 2452 Ipse
536 2363 647 2427 volens
665 2363 784 2426 nostris
805 2361 862 2425 sed
882 2384 939 2426 vos
954 2360 1035 2425 deus
1055 2362 1180 2452 appulit
1195 2363 1290 2425 oris».

428 2580 481 2634 474
497 2574 590 2620 Premit.
602 2575 691 2619 Boron.
703 2572 757 2618 eod.
772 2574 861 2619 Boron.
878 2573 896 2618 1.
910 2597 940 2606 -
953 2572 1007 2630 476.
1025 2574 1110 2618 Nostra
1124 2569 1242 2616 volontas.
1258 2574 1350 2618 Boron.
1367 2573 1377 2617 1
1396 2582 1419 2618 et
1436 2573 1464 2618 tl.

397 2656 462 2699 lunt.
475 2654 575 2715 Eugeut.
590 2679 621 2688 —-
633 2660 686 2714 477.
707 2652 774 2714 Quod
779 2651 883 2716 juvenes.
896 2649 971 2698 Vatis.
984 2660 1008 2696 et
1020 2652 1110 2698 Borion
1122 2651 1192 2697 codd.
1204 2652 1295 2697 Bonon.
1305 2652 1317 2696 1
1329 2661 1353 2698 et
1363 2652 1394 2698 ΙΙ.
1405 2655 1466 2698 Just.

398 2734 464 2780 Cart.
475 2733 545 2780 Haud
548 2733 653 2796 juvenes.
666 2732 727 2778 Pius.
740 2732 793 2778 ald.
803 2733 903 2793 Engeut.
920 2757 951 2768 -·-
967 2730 1022 2784 ses.
1033 2731 1132 2794 waso.
1142 2730 1217 2778 Codd.
1227 2742 1251 2777 et
1259 2731 1315 2778 edd.
1325 2741 1380 2778 sate
1388 2732 1466 2778 Heius.

399 2813 496 2875 Offuroe.
511 2814 563 2859 Iam
573 2815 641 2859 Voss.
653 2821 677 2859 et
688 2813 793 2858 Gronov.
811 2813 855 2858 En.

433 2994 815 3064 470Miten'sfhstinasenectus,
823 2992 911 3046 miseri
955 2991 1463 3063 diu,›roso-tetandemjamparceseneccae.

396 3083 571 3144 antetempus
581 3072 649 3124 fiunt
659 3071 802 3125 deformes.
958 3077 1046 3124 Vestra
1064 3075 1179 3124 uoluntas
1195 3077 1262 3138 Quo,
1276 3077 1396 3143 juvenes,
1417 3076 1466 3123 stiae

432 3151 494 3221 471.
508 3157 552 3202 Est
563 3154 605 3202 tibi
614 3165 710 3223 praeeto
723 3164 807 3202 nostro
821 3155 910 3203 volun·
949 3154 1109 3218 pascalem,
1125 3149 1190 3222 quid
1200 3171 1247 3204 vos
1260 3150 1465 3222 proficeretissi·

397 3245 444 3292 tas,
458 3234 485 3282 Si
498 3249 548 3282 non
558 3234 597 3284 ira
607 3235 692 3291 deum,
701 3234 746 3282 vel
752 3234 774 3282 si
778 3233 910 3298 placabilis
954 3248 987 3282 ne
1005 3229 1178 3301 permissione
1195 3228 1305 3284 deorum
1318 3267 1325 3292 ‚
1338 3229 1392 3282 nisi
1405 3229 1465 3282 deos

396 3325 479 3378 urget,
495 3308 546 3361 nisi
559 3327 715 3380 superorum
726 3309 793 3361 iram
804 3321 910 3362 coutra-
954 3308 1066 3362 habeam
1080 3309 1229 3381 propitios?

396 3387 477 3451 xeris,
490 3389 530 3440 vel
543 3387 564 3440 si
578 3387 676 3460 expiari
687 3407 717 3441 ea
729 3387 818 3460 aliquo
829 3388 909 3444 modo
990 3402 1050 3458 477.
1068 3391 1128 3442 Non
1144 3408 1227 3442 saevus
1245 3401 1373 3460 tyrannus
1387 3389 1464 3442 sceie-

395 3467 488 3538 possit.
952 3479 1079 3540 ratusque
1086 3468 1124 3520 fui
1134 3507 1141 3532 ,
1153 3469 1197 3523 sed
1205 3469 1407 3540 intemperantia
1416 3469 1465 3522 lin·

432 3553 494 3616 474.
512 3549 561 3604 Te,
583 3545 635 3609 ait,
656 3549 751 3613 injusti,
772 3567 828 3614 qua·
843 3568 909 3600 nurre
954 3565 1011 3618 gute
1030 3565 1073 3600 me
1087 3547 1216 3620 perdidit,
1230 3547 1392 3620 voticinandi
1411 3561 1465 3600 arte

391 3627 497 3692 pronis,
520 3627 558 3674 ira
574 3629 706 3686 Tonantis,
725 3632 792 3677 Ante
804 3647 907 3694 precor,
952 3625 1018 3679 mihi
1026 3626 1104 3693 datu,
1116 3629 1206 3680 futura
1215 3627 1466 3699 hominihusprtedi-

397 3716 457 3756 ante
469 3701 557 3756 omnia
572 3703 712 3774 teipsum,
727 3705 846 3777 Jupiter,
863 3705 909 3776 qui
953 3725 1059 3769 ueram,
1075 3705 1121 3760 sed
1136 3708 1206 3759 bona
1227 3719 1329 3771 mente,
1349 3711 1465 3758 miserans

397 3782 463 3835 mihi
478 3782 614 3846 irasceris,
628 3783 750 3854 imploro.
765 3783 909 3837 Offendere
952 3788 1171 3854 horninumgenns.

394 3861 476 3934 possit
486 3859 512 3911 in
526 3879 571 3913 ore
585 3862 729 3932 precantis,
739 3862 812 3934 quod
825 3866 911 3932 injusti
989 3866 1051 3930 482.
1062 3868 1147 3916 Media
1161 3868 1224 3916 inter
1233 3869 1311 3924 dicta.
1324 3863 1388 3916 dum
1402 3863 1466 3916 vati·

289 3985 293 3992 .
395 3940 516 3993 encomio
532 3953 607 3993 ornet
617 3959 694 4003 eum,
709 3940 743 3994 ud
756 3961 834 4012 quem
845 3941 910 3994 diri-
953 3944 1068 4007 cineret,
1078 3944 1262 4014 oculiscaptus
1271 3949 1467 3996 sumdamtao-

395 4020 433 4092 git
440 4036 545 4090 prooem
556 4017 603 4070 sed
611 4019 661 4073 hoo
673 4032 775 4072 tautum
783 4019 855 4088 vult,
865 4021 908 4074 Jo-
952 4027 1007 4074 dem
1020 4042 1114 4074 cessere
1125 4025 1185 4084 irae5
1199 4043 1246 4074 nee
1257 4043 1348 4086 casus,
1365 4027 1411 4074 sed
1418 4026 1467 4090 ipse

395 4117 455 4152 vem
468 4099 614 4163 immerito,
624 4101 744 4154 acerbius
749 4102 837 4173 justo,
847 4121 908 4156 eum
951 4107 1040 4153 volens
1051 4106 1109 4153 deus
1120 4140 1128 4162 ‚
1144 4102 1200 4172 ipsa
1214 4103 1289 4153 Jovis
1298 4102 1414 4173 propitia
1424 4121 1468 4152 vo·

386 4176 688 4250 'puniisse3vidpauio
706 4181 907 4250 post478-481.
953 4180 1058 4244 luntas,
1081 4184 1113 4232 ab
1138 4185 1201 4240 alto,
1230 4181 1299 4233 mari
1325 4181 1363 4235 vei
1390 4182 1467 4243 caelo,

432 4255 566 4324 475.Satis
579 4275 713 4326 poenarum
730 4257 777 4310 tibi
790 4258 869 4325 dedi,
884 4273 909 4312 et
954 4265 1041 4312 nostris
1055 4281 1102 4312 vos
1113 4263 1206 4329 appulit
1212 4259 1272 4312 oris.
