3192 5128
512 541 767 611 rnnrarro
799 511 970 612 rurus.
1215 565 1273 614 οη

197 673 287 736 let-re
304 673 459 762 potuerit.
473 673 558 738 Huic
571 673 722 738 thesauro
737 673 934 763 digerendo,
951 688 984 737 et
998 673 1211 757 instruendo,
1225 676 1277 738 ul·

197 780 291 842 timis
305 779 380 844 vitm
394 779 506 862 aunis,
521 802 603 868 quos
618 781 687 846 otio
700 795 733 844 et
748 780 850 868 quieti
863 780 1010 846 literariae
1025 797 1277 863 consecraverat,

198 884 358 965 vacabat3
383 884 442 949 scd
462 886 570 950 omnia
591 885 779 950 absolvendi
796 887 982 952 facultatem
999 885 1209 952 immaturum
1231 888 1278 952 sa·

199 1006 276 1053 tum
295 985 452 1078 praecidit.
473 991 653 1074 Quocirca,
669 989 743 1055 licet
759 989 874 1056 ultima
889 1009 1006 1056 manus
1025 991 1189 1080 plerisque
1206 992 1276 1071 ejus

200 1095 489 1160 lucubrationibus
500 1119 567 1162 non
580 1096 621 1161 sit
634 1096 801 1185 imposita,
812 1096 930 1185 cupide
944 1113 1053 1161 tamen
1067 1098 1144 1179 viri,
1160 1099 1277 1162 harum

202 1223 316 1265 rerum
334 1225 402 1265 uon
418 1201 533 1285 rudes,
551 1203 630 1290 quin
647 1204 809 1290 recepturi
822 1204 888 1268 sint
905 1203 963 1268 has
976 1203 1128 1291 reliquias
1143 1204 1277 1268 minime

203 1306 334 1370 dubito.
360 1305 424 1371 Sed
446 1308 604 1372 immensa
626 1323 735 1371 tamen
757 1306 900 1390 jactura,
920 1323 1026 1396 'quam
1050 1331 1090 1372 ex
1113 1308 1277 1396 praeoipuo

204 1411 384 1476 Heinsiano
400 1411 510 1478 labore
526 1409 696 1501 deperdito
716 1411 792 1477 fecit
811 1435 862 1477 res
882 1413 1037 1492 literaria,
1052 1435 1166 1477 omnes
1184 1435 1276 1476 com·

204 1520 370 1603 movebit,
386 1519 444 1586 ubi
463 1521 496 1584 in
517 1520 586 1602 bis,
602 1536 640 1584 ut
662 1535 695 1585 et
716 1505 752 1584 in
769 1521 856 1603 aliis,
874 1521 1160 1602 adnotationibus,
1181 1521 1276 1586 toties

203 1627 409 1690 mentionem
433 1626 656 1690 commentarii
682 1623 850 1714 Virgiliani
876 1626 993 1691 factam
1019 1625 1170 1692 viderint.
1200 1626 1277 1708 Quo

202 1732 322 1796 abierit
334 1731 415 1796 illud
428 1732 595 1822 egregium
606 1733 763 1821 scriptum
783 1757 825 1797 ne
841 1732 1018 1798 divinando
1034 1733 1168 1821 quidem
1178 1732 1275 1796 haere·

203 1837 282 1920 des,
299 1855 334 1902 et
349 1837 495 1903 defuncti
509 1839 633 1904 Heinsii
650 1839 742 1904 amici
761 1855 915 1927 exputare
932 1854 1080 1928 possunt.
1101 1840 1198 1903 Certe
1214 1853 1277 1902 sta·

204 1945 264 2008 u'm
276 1962 354 2033 post
369 1945 437 2024 ejus
453 1945 571 2028 fatum,
585 1969 604 2010 a
619 1946 711 2010 nullo
725 1961 956 2035 conspectum,
970 1964 1077 2033 neque
1089 1943 1199 2026 bodie,
1216 1943 1277 2008 etsi

204 2050 452 2140 diligentissime
469 2051 578 2116 omnia
592 2051 709 2116 scrinia
719 2074 850 2118 excussa
866 2051 1006 2134 fuerint,
1021 2066 1188 2138 repertum
1201 2048 1275 2114 fuit.

202 2157 236 2220 si
254 2158 341 2220 forte
355 2158 390 2220 in
403 2181 534 2247 rapaces
549 2175 665 2260 margus
681 2159 880 2246 pervenerit,
895 2159 945 2222 vel
958 2159 992 2221 in
1008 2157 1148 2222 tenebris
1164 2156 1275 2220 ocolu-

202 2285 259 2326 sus
282 2263 380 2326 lateat
399 2263 454 2327 bic
476 2265 663 2345 thesaurus,
682 2263 810 2353 publice
828 2286 963 2346 omnes,
981 2285 1040 2352 per
1060 2285 1148 2328 sacra
1163 2261 1276 2326 Musa·

203 2392 279 2432 rum
303 2391 478 2458 rogamus,
505 2391 547 2435 ne
573 2371 738 2459 patiantur
766 2371 932 2461 egregium
960 2386 993 2434 et
1019 2368 1275 2434 eruditissimum

203 2490 334 2562 poetam
347 2523 356 2555 ,
372 2474 495 2539 diutius
512 2475 737 2563 sospitatorem
749 2499 847 2540 suum
859 2475 1032 2564 requirere.
1042 2473 1110 2538 Nos
1122 2523 1131 2554 ,
1145 2473 1172 2537 si
1187 2475 1275 2536 Deus

203 2581 286 2644 vires
303 2596 338 2644 et
355 2581 461 2646 otium
479 2580 637 2663 sufficiat,
657 2603 710 2663 ea,
729 2601 801 2670 quae
812 2604 852 2646 ex
865 2579 1048 2646 Heinsianis
1060 2578 1186 2666 scriptis
1197 2600 1274 2642 cum

201 2687 335 2774 publioo
348 2688 583 2752 communicari
595 2705 750 2775 possunt,
765 2710 833 2751 non
847 2709 1051 2774 prememus,
1067 2683 1125 2749 sed
1135 2681 1273 2747 subinde

199 2791 339 2880 aliquid,
358 2793 451 2880 quod
464 2792 505 2857 ad
518 2794 624 2857 literas
637 2791 798 2856 ornandas
813 2791 918 2856 faeere
931 2790 1051 2880 possit,
1065 2811 1105 2854 er
1115 2787 1273 2853 thesauris

198 2897 258 2961 illis
272 2898 424 2987 prolerre
438 2897 652 2964 studebimus.
667 2897 760 2979 Vale,
777 2910 810 2960 et
823 2917 962 2985 paucos,
980 2896 1037 2984 qui
1056 2895 1272 2984 irrepserunt,

197 3027 374 3092 operarum
392 3005 500 3094 lapsus
517 3001 664 3070 emenda.
