3196 5120
376 455 435 522 158
671 459 708 520 C.
732 455 926 520 VALERlI
957 455 1128 522 FLACCI

415 589 506 652 Stant
523 588 673 670 tumulis;
693 589 812 652 celeres
824 587 878 650 hic
893 588 997 675 prima
1012 587 1137 677 piacula
1153 587 1283 676 Pluyxo
1402 611 1439 648 a.

414 705 509 770 Ferte
527 725 644 786 manu,
661 703 845 792 cinerique,
859 725 992 791 precor,
1007 726 1078 766 mea
1092 701 1217 768 reddite
1233 703 1336 770 dicta:

415 820 514 883 ‹Ncn
529 841 590 908 ego
604 841 661 908 per
679 817 815 906 Stygiae,
830 816 920 904 quod
937 840 1025 899 rere,
1042 817 1167 881 silentia
1185 819 1282 906 ripae,

414 935 539 1014 Frater,
558 955 653 1022 agor,
669 933 786 998 lrustra
802 933 895 996 vacui
911 932 1062 996 scrutaris
1081 933 1217 1014 Averni,

414 1050 511 1129 Care,
522 1047 605 1128 vias;
622 1069 730 1135 neque
746 1047 834 1110 enim
851 1046 993 1134 scoptdis
1008 1068 1059 1110 me
1076 1061 1109 1110 et
1125 1043 1277 1111 fluctibus
1291 1063 1395 1112 actam

415 1163 547 1251 Frangit
564 1163 688 1242 hiems,
705 1161 802 1226 celeri
819 1161 983 1250 extemplo
997 1160 1126 1226 subiere
1141 1178 1290 1226 ruentem
1401 1183 1439 1221 sc

414 1277 595 1364 Cymothoe
605 1276 813 1364 Glaucusque
827 1298 943 1356 manu3
957 1290 1049 1363 pater
1066 1275 1135 1364 ipse
1150 1276 1305 1364 profundi

414 1392 478 1455 Has
494 1392 591 1455 etiam
608 1391 716 1472 sedes,
734 1391 804 1454 haec
818 1389 954 1454 numine
970 1389 1102 1454 tradidit
1118 1413 1213 1479 aequo

414 1510 545 1596 Regna,
561 1530 622 1570 nec
637 1507 725 1570 Inois
739 1522 851 1570 noster
866 1506 956 1570 sinus
972 1505 1095 1570 invidet
1112 1506 1218 1572 undis.
1228 1539 1241 1564 ι

414 1622 561 1704 Dixerat,
579 1638 612 1686 et
626 1637 756 1686 moestos
773 1621 945 1709 tranquilla
964 1621 1025 1685 sub
1044 1643 1175 1710 aequora
1189 1623 1299 1688 vultus

413 1739 495 1800 Cum
511 1737 633 1826 gemitu
647 1736 738 1818 tulit,
755 1752 793 1800 ut
810 1735 906 1823 patrii
921 1734 1047 1800 rediere
1063 1734 1201 1801 dolores.
1398 1758 1437 1797 ιω

412 1852 499 1915 Τιιηι
515 1852 628 1941 pelago
642 1853 717 1914 vina
731 1852 901 1939 invergens
918 1849 984 1914 dux
1003 1850 1120 1914 talibus
1135 1851 1228 1915 infit:
1243 1843 1247 1852 ¹

412 1965 602 2029 «Undarum
624 1965 723 2030 decus
741 1981 776 2028 et
789 1965 912 2054 gentis,
930 1965 1082 2028 Cretheia
1096 1967 1205 2055 virgo,

412 2080 523 2145 Pande
536 2083 639 2162 viam,
659 2102 823 2168 cursuque
838 2096 912 2143 tuos
926 2102 1001 2169 age,
1018 2079 1110 2162 dira,
1128 2081 1284 2149 moundo.
1295 2113 1310 2139 ι

456 2196 671 2283 Immittitque
687 2210 805 2274 ratem,
824 2193 1011 2282 mediasque
1027 2196 1197 2262 intervolat
1210 2198 1325 2279 urbes,
1410 2269 1413 2274 ,

413 2312 487 2393 Qua
501 2311 654 2375 brevibus
666 2309 745 2373 furit
758 2326 854 2373 aestus
867 2310 976 2397 aquis,
989 2311 1164 2400 Asiamque
1176 2332 1376 2402 prementem
1397 2340 1434 2379 aa

412 2425 538 2515 Effugit
556 2425 702 2512 abruptis
719 2425 852 2512 Europa
868 2424 1043 2489 immanior
1064 2426 1140 2491 oris.

397 2619 452 2666 600.
465 2617 566 2666 nonam
579 2619 616 2664 tic
626 2621 702 2681 primu
711 2621 749 2682 pia
763 2619 868 2664 solennia
878 2618 980 2680 Phryxo.
991 2621 1066 2666 vatio.
1080 2622 1170 2668 Bonam
1187 2621 1257 2670 codd.
1273 2625 1359 2672 tumul.
1368 2626 1403 2672 tic
1409 2645 1434 2688 p.

366 2702 404 2762 pio
415 2699 459 2746 eol.
470 2699 500 2744 Ρ.
513 2700 604 2744 Boron.
615 2699 625 2742 l
638 2707 661 2744 et
673 2697 845 2744 11.tunt.a1d.
858 2706 903 2744 etc.
917 2699 961 2744 lin.

402 2883 463 2931 too.
484 2881 529 2929 Hic
550 2883 656 2937 celem,
682 2888 744 2930 ante
770 2876 876 2940 omnia,
959 2878 1019 2941 609.
1034 2875 1083 2928 His
1097 2875 1175 2930 dictis
1189 2877 1338 2932 subundas
1351 2879 1431 2942 redit,

362 2962 443 3026 priano
450 2957 679 3026 piaru1a‚inlerias
687 2956 792 3028 Phryxo
799 2956 877 3022 ferte,
922 2967 1015 3007 moesta
1032 2967 1139 3021 tamen,
1155 2969 1185 3010 ut
1193 2963 1270 3026 partit
1284 2961 1378 3010 rediere
1390 2965 1432 3012 do·

366 3035 878 3108 cinerique,manibusejus‚meonomine
923 3037 1000 3096 lores,
1020 3037 1111 3106 patric
1133 3036 1291 3090 desiderium
1313 3039 1431 3091 animum

366 3115 445 3168 dicite
457 3133 464 3167 τ
476 3115 535 3166 Non
549 3133 614 3185 ego,
625 3113 697 3186 quod
709 3115 818 3166 fortasse
827 3131 877 3184 pu·
915 3114 1015 3184 tetigit.
1024 3119 1141 3167 -Patrr'r‘
1151 3121 1254 3176 dolores,
1265 3115 1336 3168 idem
1348 3117 1431 3188 quod,

365 3206 419 3256 tas,
437 3193 509 3267 apud
527 3194 625 3247 inferos
645 3211 719 3256 sum,
730 3195 877 3260 snrsuaqas
921 3192 1056 3247 domestici
1068 3213 1075 3248 :
1082 3201 1168 3264 patria
1180 3196 1249 3248 enim
1264 3195 1359 3248 domus
1372 3197 1431 3248 Hel-

365 3278 430 3325 vani
436 3311 443 3334 ,
454 3273 556 3335 inanis,
567 3274 601 3325 ab
610 3273 711 3324 umbris
720 3271 875 3334 inhabitati,
920 3272 951 3324 lta
962 3273 1011 3326 suit
1024 3274 1154 3340 inlausta,
1164 3277 1199 3328 ob
1209 3275 1377 3347 asperitatem
1388 3295 1431 3328 no·

364 3357 457 3405 Averni
474 3356 531 3404 viar
551 3355 676 3412 somatis,
699 3369 785 3422 neque
805 3351 875 3402 enirn
919 3369 1014 3404 vercae.
1026 3353 1079 3406 En.

365 3436 469 3499 seopulis
481 3445 506 3482 et
508 3434 622 3498 fhtctibrts
635 3446 717 3482 actam
727 3451 766 3480 me
773 3431 877 3498 frangit
957 3436 1018 3483 611.
1029 3433 1109 3484 daton
1120 3433 1148 3485 in
1161 3433 1291 3486 honorem
1305 3433 1359 3486 dem
1372 3453 1427 3486 mo-

364 3511 470 3577 (melius
472 3510 555 3578 fregit
564 3523 620 3562 tum
631 3547 638 3572 ,
648 3527 730 3580 quum
743 3509 823 3562 ariete
833 3527 876 3561 ex·
919 3508 983 3560 rinae
994 3511 1087 3562 vinum
1100 3512 1212 3583 invergit
1225 3513 1309 3574 mari,
1321 3515 1428 3584 ejusque

365 3589 509 3655 vidissem)
527 3591 618 3648 hiem,-
649 3589 704 3640 imo
729 3593 872 3653 (lrmotltoe,
920 3605 948 3640 se
968 3589 1137 3642 commendat
1154 3592 1267 3644 numini.
1289 3593 1358 3643 Tum
1380 3593 1429 3645 iter

364 3669 461 3730 nereis,
473 3681 497 3717 et
507 3672 613 3718 Glaucus
624 3665 728 3720 cadenti
739 3668 876 3738 subjecere
920 3669 1089 3738 prosequitur
1103 3687 1150 3740 per
1160 3672 1360 3738 angustissimam
1368 3673 1432 3738 freti

364 3763 475 3808 manum
481 3762 555 3813 pater
566 3751 630 3814 ipse,
644 3747 799 3819 Neptunus,
811 3751 879 3799 dedit
921 3745 1083 3817 Hellesponti
1096 3764 1207 3816 partem,
1224 3770 1275 3818 qua
1286 3753 1428 3802 brevioribus

364 3829 504 3886 lassedes,
517 3827 666 3894 dcrcregna,
683 3830 874 3894 oeqrtonnmlne,
912 3827 980 3893 frtrit
999 3841 1070 3878 oesms
1093 3832 1179 3894 aquis,
1201 3832 1241 3880 ubi
1257 3833 1345 3881 Asiam
1370 3850 1428 3898 pre-

362 3905 474 3976 propitin
495 3905 645 3968 voluntate,
665 3918 691 3958 et
710 3910 777 3957 siam
796 3919 879 3957 noster
920 3919 1036 3966 mentem,
1051 3907 1211 3975 proximam,
1222 3909 1313 3977 effirgr't
1324 3912 1428 3976 abrnpa's

364 3986 400 4038 ita
409 3995 634 4049 amoenusest,ut,
643 3983 790 4056 quodlnois
800 3985 877 4052 (0b1i·
918 3988 1017 4054 Europa
1032 3987 1176 4037 r'rnmanr'bru
1189 3991 1250 4046 on's,
1267 3988 1302 4039 ob
1317 3988 1429 4058 abrupta

365 4083 418 4135 que
429 4061 490 4115 ferit
503 4067 655 4133 novercam)
668 4069 741 4116 nadis
754 4068 873 4124 invideat,
918 4065 1099 4133 promontoria
1113 4085 1167 4118 non
1182 4078 1235 4117 tam
1247 4067 1366 4139 jucunda
1381 4067 1429 4120 ad-

363 4162 419 4195 non
428 4141 877 4214 habeat-Noainvidet‚praestan·
920 4145 1430 4217 spectu,quamAsimutiexplicatBur·

364 4223 399 4273 tia
413 4239 467 4273 non
482 4217 562 4274 cedit.
576 4221 626 4272 Eo.
920 4237 1042 4276 rnannus.
