3192 5128
359 571 491 623 cxxxiv
661 547 812 622 PETRI
844 549 1123 626 BURMANiil

357 707 413 748 sex
427 685 591 773 leguntur,
608 685 678 746 sine
694 693 774 748 note
788 685 882 766 unni,
898 680 961 749 loci
977 699 1033 749 aut
1048 685 1263 775 typographi,
1279 686 1337 752 sed
1350 685 1427 752 obe·

356 805 478 854 metere
494 789 715 877 pulcherrimo
733 789 801 868 inei
819 788 920 854 editus
937 790 1036 856 refert
1057 791 1256 874 Muitaitius,
1283 807 1375 858 tomo
1391 794 1424 874 1,

301 907 302 916 ’
356 920 388 984 p.
407 895 481 962 380.
498 897 605 984 Atque
623 895 692 960 baec
709 896 744 960 in
760 896 898 961 transitu
917 895 958 962 de
975 897 1213 963 bartholomaeo
1232 899 1351 964 Fontio
1366 899 1427 964 ob·

355 1022 497 1068 servasse
519 1023 587 1066 non
610 1000 827 1081 injucundum
844 1003 972 1090 puuvi,
1000 1003 1076 1092 quie
1095 1002 1164 1084 ejus
1185 1003 1246 1068 viri
1271 1005 1429 1070 memoria

354 1110 422 1175 iere
437 1106 644 1173 interciderat
656 1109 706 1172 vel
719 1107 909 1173 exoleverat.
925 1107 976 1174 An
989 1129 1066 1173 vero
1077 1109 1141 1192 iili,
1158 1109 1225 1174 sive
1236 1109 1426 1200 Philologus

356 1217 477 1304 (quern
489 1213 599 1278 iaudat
608 1213 735 1304 egregie
746 1213 891 1279 Crinitus
901 1213 941 1280 de
949 1215 1084 1279 Honest.
1094 1215 1227 1304 Discipl.
1237 1215 1294 1282 lib.
1304 1217 1425 1299 xvffl,

354 1341 423 1410 ocp.
442 1342 481 1402 2,
498 1337 532 1384 et
551 1341 619 1408 quo
637 1319 723 1385 duce
742 1319 919 1386 editionem
938 1321 1108 1386 Juntiuam
1121 1321 1280 1410 prodiisse
1296 1321 1427 1388 videtur

353 1427 528 1493 credidisse
543 1425 702 1492 Maserius
717 1425 758 1490 ad
775 1426 832 1492 lib.
849 1425 962 1515 I,7),
980 1428 1046 1493 sive
1063 1419 1222 1510 Fontius,
1239 1427 1348 1494 officio
1364 1451 1425 1492 suo

353 1547 442 1598 recte
464 1533 628 1622 perfuncti
649 1533 733 1616 sint,
754 1545 788 1597 et
806 1533 895 1597 bona
911 1531 977 1598 iide
992 1533 1142 1599 Fiaccum
1158 1531 1338 1616 ediderint,
1351 1534 1426 1614 jure

354 1639 496 1732 dubitari
512 1653 640 1728 potest:
659 1639 799 1728 piurima
822 1639 909 1702 enim
929 1639 1000 1703 siue
1017 1639 1102 1721 ulla,
1124 1655 1164 1704 ut
1177 1639 1321 1723 ridetur,
1338 1635 1426 1706 c'odi·

353 1763 429 1810 oum
455 1745 652 1835 scriptorum
673 1745 883 1822 auctoritate,
906 1757 992 1808 certe
1018 1743 1107 1808 nulia
1131 1741 1256 1808 reddita
1278 1745 1424 1828 ratione,

352 1851 544 1935 mutavisse,
561 1869 594 1916 et
607 1851 808 1932 conjectures
821 1873 895 1916 sues
906 1851 1021 1914 lectori
1032 1848 1235 1938 imprudenti
1248 1851 1426 1916 obtrusisse

351 1951 458 2047 putet,
480 1973 514 2022 et
537 1958 730 2046 intepretes
747 1957 961 2046 posteriores,
983 1963 1017 2020 et
1038 1977 1098 2020 nos
1121 1956 1239 2044 possim
1261 1955 1424 2022 editomm

352 2064 473 2128 borum
489 2063 705 2128 temeritatem
720 2063 755 2126 iu
769 2062 856 2126 notis
870 2060 1083 2126 ostendimus.
1095 2061 1179 2125 Num
1192 2061 1255 2126 hoo
1268 2062 1338 2126 fere
1348 2065 1426 2128 Jun-

351 2170 495 2236 tinstum
520 2169 701 2234 editionum
726 2167 831 2232 fetum
853 2167 932 2248 fuit,
951 2183 990 2230 ut
1010 2188 1072 2256 pro
1094 2167 1229 2255 ingenio
1245 2183 1302 2232 etrt
1318 2167 1424 2233 etttdi·

351 2275 441 2338 tione
465 2289 687 2337 correctorum
707 2289 794 2336 note
809 2271 950 2335 melioris
967 2271 1123 2335 lectiones
1146 2271 1342 2356 exhibeant,
1367 2289 1423 2337 eut

349 2399 412 2468 pro
430 2379 590 2467 Mperitis
605 2394 638 2442 et
660 2377 792 2444 audacie
808 2378 1035 2466 imperitorum
1053 2377 1214 2466 insignem
1232 2378 1267 2440 in
1284 2377 1422 2444 modum

350 2486 416 2549 sint
428 2481 626 2573 depravate:
641 2483 687 2547 sie
701 2482 841 2549 Marullo
854 2499 987 2548 auctore
999 2483 1225 2548 Lucretiunam
1240 2483 1348 2547 luntre*
1358 2483 1423 2550 edi·

350 2591 494 2672 tionem,
510 2613 528 2653 a
542 2591 639 2656 Petro
654 2588 803 2654 Candido
815 2607 979 2671 curatam,
994 2585 1087 2678 pejus
1097 2589 1163 2652 ulls
1174 2589 1235 2652 siis
1246 2588 1421 2653 esse’habi·

349 2709 416 2762 tem
432 2697 473 2762 sb
493 2697 550 2761 iiio
568 2695 726 2761 audacuio
745 2697 876 2780 Graeoo,
896 2711 1068 2784 querentes
1080 2694 1261 2760 victorium
1275 2710 1309 2759 et
1323 2695 1422 2760 Sosii·

349 2823 466 2894 gerum
485 2801 618 2866 exbibet
636 2801 676 2866 cl.
690 2801 855 2866 Fabricius
868 2801 903 2864 in
916 2799 997 2865 Bibi.
1012 2799 1141 2880 Latina,
1158 2813 1250 2864 tomo
1262 2801 1295 2877 l,
1311 2824 1344 2890 p.
1358 2797 1420 2887 59,

351 2925 385 2974 et
400 2925 423 2974 t.
442 2909 493 2990 11,
506 2932 538 2997 p.
553 2907 616 2990 45,
638 2923 671 2972 et
690 2907 755 2971 hoo
774 2906 815 2971 de
833 2906 921 2988 eliis,
938 2907 963 2970 si
982 2904 1018 2969 id
1031 2903 1194 2994 agendum
1210 2919 1316 2990 esset,
1330 2907 1421 2972 facile

350 3015 479 3082 ostendi
496 3029 628 3104 posset:
651 3012 710 3078 sed
733 3013 810 3102 quia
831 3011 918 3078 idem
940 3012 1094 3100 pestilens
1115 3009 1205 3076 sidus
1223 3003 1421 3078 correctores

350 3121 489 3187 officinae
506 3119 629 3186 Aldine
646 3135 679 3183 et
695 3119 829 3184 alierum
844 3115 982 3199 efflavit,
999 3117 1092 3204 pium
1109 3134 1207 3198 mox,
1224 3115 1282 3181 ubi
1299 3117 1340 3182 sd
1352 3119 1420 3184 iiius

350 3226 508 3292 editiones
529 3246 588 3291 nos
611 3225 709 3289 series
731 3223 886 3306 deduxit,
911 3222 1156 3288 observabimus
1178 3221 1211 3286 irt
1236 3222 1320 3288 bano
1339 3247 1418 3289 rem.

351 3335 449 3398 Nunc
463 3333 504 3398 sd
516 3332 698 3422 proximem
715 3329 756 3394 ab
770 3330 831 3394 bec
845 3329 1021 3394 editionem
1036 3347 1096 3392 nos
1114 3328 1330 3394 conferemus.

394 3437 519 3501 Eodem
541 3440 579 3502 A.
606 3435 688 3523 1517
708 3433 865 3524 prodiisse
881 3435 1030 3500 Hierum
1047 3433 1177 3498 Parisiis
1202 3452 1277 3499 curn
1298 3435 1419 3524 AEgidii

350 3545 479 3612 Maserii
495 3543 644 3624 scholiis,
663 3541 865 3606 Ascensionis
883 3542 987 3630 typis,
1007 3543 1106 3607 referi
1124 3544 1322 3626 Maitsirius,
1343 3559 1365 3607 t.
1387 3541 1417 3608 Π

350 3653 546 3740 Annei-pag.
561 3649 642 3728 306;
660 3671 757 3736 qutun
767 3649 794 3713 si
804 3647 936 3730 viderit,
950 3647 1045 3713 fidem
1056 3651 1115 3739 ipsi
1130 3643 1312 3714 habendam
1325 3665 1416 3737 puto.

350 3759 517 3825 Fabricius
534 3773 642 3820 temen
658 3777 781 3818 annum
801 3754 884 3841 15¹9
897 3755 951 3819 isti
966 3755 1105 3821 editioni
1120 3757 1276 3846 assignat,
1297 3771 1330 3819 ct
1349 3755 1418 3843 ipse

339 3863 505 3953 ,plurimas
524 3862 589 3925 hoo
602 3883 690 3924 anno
712 3875 837 3924 notatas
854 3859 940 3942 vidi,
958 3877 991 3926 et
1008 3861 1078 3925 duo
1100 3853 1209 3926 adbuc
1226 3861 1417 3950 exemplaris

350 3991 460 4052 servo,
483 3965 929 4057 quae1519=praefcrunt,ct
952 3969 986 4029 in
1010 3967 1118 4046 fronte
1139 3967 1260 4046 jactant
1285 3967 1417 4056 prodire

349 4099 423 4143 cunr
444 4073 666 4140 eruditissimis
684 4072 805 4163 AEgidii
821 4073 951 4138 Maserii
967 4073 1193 4137 Perrbisiensis
1214 4089 1417 4137 commenta·

349 4185 420 4264 tiis,
436 4199 468 4247 et
484 4180 666 4246 venundari
684 4181 719 4244 in
736 4179 860 4244 aedibus
872 4179 1005 4245 Joannis
1019 4178 1113 4242 Parvi
1129 4193 1163 4242 et
1179 4178 1293 4244 Jodoci
1308 4177 1415 4262 badii,

349 4288 539 4354 eorumdem
563 4286 783 4376 impressoris3
808 4307 870 4352 nec
893 4307 964 4350 eam
989 4284 1103 4348 denuo
1121 4301 1289 4350 recensere
1308 4284 1416 4348 omisit
