3246 5112
391 475 450 515 112
692 449 729 512 C.
753 447 948 510 VALERll
976 449 1149 514 FLACCI

424 567 550 629 Lemniis
569 564 740 644 persuadet,
761 586 827 643 quae
844 565 968 644 reliquas
989 582 1077 625 noctu
1098 587 1289 648 congregant,
1309 577 1448 652 135-173.

423 673 534 727 Harum
547 665 634 722 coetui
647 683 678 722 se
695 664 835 722 immiscet
847 663 911 742 ipsa
921 669 1036 736 Venus,
1052 677 1081 722 ct
1093 665 1123 722 in
1139 667 1269 727 furorem
1286 691 1334 730 eas
1352 677 1447 735 vertit.

421 761 547 823 Lemniae
572 761 679 840 igitur,
700 759 827 818 laetitiam
845 760 1026 832 simulantes,
1045 758 1162 820 blandis
1176 764 1274 825 verbis
1295 769 1448 830 redeuntes

421 861 539 920 maritos
553 859 715 939 excipiunt,
724 857 841 917 eosdem
854 871 949 916 tamen
961 859 1037 916 inter
1050 859 1151 937 epulas
1164 862 1363 940 trucidaturae,
1379 879 1448 941 174-

423 958 488 1036 195.
504 963 602 1017 Venus
616 976 693 1014 nnnc
707 955 770 1034 ipsa
782 956 896 1034 perficit
909 975 999 1034 opus,
1015 956 1194 1034 feminasque
1209 959 1250 1018 ita
1268 963 1446 1039 exstimulat,

421 1071 454 1116 ut
468 1056 587 1114 maritos
601 1054 790 1124 interficiant,
801 1052 963 1131 iisdemque
979 1053 1081 1112 mortis
1094 1056 1214 1115 comites
1226 1055 1296 1117 dent
1309 1059 1447 1121 Thressas

418 1156 562 1234 captivas,
582 1155 723 1229 196-241.
736 1153 804 1213 Sola
815 1153 975 1231 Hypsipyle
986 1153 1080 1231 parcit
1093 1156 1188 1231 patri,
1207 1156 1238 1213 in
1253 1159 1359 1218 Bacchi
1373 1175 1446 1220 tem·

417 1253 587 1330 plumeum
612 1263 703 1309 noctu
730 1247 857 1327 abripit,
879 1265 945 1308 orto
969 1251 1030 1309 sole
1055 1251 1159 1330 Bacchi
1184 1252 1285 1311 habitu
1311 1254 1445 1316 indutum

416 1369 524 1428 pompa
540 1367 594 1427 per
607 1347 711 1406 urbem
725 1346 860 1418 deducit,
877 1359 906 1404 et
920 1348 950 1404 in
962 1349 1035 1406 silva
1048 1347 1114 1406 urbi
1128 1351 1293 1428 propinqua
1306 1355 1443 1430 occultat,

416 1444 533 1505 tandem
547 1444 641 1522 fragili
661 1442 772 1521 cymbae
787 1443 955 1521 impositum
973 1445 1074 1502 Dianae
1093 1446 1228 1523 praesidio
1245 1449 1442 1526 commendat,

413 1563 479 1621 quae
497 1544 614 1600 miserta
630 1539 662 1597 in
679 1539 891 1598 Chersonesrnn
901 1540 1056 1598 Tauricam
1074 1543 1212 1618 sospitem
1225 1544 1323 1602 avehit
1332 1547 1427 1606 virum
1432 1592 1441 1620 ‚

414 1639 527 1718 sibique
539 1636 719 1698 sacerdotem
730 1635 889 1709 constituit,
906 1638 1052 1705 ala-305.
1063 1639 1190 1696 Lemniae
1204 1660 1295 1700 novas
1307 1641 1364 1702 sibi
1377 1648 1443 1704 scri-

412 1738 488 1797 bunt
499 1737 592 1814 leges,
610 1735 864 1813 Hypsipylenque,
881 1735 996 1813 pictatis
1009 1736 1040 1792 in
1053 1749 1167 1814 patrem
1181 1738 1297 1812 nescire,
1312 1742 1439 1820 reginam

412 1847 528 1906 creant,
549 1833 689 1892 306-310.
704 1837 767 1890 Jam
782 1853 798 1890 e
813 1832 982 1911 propinquo
996 1833 1178 1912 conspiciunt
1191 1854 1309 1909 navem,
1325 1858 1379 1896 nec
1392 1842 1440 1897 fn-

411 1951 463 1990 ror
480 1931 563 1990 deest
578 1931 657 1988 ferro
675 1943 705 1987 et
724 1931 790 2006 igne
811 1927 930 2004 arcendi
953 1929 1080 1989 advenas
1099 1951 1208 2003 mares;
1231 1933 1282 1990 sed
1295 1937 1439 1995 Vulcanus

409 2035 551 2088 Venerem
567 2025 682 2086 tandem
693 2025 842 2106 deponere
854 2027 928 2084 iram
938 2023 1038 2103 jubet3
1049 2041 1079 2085 et
1090 2029 1213 2104 Polyxo,
1226 2031 1326 2090 vetula
1336 2035 1439 2112 Hypsi·

410 2127 491 2207 pyles
512 2127 624 2198 nutrix,
646 2125 761 2196 suadet,
786 2139 819 2184 ut
842 2137 932 2204 portu
956 2126 1103 2203 excipiant
1125 2128 1302 2204 peregrinos.
1328 2133 1439 2210 Regina

407 2226 506 2303 itaque
521 2224 680 2302 Iphinoen,
696 2224 757 2281 baec
772 2223 984 2296 nuntiaturam,
1005 2222 1168 2301 praemittit,
1192 2237 1365 2302 taurrnnque
1379 2249 1439 2287 ma-

408 2323 480 2380 ctari
494 2321 579 2399 jubet
595 2323 625 2379 in
641 2321 783 2379 honorem
795 2321 932 2392 Veneris,
946 2339 1006 2397 qno
1026 2319 1081 2378 dea
1097 2321 1128 2378 in
1146 2321 1268 2398 gratiam
1281 2323 1358 2382 redit
1371 2347 1437 2385 cum

407 2415 714 2490 Lemniis,'311-331.
738 2423 812 2476 Tum
836 2420 936 2496 regina
957 2421 1092 2476 Jasonem
1118 2416 1237 2476 deducit
1258 2419 1289 2476 in
1316 2419 1436 2495 urbem,

407 2529 549 2574 monstrat
566 2513 711 2573 officinam
723 2515 864 2586 Vulcani,
886 2529 1044 2592 narratque
1062 2513 1143 2572 urbis
1160 2527 1190 2572 ct
1208 2516 1435 2594 magnitudinem

407 2625 436 2670 et
447 2631 534 2690 opes,
546 2612 687 2679 ssa-340.
705 2617 820 2670 Interea
832 2611 1000 2670 convivium
1014 2623 1148 2688 paratur,
1162 2612 1192 2668 in
1206 2611 1302 2671 medio
1318 2634 1434 2674 acciun-

405 2708 480 2769 bunt
491 2715 580 2768 Jason
592 2723 622 2768 et
635 2710 812 2790 Hypsipyle,
825 2711 856 2766 in
871 2729 967 2768 seram
981 2729 1072 2786 usque
1085 2721 1199 2767 noctem
1214 2730 1360 2771 sermones
1373 2727 1434 2770 tra-

307 2889 309 2894 .
405 2809 524 2868 huntur.
541 2812 657 2889 Jupiter
671 2811 733 2887 ipse
753 2830 831 2866 novo
843 2809 1030 2867 Lemniorum
1044 2808 1136 2866 arnoni
1149 2808 1293 2887 indulget,
1305 2829 1340 2868 eo
1353 2811 1433 2887 quod

403 2908 496 2968 &am
509 2920 709 2986 tempestatem
721 2909 842 2978 excitat,
859 2927 925 2984 quae
939 2927 1043 2965 navem
1059 2907 1136 2984 cogit
1149 2907 1225 2964 intra
1237 2921 1354 2984 portum
1371 2927 1432 2966 sese

404 3005 565 3077 continere,
578 3007 722 3076 tar-372.
734 3010 862 3077 Quartus
874 3081 876 3084 Ι
881 3003 941 3081 jam
963 3002 1025 3062 dies
1046 3004 1153 3082 agitur,
1169 3022 1260 3081 quum
1276 3005 1430 3076 Hercules,

403 3104 454 3180 qui
467 3123 532 3162 cum
551 3104 651 3180 paucis
670 3102 733 3160 aliis
749 3103 778 3159 in
793 3103 860 3159 navi
872 3115 1065 3170 remanserat,
1085 3100 1222 3178 longioris
1234 3120 1324 3159 morae
1335 3102 1430 3180 impa-

403 3204 491 3272 tiens,
513 3203 611 3260 Jasoni
634 3199 762 3259 desidem
784 3203 885 3259 luxum
909 3199 1082 3279 exprobrat,
1101 3218 1195 3276 eoque
1217 3198 1321 3270 efficit,
1343 3213 1375 3258 ut
1393 3197 1429 3256 ad

401 3297 514 3356 abitum
536 3299 631 3356 statim
654 3299 751 3356 omnia
772 3311 926 3376 parentur,
941 3297 1083 3372 373-392.
1099 3296 1173 3354 Hinc
1194 3313 1288 3352 novus
1308 3295 1337 3351 in
1356 3293 1428 3352 urbe

401 3395 486 3454 dolor
508 3395 632 3467 exsistit,
656 3396 830 3474 Hypsipyles
851 3395 881 3452 in
902 3395 1018 3472 primis,
1041 3413 1106 3471 qum
1127 3391 1282 3452 abeuntem
1305 3391 1424 3450 amicum

401 3489 553 3568 chlamyde
567 3490 657 3550 donat
675 3511 729 3548 acu
745 3491 859 3570 egregie
876 3493 954 3568 picta
968 3505 997 3548 et
1007 3509 1076 3548 cnse
1090 3489 1182 3568 patris
1191 3488 1344 3560 Thoantis,
1363 3499 1426 3545 tan-

399 3586 524 3666 demque
540 3589 626 3665 petit,
640 3601 674 3645 ut
686 3587 717 3644 in
735 3587 831 3646 reditu
850 3586 947 3646 denuo
966 3587 1087 3659 revisat,
1099 3591 1235 3644 Jasonem
1247 3584 1426 3642 osculaturus

400 3685 570 3762 pucrulum,
588 3687 726 3762 393-427.
742 3685 809 3742 Alta
821 3696 925 3762 petunt
943 3689 1132 3761 Argonautae,
1155 3694 1185 3739 et
1199 3681 1349 3759 appellunt
1360 3680 1426 3737 Ele·

398 3782 500 3839 ctriam
512 3780 755 3860 (Samothracen),
771 3780 822 3838 ubi
836 3801 852 3838 a
871 3779 1020 3840 sacerdote
1031 3779 1146 3856 Thyote
1162 3779 1249 3838 sacris
1264 3777 1425 3836 initiantur.

397 3883 474 3936 Tum
491 3877 610 3936 Imbron
630 3879 860 3956 transnavigant,
882 3892 912 3935 et
932 3878 961 3934 in
979 3877 1064 3954 Sigeo
1083 3877 1166 3934 litore
1182 3872 1355 3944 escendunt,
1375 3870 1425 3930 ubi

397 3974 452 4033 sub
469 3976 600 4034 tentoriis
612 3996 641 4034 se
653 3990 800 4046 recreant,
813 3973 951 4042 tad-450.
967 3974 1106 4031 Hercules
1122 3986 1151 4030 et
1163 3973 1303 4030 Telamon
1315 3971 1424 4027 interea

397 4092 451 4151 per
473 4073 558 4130 litora
579 4073 735 4150 spatiantes
758 4071 879 4129 audiunt
898 4067 1113 4128 laruentabilem
1133 4088 1248 4139 vocem,
1271 4086 1359 4144 quam
1378 4085 1424 4122 se-

393 4185 502 4249 quutus
521 4171 660 4230 Hercules
681 4169 804 4228 offendit
822 4169 964 4246 virginem
985 4169 1014 4224 in
1033 4187 1102 4224 sano
1127 4169 1235 4224 catenis
1257 4165 1422 4223 adstrictam

370 4311 376 4327 .
394 4267 574 4347 (Hesionen)
595 4267 815 4344 Laomedontis,
837 4265 942 4342 trojani
958 4265 1052 4342 regis,
1074 4264 1176 4336 liliam,
1191 4284 1256 4340 quae
1275 4283 1304 4322 se
1325 4271 1423 4320 narrat
