3192 5128
372 547 430 596 ειν
681 519 835 592 partu
864 487 1136 600 sunmanst
1249 595 1251 602 .

371 673 405 720 et
420 655 508 736 aliis,
525 673 609 741 quos
631 650 777 734 inducit,
794 652 891 741 prisci
912 654 970 718 mvi
991 649 1088 737 viris,
1103 655 1190 722 bene
1208 671 1266 720 aut
1287 659 1369 727 maie
1386 661 1442 726 ad·

369 762 546 826 ministrata
560 760 705 824 bierunt.
722 758 755 824 si
769 758 837 839 ejus
850 760 991 850 vestigiis
1006 761 1154 828 insistere
1166 762 1354 850 posterioris
1366 783 1440 832 teta·

369 869 409 933 tis
424 880 529 956 poetae
544 865 739 946 voluissent,
757 886 826 929 non
842 879 909 930 tam
927 865 1065 954 turpiter
1082 867 1242 932 caelestem
1259 866 1439 936 doctrinam
1485 889 1489 904 ’

368 972 677 1054 commaculassent,
692 993 799 1059 neque
811 971 869 1036 ubi
880 971 992 1061 paucis
1005 971 1185 1042 admodum
1196 974 1303 1040 uerbis
1313 975 1354 1042 de
1362 978 1440 1044 acti·

366 1081 429 1144 bus
448 1075 666 1168 quorumdam
688 1077 862 1143 hominurn
884 1078 1047 1168 egissent,
1072 1078 1199 1162 statim,
1225 1095 1380 1169 tanquam
1402 1084 1437 1148 in

365 1183 532 1251 Porticu'm
544 1199 601 1247 aut
610 1179 816 1248 Academiam
827 1198 936 1248 essent
949 1183 1105 1266 translati,
1115 1184 1329 1275 philosophos
1342 1211 1437 1279 agere

364 1292 545 1380 coepissent.
562 1290 638 1354 Non
655 1288 808 1354 movendi
832 1304 911 1359 tunt
934 1305 992 1356 aut
1014 1289 1169 1356 turbandi
1191 1291 1433 1382 disciplinarum

363 1397 506 1462 termini.
522 1395 630 1462 Poetae
641 1417 676 1460 se
690 1389 900 1460 barbatorum
913 1395 1003 1486 gregi
1014 1395 1190 1464 admiscere
1204 1398 1432 1490 dedignantur,

362 1519 396 1568 et
411 1527 449 1568 ex
469 1503 561 1567 vanis
579 1503 648 1569 istis
666 1503 800 1592 argutiis
824 1518 858 1568 et
873 1503 1109 1570 sententiarum
1131 1506 1269 1594 strepitu
1284 1530 1318 1574 se
1334 1530 1432 1596 expe·

360 1609 508 1692 dientes,
527 1623 561 1673 et
578 1609 661 1698 ipsas
684 1609 836 1674 humana
858 1610 931 1674 aitte
955 1626 988 1675 et
1012 1610 1210 1678 conditionis
1230 1613 1372 1699 actiones
1391 1635 1430 1680 ex

360 1715 426 1780 alto
442 1715 535 1802 quasi
555 1713 831 1801 contemplantes,
851 1715 1000 1803 populis,
1014 1731 1048 1780 et
1063 1715 1197 1782 habenti
1211 1717 1322 1784 nubila
1337 1734 1429 1787 tetrae

359 1843 394 1884 se
407 1820 568 1908 eripiunt,
585 1835 619 1884 et
633 1819 726 1908 quasi
741 1819 827 1886 inter
839 1819 918 1886 deos
933 1823 1054 1911 recepti
1068 1839 1195 1906 essent,
1212 1824 1361 1912 spiritum
1378 1825 1429 1888 di·

356 1927 435 1992 vino
451 1927 526 2016 igne
541 1923 695 1990 adflatum
708 1949 768 2014 per
777 1929 878 1992 varias
894 1927 1043 2017 ambages
1057 1945 1090 1995 et
1102 1923 1288 2000 fabulosum
1302 1947 1430 1998 senten·

355 2033 475 2096 tiarum
490 2047 691 2097 tormentum
707 2032 815 2119 (velut
826 2033 927 2096 telum
938 2055 997 2122 per
1007 2034 1154 2102 balistam
1166 2036 1312 2123 torqueri
1326 2037 1426 2124 solet)

355 2137 566 2228 precipiunt.
581 2138 653 2202 Hoc
667 2137 866 2202 sanctissime
877 2138 1022 2227 plerique
1034 2139 1222 2206 Graecorum
1234 2157 1356 2228 pcetoe,
1367 2142 1426 2228 qui

354 2245 454 2334 opicae
481 2243 619 2308 fictionis
643 2260 792 2308 auctores
814 2244 926 2326 fuere,
945 2260 978 2309 et
992 2246 1079 2310 inter
1094 2246 1225 2310 Latinos
1245 2269 1305 2333 par
1323 2247 1423 2311 modo

252 2343 253 2357 ¹
353 2351 434 2416 iilud
451 2349 582 2431 nobile,
600 2349 753 2438 Virgilius
775 2366 808 2414 et
829 2350 982 2432 Flaccus,
1005 2351 1153 2441 religiose
1174 2350 1422 2434 custodierunt3

352 2458 408 2546 qui
426 2456 542 2536 mam,
558 2469 597 2518 ut
618 2476 731 2518 omnes
752 2475 818 2518 suae
838 2454 942 2544 gentis
960 2470 1070 2542 poetas
1090 2455 1258 2536 vicerunt,
1274 2456 1318 2520 ita
1334 2457 1421 2544 ipsos

259 2579 263 2588 “
350 2563 434 2644 illos,
448 2583 531 2650 quos
544 2555 607 2624 sibi
616 2558 817 2650 effingendcs
829 2576 1076 2648 proposuerant,
1088 2562 1269 2626 Homerum
1283 2577 1317 2628 et
1325 2563 1422 2650 Apol·

349 2669 476 2732 lonium
493 2664 678 2746 Rhodium,
694 2665 834 2754 palmam
850 2666 912 2733 sibi
929 2665 1044 2730 cedere
1059 2683 1246 2754 coegerunt.
1262 2668 1420 2734 Institue-

348 2790 427 2839 runt
437 2773 503 2854 jam
523 2773 616 2854 olim,
632 2789 666 2836 et
680 2771 731 2836 his
747 2772 843 2836 etiam
857 2772 1074 2861 temporibus,
1087 2773 1148 2836 riri
1162 2771 1350 2856 doctissimi,
1365 2775 1418 2838 in·

348 2898 399 2945 ter
414 2871 595 2944 Homerum
617 2892 650 2942 et
669 2877 841 2966 Virgilium
857 2878 1152 2966 comparationem,
1169 2893 1203 2944 et
1219 2901 1277 2969 per
1295 2879 1416 2968 species

347 2985 613 3051 demonstrarunt
623 2984 763 3048 multum
775 2982 891 3048 Latino
902 2998 974 3047 vate
988 2983 1148 3048 minorem
1164 3005 1234 3050 esse
1245 2983 1414 3050 Graecum:

345 3091 381 3155 in
401 3089 531 3154 Valerio
553 3105 586 3153 et
606 3089 780 3177 Apollonio
798 3087 834 3153 id
851 3111 950 3153 nemo
966 3105 1133 3171 accurate,
1152 3105 1185 3154 et
1207 3105 1244 3154 ut
1261 3089 1414 3173 decebat,

346 3196 454 3262 adhuc
464 3195 616 3270 tentavit,
634 3217 737 3282 quum
747 3194 896 3258 facillime
905 3194 978 3282 quis
991 3193 1026 3260 id
1038 3211 1188 3283 praestare
1197 3212 1323 3285 posset3
1343 3212 1414 3260 tan·

346 3318 418 3368 tum
433 3300 521 3364 enim
537 3301 621 3364 inter
639 3315 817 3386 utrumque
834 3298 1006 3364 discrimen
1023 3299 1211 3382 intercedit,
1225 3316 1263 3366 ut
1275 3323 1316 3364 ne
1332 3325 1412 3366 con·

345 3406 437 3498 gredi
451 3405 584 3494 quidem
600 3427 676 3469 cum
691 3405 806 3468 Flacco
818 3403 952 3468 auderet
961 3404 1162 3493 Apollonius.
1181 3403 1244 3470 Sed
1258 3427 1360 3493 quum
1375 3406 1410 3472 id

340 3513 420 3593 justi
431 3510 654 3577 commentarii
668 3509 838 3598 negotium
852 3509 910 3591 sit,
925 3530 1032 3597 neque
1043 3509 1240 3598 praefationis
1255 3511 1409 3599 angustiis

342 3616 424 3683 illud
443 3615 663 3681 circumscribi
686 3615 806 3702 possit,
824 3614 858 3678 iu
875 3629 1098 3703 opportunum
1117 3632 1246 3705 tempus
1261 3617 1409 3697 rejicien-

342 3725 423 3790 dum
442 3747 512 3790 esse
533 3737 696 3812 putamus.
715 3720 765 3785 Ne
783 3736 891 3784 tamen
914 3721 983 3785 bato
1006 3722 1103 3812 gratis
1125 3745 1177 3788 mc
1201 3721 1318 3787 dixisse
1336 3722 1408 3810 quis

341 3831 514 3911 existimet,
524 3828 709 3918 speciminis
720 3828 793 3892 loco
804 3827 1048 3894 celeberrimum
1057 3829 1149 3894 illum
1162 3829 1251 3917 Hylae
1260 3845 1406 3916 raptum,

340 3962 359 4003 a
372 3951 422 4002 tot
433 3936 537 4026 poetis
551 3935 647 3999 etiam
663 3935 732 3998 aliis
748 3933 972 4018 decantatum,
991 3958 1031 4000 ex
1043 3952 1184 4022 utroque
1196 3936 1337 4000 breviter
1348 3933 1406 4000 de·

340 4043 535 4124 scribemus,
552 4058 589 4105 ut
600 4063 659 4130 per
672 4063 705 4105 se
717 4040 820 4106 lector
831 4041 1008 4124 dijudicare
1021 4042 1140 4130 possit,
1154 4057 1276 4129 quanto
1290 4042 1406 4106 melius

338 4167 442 4238 poctae
451 4169 623 4237 personam
632 4147 813 4236 impleverit
821 4147 1162 4237 FlaccusApollonius
1171 4164 1289 4230 narrat,
1300 4171 1403 4236 quum

338 4257 372 4319 in
387 4256 555 4343 Mysorum
573 4269 673 4318 terras
695 4253 896 4342 appulissent
911 4255 1123 4344 Argonautse,
1139 4255 1330 4336 Herculem,
1345 4276 1402 4318 cu-
