3192 5128
278 617 281 624 ⁴
362 555 483 603 cxxxu
663 533 813 605 PETRI
836 527 1118 606 'BURMANNI
1144 523 1150 528 ’

363 661 481 726 deinde
502 661 709 744 Parisiensis,
735 663 772 728 Α.
794 661 894 746 1512,
918 652 1067 753 period.
1090 663 1226 728 Badium
1243 666 1432 734 detensium

363 784 396 832 et
418 770 574 832 loannem
596 765 756 850 Parvum,
774 768 867 848 cujus
895 769 992 833 etiam
1018 769 1112 859 copia
1135 761 1231 834 nobis
1253 769 1336 834 facta
1365 793 1432 836 non

363 871 445 936 fuit:
464 895 534 936 eam
550 893 629 937 vero
646 893 736 953 esse,
752 895 851 960 quam
864 873 1051 938 Parisiensis
1068 874 1203 938 nomine
1219 875 1338 962 passim
1358 875 1434 940 citat

363 977 543 1055 Maserius,
562 976 735 1042 oredimus.
761 977 825 1042 Sed
842 975 1030 1061 luminam,
1049 968 1107 1053 ,As
1122 978 1226 1067 1517,
1244 979 1346 1062 in·8,
1360 983 1434 1044 rei·-

363 1083 457 1148 sandi
472 1083 657 1148 facultatem
671 1083 864 1165 babuimus,
876 1105 1012 1174 eamque
1023 1107 1151 1150 curasse
1160 1087 1433 1151 bartholomaeum

363 1189 535 1271 Fontium,
551 1189 637 1254 varia
648 1189 834 1279 linguarum
848 1191 1013 1256 literatura
1025 1192 1189 1256 munitum
1205 1207 1304 1281 atque
1316 1193 1434 1258 instru-

363 1311 472 1375 ctum,
488 1317 528 1360 ex
543 1297 732 1383 praefatione
747 1295 912 1361 Benedicti
925 1296 1086 1388 Philologi
1103 1297 1283 1363 Florentini
1298 1297 1340 1362 ad
1358 1302 1435 1366 Bet-

364 1399 503 1464 na'rdum
519 1399 758 1466 Micbalottium
772 1400 961 1484 didicimus,
979 1401 1037 1468 sed
1048 1425 1122 1490 quac
1133 1404 1229 1468 simul
1241 1404 1432 1492 scrupulum

363 1506 467 1586 injicit
481 1505 523 1571 de
537 1507 773 1572 commentario
788 1507 932 1588 ejusdem
951 1508 1059 1574 Fontii
1076 1507 1142 1596 (ι),
1160 1532 1227 1598 quo
1244 1509 1433 1574 destituitur

364 1613 417 1677 illa
430 1611 532 1676 editio
543 1637 552 1695 ;
568 1635 642 1677 nam
656 1611 763 1694 addit,
778 1613 958 1703 elegantem
971 1630 1004 1678 et
1016 1613 1176 1678 eruditam
1191 1616 1260 1695 ejus
1273 1615 1433 1702 interpre-

364 1719 520 1784 tationem
544 1709 578 1785 se
604 1741 670 1786 una
697 1739 774 1786 cum
796 1721 864 1786 aliis
884 1721 1165 1786 lucubrationibus
1189 1722 1354 1810 publicare
1366 1722 1432 1801 jam

364 1825 546 1890 accinctum
570 1849 656 1908 esse,
669 1841 749 1914 'quae
773 1849 814 1891 an
837 1849 984 1914 unquam
1002 1825 1161 1915 prodierit
1183 1827 1314 1892 nescio:
1333 1825 1435 1892 edidit

365 1929 499 2018 quidem
520 1932 688 2022 Georgius⁸
699 1934 839 2013 Remus,
857 1933 885 1996 l.
898 1933 933 1996 C.
954 1932 1128 1997 et'Noricae
1146 1931 1343 2019 Reipublicae
1355 1954 1435 1996 con·

365 2032 687 2118 siliarius‚'Francof.
707 2038 744 2102 A.
764 2037 867 2117 1621,
888 2059 986 2126 opera
997 2036 1247 2124 exquisitissima
1265 2038 1434 2101 Bartholo-

364 2142 437 2206 maei
451 2142 563 2206 ¹Fontii
580 2141 760 2206 Florentini
777 2165 809 2206 v.
831 2142 876 2205 cl:
891 2141 1053 2206 familiaris
1075 2135 1220 2205 Matthiae
1241 2143 1326 2230 regis
1347 2143 1433 2206 Pan·

366 2247 561 2329 noniorunt3
577 2245 635 2312 sed
654 2247 739 2311 inter
757 2247 810 2311 illa
828 2247 929 2327 nihil,
947 2245 1036 2334 quod
1055 2245 1096 2310 ad
1107 2245 1271 2310 Valerium
1284 2263 1432 2311 nostrum

366 2370 505 2442 spectet,
521 2354 645 2443 reperi,
665 2354 727 2417 nisi
743 2353 855 2441 quod,
876 2353 909 2416 in
929 2352 1076 2441 dialogo,
1093 2353 1149 2440 qui
1164 2352 1352 2416 inscribitur
1367 2354 1433 2416 Ta·

365 2458 464 2541 deus,
481 2459 523 2524 ad
537 2458 682 2523 ‘ladeum
698 2459 892 2548 Ugoletum,
915 2456 956 2522 de
975 2457 1068 2521 Locis
1089 2456 1269 2538 Persianis,
1288 2479 1361 2546 pag.
1376 2456 1435 2541 13,

367 2561 484 2630 Valerii
500 2566 756 2656 explanationem
774 2587 809 2630 se
825 2564 1007 2653 professum
1023 2585 1091 2628 esse
1108 2562 1204 2644 dicit,
1223 2579 1256 2627 et
1269 2564 1435 2652 specimen

366 2672 435 2751 ejus
455 2671 570 2752 affert,
587 2669 847 2736 emendationem
869 2670 933 2734 loci
951 2693 990 2735 ex
1006 2669 1061 2734 lib.
1074 2667 1113 2751 V,
1126 2666 1188 2755 75,
1205 2668 1264 2732 ubi
1279 2691 1339 2757 pro
1358 2669 1434 2734 cat

365 2777 472 2842 lirloa
488 2777 635 2867 posuisse
654 2799 688 2842 se
701 2775 914 2841 Calliodorum
926 2774 1025 2851 dicit,
1042 2797 1115 2863 quae
1129 2789 1237 2838 tamen
1250 2773 1434 2838 emendatio

366 2885 401 2948 in
417 2884 584 2950 Juntinam
608 2884 785 2950 editionem
807 2905 875 2947 non
895 2898 945 2947 est
966 2898 1116 2970 recepta;
1141 2881 1232 2970 quod
1250 2883 1387 2963 mirum,
1407 2881 1434 2946 si

365 2992 460 3056 istam
479 2992 679 3056 recensuerit
694 2989 842 3056 Fontius.
861 2989 922 3053 Hic
941 3011 1018 3052 vero
1038 2988 1174 3052 Fontius
1192 2987 1321 3052 ridetur
1338 2988 1434 3053 Vale·

365 3097 452 3161 rium
462 3081 596 3183 ¹publice
612 3097 711 3160 fuisse
726 3095 975 3182 interpretatus,
992 3092 1083 3181 quod
1099 3093 1218 3183 colligo
1230 3115 1270 3158 ex
1282 3093 1350 3172 ejus
1363 3115 1435 3162 ora-

365 3202 455 3266 tione
475 3201 508 3264 in
525 3199 654 3265 laudem
671 3199 828 3264 Oratoriae
847 3199 1041 3281 Facultatis,
1060 3200 1168 3264 habita
1189 3199 1360 3264 Florentia
1372 3199 1434 3262 Vll

366 3307 450 3371 Nor.
473 3305 753 3370 MCCCCLXXXI
763 3351 772 3385 ,
789 3305 824 3366 in
838 3327 921 3392 qrta,
937 3327 1011 3394 pag.
1029 3303 1115 3386 304,
1135 3304 1231 3386 dicit,
1249 3327 1282 3367 se
1297 3299 1434 3367 vaterem

366 3409 622 3476 consuetudinem
631 3433 692 3474 esse
702 3407 896 3496 intelligere,
908 3425 1022 3498 poetas
1034 3425 1066 3474 ct
1078 3423 1217 3474 oratores
1231 3410 1435 3496 interpretan-

367 3517 425 3581 dos
441 3538 615 3580 asswnere:
631 3535 746 3602 quare,
763 3527 799 3580 ut
804 3513 959 3605 plenique
970 3517 1007 3580 'id
1017 3517 1201 3603 rogantibus
1210 3515 1432 3603 obsequemur,
1471 3539 1479 3554 ¹

366 3645 399 3685 se
415 3623 450 3684 V
446 3621 580 3685 alearum
599 3621 752 3686 Flaccum
769 3636 802 3686 et
817 3622 1001 3687 Ciceronem
1021 3621 1161 3708 aggredi.
1186 3619 1338 3684 Evooavit
1355 3640 1434 3682 vero

368 3727 458 3792 hunc
473 3726 648 3809 Fontium,
665 3743 702 3790 ut
716 3727 825 3814 plures
838 3728 952 3808 ltalos,
968 3727 1162 3817 Ugoletum,
1179 3725 1314 3789 Caelium
1329 3723 1436 3788 Calca-

368 3833 504 3921 gninum
524 3849 556 3898 et
566 3833 662 3915 alios,
678 3833 712 3895 in
728 3833 903 3920 Ungariam
917 3833 1067 3896 Matthias
1081 3831 1257 3911 Corvinus,
1271 3844 1435 3892 uteorum

366 3939 503 4004 consilio
520 3955 553 4004 et
568 3961 665 4028 opera
679 3937 846 4002 literarum
863 3937 968 4004 studia
988 3939 1198 4018 instauraret,
1218 3950 1251 3999 et
1264 3933 1437 3999 bibliothe-

376 4211 379 4220 ’
405 4193 443 4258 (ι)
455 4190 570 4244 ¹Fontius
590 4190 617 4242 in
638 4201 710 4243 textu
730 4189 852 4242 licentius
869 4199 985 4242 versatus
1003 4206 1059 4242 esse
1085 4185 1205 4258 arguitur
1222 4185 1251 4238 ia
1271 4182 1434 4237 Bibliotheca

369 4278 414 4332 lat.
428 4277 714 4345 Fabricio-Ernestina,
726 4295 789 4352 pag.
801 4279 861 4334 252.
871 4275 965 4332 Haut.
