3116 5102
372 499 435 584 398
458 497 509 562 IN
536 497 622 560 LIB.
647 495 815 578 QUINT.
839 495 947 561 ABG.
970 493 1092 561 NOVI
1120 495 1194 560 ΕΙ).
1217 496 1365 591 NOTAE.

373 613 410 664 vit
420 651 428 675 ‚
440 615 542 680 dignam
554 613 663 678 quidem,
673 609 711 660 nil
719 608 792 662 aliud
802 611 897 662 meruit
905 609 1018 680 (lepidus
1025 613 1102 683 jocus
1110 609 1140 680 l),
1149 628 1208 682 qum
1219 609 1282 664 talis
1290 611 1337 664 filii
1349 625 1432 677 mater

372 695 513 758 exstiterit,
527 713 583 761 quoe
595 697 641 744 tali
652 707 759 744 monson
769 692 916 765 Olympum
928 693 1091 746 ornaveritn.

405 831 441 881 V.
451 832 511 899 671.
528 834 653 894 Fassaque
664 847 720 895 quoe
739 837 880 895 nequeam?
899 830 938 878 Sic
946 829 1056 896 sanine.
1070 858 1106 868 —
1119 828 1180 882 ·sic
1197 831 1323 900 vulgata,
1337 828 1382 882 aed
1395 829 1433 882 ite

371 913 447 966 nullo
456 932 535 966 centu
546 950 554 975 ,
566 923 599 964 ut
611 931 662 983 pro
673 912 838 965 conclamato
850 923 877 964 et
889 910 1029 982 desperato
1046 910 1135 965 locum
1147 911 1265 966 habeant
1278 914 1432 984 interpretes

372 1017 478 1064 omnes,
488 1016 555 1069 quos
570 996 693 1051 fefellisse
708 996 734 1047 in
748 995 840 1066 primia
853 993 973 1058 videtur,
986 993 1060 1066 qnod
1069 999 1104 1046 u'c
1110 997 1212 1065 semina
1227 995 1337 1048 enormen
1349 1013 1434 1048 mme-

371 1092 447 1144 rent‚
457 1093 483 1134 et
494 1081 668 1152 intelligerent
677 1079 725 1132 ita:
736 1079 786 1130 llic
794 1079 873 1130 finem
885 1078 949 1132 fecit
960 1077 1086 1152 loquendi
1096 1078 1191 1132 Palla.
1205 1077 1273 1130 Mihi
1282 1097 1345 1132 vero
1359 1097 1434 1130 reone

370 1164 493 1227 videtur,
504 1181 637 1235 unamque
653 1161 728 1214 locus
740 1162 944 1232 propositionem
961 1160 1110 1228 continere,
1128 1162 1151 1214 ei
1167 1175 1258 1216 tamen
1272 1163 1349 1216 aliter
1357 1162 1434 1214 inter·

370 1265 486 1318 pungere
495 1285 502 1309 ,
513 1264 647 1317 unamque
656 1245 787 1298 literulam
796 1256 900 1297 mutare
909 1245 997 1298 liceat.
1007 1244 1060 1299 Fac
1069 1245 1149 1317 igitur
1159 1264 1264 1299 mecum
1275 1284 1284 1310 ,
1293 1247 1332 1298 mi
1340 1247 1433 1310 lector,

370 1331 533 1404 periculum,
554 1328 655 1382 incidae
673 1342 734 1401 poet
746 1330 888 1398 fassaque,
908 1329 1119 1401 interrogationis
1140 1342 1233 1382 notam
1251 1331 1354 1402 rejicias
1375 1343 1435 1402 port

364 1412 475 1478 senuna,
497 1421 523 1462 et
539 1413 567 1465 τὸ
581 1413 617 1460 sic
636 1419 721 1462 mutes
742 1408 770 1460 in
787 1412 849 1469 πίνης
869 1420 926 1461 tum
943 1426 1006 1460 vero
1023 1407 1148 1462 habebis:
1167 1415 1312 1477 Fassaque,
1327 1429 1435 1476 quaene·

371 1515 474 1564 queam,
494 1499 538 1546 sim
545 1496 667 1564 semina?
679 1492 730 1546 hoc
744 1510 835 1546 sensu:
846 1493 913 1557 Qum
927 1491 1038 1546 dixerim
1051 1533 1059 1559 ,
1073 1490 1235 1560 addixerim,
1252 1493 1435 1564 promiserim,

370 1595 500 1650 nequeam
518 1576 661 1649 perficere,
674 1577 776 1644 senuna
792 1577 891 1648 quippe
910 1574 1003 1629 debilis
1029 1579 1079 1644 (nt
1094 1576 1248 1648 respiciatur
1265 1575 1301 1628 ad
1307 1577 1435 1646 fauhons

371 1681 461 1721 ausus,
483 1678 506 1712 v.
521 1660 606 1729 628),
620 1677 678 1731 qum
691 1657 742 1712 dea
756 1671 858 1711 tantum
872 1659 936 1722 eim,
950 1678 1004 1711 non
1015 1658 1091 1712 dene.
1103 1659 1231 1724 Veniam,
1246 1679 1342 1731 spero,
1356 1660 1435 1732 impe⁴

371 1744 445 1796 traho
454 1763 470 1796 a
480 1743 622 1796 lectoribus
632 1784 640 1809 ,
651 1741 723 1814 quod
734 1742 798 1796 huic
807 1761 866 1796 meo
876 1757 1026 1796 commento
1037 1744 1125 1796 locum
1136 1743 1256 1797 dederim
1265 1745 1293 1796 in
1303 1755 1435 1798 contexto.

370 1827 414 1880 Sic
439 1826 531 1880 saltem
551 1826 624 1878 locus
641 1825 748 1878 habebit
765 1825 880 1898 aliquem
905 1845 1027 1889 sensum,
1047 1827 1094 1898 qui
1110 1828 1190 1900 plane
1212 1827 1302 1881 nnllne
1326 1839 1383 1882 erat
1407 1827 1435 1878 in

372 1911 487 1982 vulgata.
499 1933 510 1955 ι
531 1909 572 1963 Sic
581 1909 754 1980 Wagnerue,
767 1913 841 1983 cujus
857 1929 947 1962 aeneus
961 1910 1027 1964 mihi
1038 1910 1141 1964 videtur
1158 1911 1237 1984 epicae
1256 1910 1380 1982 dignitati
1397 1927 1436 1962 re·

371 2012 501 2066 pugnare.
519 1994 597 2056 Pina,
610 2011 643 2046 ac
658 2005 719 2064 poet
731 1993 806 2046 illum
820 1992 918 2047 Aldina
934 1992 1033 2060 editio,
1049 1993 1129 2064 legit:
1140 1995 1189 2062 fus
1204 1996 1303 2064 aliquid
1313 2007 1434 2061 nequeat,

371 2078 446 2150 qood
458 2097 541 2150 quum
556 2077 710 2131 avanano
723 2075 814 2132 codice
830 2077 918 2130 minuc
931 2077 1121 2142 abludit,nrm
1139 2077 1436 2133 manuninum

371 2162 510 2216 idoneum.

408 2301 444 2351 V.
456 2299 516 2369 687.
525 2303 578 2349 Heu
596 2299 695 2366 mugnis
717 2311 835 2364 quantum
854 2301 912 2348 licet
925 2299 951 2348 in
963 2298 1087 2366 piasatis.
1101 2325 1136 2338 -·-
1145 2321 1156 2342 ι
1166 2296 1228 2349 llaec
1238 2297 1334 2358 lectio,
1347 2297 1434 2368 inquit

373 2385 540 2455 Wagnerue‚
563 2392 696 2455 preeunte
707 2379 860 2446 Gronovio,
873 2381 952 2434 Obes.
972 2401 998 2452 p.
1021 2399 1087 2450 770,
1107 2379 1136 2432 in
1155 2392 1256 2432 textum
1273 2399 1289 2432 a
1306 2380 1434 2432 Burman·

372 2485 408 2520 no
421 2480 614 2539 recepta;qu1e
632 2483 714 2537 quum
731 2463 875 2516 admodum
892 2476 1015 2518 contorta
1027 2463 1165 2527 videatur,
1178 2478 1296 2531 quantum
1312 2465 1433 2532 licetsaas

371 2557 397 2603 in
407 2555 469 2619 pia,
485 2551 503 2602 i.
518 2568 542 2601 e.
561 2548 650 2601 olficin
668 2547 787 2618 pietatis,
807 2546 930 2618 equidem
948 2547 1038 2600 malim
1058 2547 1177 2600 Bentleio
1193 2547 1227 2600 ud
1244 2547 1335 2600 Horat.
1348 2547 1431 2618 Epist.

373 2638 415 2702 Π,
431 2655 454 2699 1,
473 2639 517 2700 16,
534 2645 641 2686 eatenus
661 2629 803 2696 accedere,
821 2643 850 2682 ut
873 2649 935 2684 cum
954 2631 1092 2683 codicibus
1110 2631 1241 2695 scribam,
1261 2635 1434 2699 quwumlue

373 2723 463 2788 impia,
482 2718 558 2772 aliter
573 2729 662 2772 tamen
675 2715 815 2788 explicem.
835 2715 967 2768 Bentleiue
984 2715 1071 2768 enim:
1084 2719 1174 2768 Medea
1186 2719 1285 2784 magnis
1293 2719 1361 2784 faris
1374 2730 1433 2766 nam

373 2818 442 2862 eran·
454 2821 504 2874 ego
513 2819 591 2867 vero,
600 2799 785 2872 parentheeeoe
796 2799 877 2870 cignis
885 2798 994 2863 deletis,
1005 2799 1042 2852 sic
1052 2817 1060 2850 ε
1072 2803 1245 2868 quantumlibet
1254 2801 1342 2869 unpia,
1353 2818 1434 2870 quan·

374 2903 454 2957 quam
473 2884 576 2937 laconis
595 2901 684 2936 amore
697 2883 805 2954 abrepta
823 2894 927 2954 patrem
940 2883 1003 2935 olim
1015 2881 1190 2955 prodidisset,
1202 2897 1263 2952 post
1276 2887 1434 2951 magnasunt

372 2979 461 3020 tamen
471 2966 593 3020 eumdem
601 2965 705 3038 juvabit
715 2986 722 3032 ;
736 2968 873 3034 Gmriuque
881 2985 968 3035 nepos,
981 2965 1089 3020 Medeue
1099 3003 1107 3030 ,
1117 2965 1192 3038 AEgei
1201 2979 1227 3020 et
1234 2967 1336 3021 Medea
1345 2972 1356 3037 (
1362 2987 1434 3040 repu-

375 3049 449 3102 diata
463 3049 534 3102 enim
554 3068 569 3103 a
587 3049 683 3102 lenone
703 3046 796 3101 Medea
811 3047 974 3102 Athenarum
995 3048 1050 3121 regi
1062 3053 1144 3120 AEgeo
1165 3061 1309 3121 nupserat,
1324 3051 1435 3106 Diodor.

372 3133 455 3186 Sicul.
468 3134 518 3195 lV,
532 3133 625 3195 55‚⁵o
638 3153 646 3198 ;
661 3136 750 3184 lustin.
764 3133 808 3198 11,
824 3135 856 3202 6)
872 3131 957 3196 filine,
975 3136 1000 3185 in
1013 3153 1113 3203 regnum
1126 3149 1233 3203 reponet.
1246 3159 1257 3181 ι
