3116 5102
363 492 752 560 ARGONAUTICON
781 495 868 559 LIB.
892 495 932 558 V.
1119 494 1184 581 349·

161 625 294 715 Jamque
312 622 421 690 aderat
435 626 558 715 magnis
574 647 687 714 regum
705 649 781 692 eum
797 625 938 690 millibus
954 624 1045 711 urbi,

162 741 333 827 Primaque
351 741 385 804 in
403 739 552 806 adversos
570 740 740 804 frustratus
756 741 862 830 praelia
877 761 989 806 muros
1141 759 1179 813 ηε

164 855 375 938 Constiterat,
393 852 488 919 datus
507 870 540 920 et
555 854 650 920 sociis
667 855 832 944 utrimque
851 855 1030 920 cremandis

161 972 219 1036 Ille
236 969 304 1034 dies
321 971 465 1059 alterque
482 970 566 1054 dies,
580 992 702 1059 quum,
716 970 820 1034 Marte
835 971 986 1055 remisso,

129 1071 130 1076 ἵ
163 1084 300 1148 Debitus
308 1084 411 1162 ,AEaeis
428 1083 495 1148 dux
506 1083 676 1148 Thessalus
694 1083 819 1171 appulit
836 1084 911 1148 oris.

207 1201 279 1266 Nox
299 1200 472 1264 hominum
489 1221 592 1289 genus
609 1215 642 1264 et
659 1197 760 1264 duros
778 1198 926 1264 miserata
944 1200 1085 1286 labores,

162 1315 343 1380 Rettulerat
359 1314 450 1380 fessis
469 1329 578 1404 optata
596 1314 724 1378 silentia
739 1314 848 1395 terris,
1149 1333 1184 1370 aa

163 1434 208 1496 At
220 1433 322 1513 Juno,
339 1445 372 1494 et
387 1430 507 1495 summi
519 1430 612 1518 virgo
627 1430 729 1507 Iovis,
746 1430 859 1494 intima
875 1425 985 1496 secum

163 1546 306 1610 Consilia
323 1561 357 1610 et
368 1544 470 1609 varias
488 1542 654 1608 sociabant
669 1558 799 1631 pectore
816 1565 918 1609 curas.

164 1661 268 1748 Virgo
283 1660 386 1748 prior:
403 1659 543 1746 «Magna
556 1657 674 1746 pariter
691 1679 773 1744 quos
791 1659 877 1722 mole
892 1675 1055 1747 petamus,

166 1775 299 1856 Cernis,
309 1773 370 1856 ait,
384 1771 523 1836 Colchos
541 1771 682 1835 habeant
698 1794 769 1859 quae
787 1773 911 1859 praelia,
926 1775 1048 1863 quique

164 1891 265 1954 Nunc
279 1904 398 1971 status;
414 1887 492 1952 hinc
507 1886 630 1969 Perses,
642 1886 730 1950 illinc
747 1907 815 1950 non
826 1886 948 1950 viribus
964 1889 1064 1977 aequis
1153 1913 1189 1954 aa

166 2008 312 2094 Apparet
326 2003 435 2068 AEctes
453 2001 569 2066 aciem:
580 2000 699 2089 quibus
714 1999 864 2064 addimur
877 2002 974 2066 armis
984 2002 998 2066 Ρ
1008 2034 1021 2060 a

169 2119 234 2183 Cui
252 2107 336 2183 Iuno
349 2141 357 2183 τ
370 2116 526 2182 aDimitte
542 2131 668 2196 metus,
684 2137 725 2179 ne
742 2115 848 2203 praelia
866 2117 950 2182 forte
1027 2160 1030 2166 ·

166 2233 254 2298 Hinc
269 2234 328 2298 tibi
346 2248 435 2324 grata
449 2252 584 2320 negem,
602 2243 715 2294 manet
731 2229 845 2320 ingens
855 2230 955 2320 aegida
971 2231 1082 2318 sudor,

104 2412 106 2418 Ι
156 2431 212 2484 274.
233 2425 344 2485 Regnum.
354 2423 430 2472 Vatic.
445 2433 468 2472 ct
481 2427 571 2472 Bonon.
585 2423 656 2471 codd.
674 2423 757 2486 Regm'.
770 2425 832 2472 Edd.
843 2436 898 2472 ante
908 2427 973 2474 Carr.
985 2455 1016 2464 —
1030 2443 1083 2491 279.
1094 2434 1190 2482 nirata.

124 2503 204 2551 vatic.
224 2505 314 2548 bonon.
327 2513 350 2548 ot
365 2505 444 2550 Boi-m.
459 2503 529 2550 codd.
546 2529 577 2538 -
593 2505 647 2564 287.
665 2505 769 2550 Domine.
786 2507 850 2551 lunt.
867 2505 920 2552 Ald.
938 2533 969 2545 -
989 2508 1042 2554 288.
1060 2511 1192 2560 Naucelli.

125 2581 182 2627 Alo.
194 2583 281 2642 Ingens
293 2581 390 2627 abestin
404 2580 479 2629 Vatic.
494 2580 547 2628 eod.
562 2581 664 2642 Jamjam
674 2591 751 2628 manet
764 2583 846 2644 oegiila.
856 2585 946 2630 bonon.
960 2585 1012 2631 cod.
1029 2595 1053 2632 et
1068 2587 1122 2633 edd.
1139 2600 1194 2637 ante

125 2663 193 2707 Cam.
205 2661 249 2706 Eu.

126 2822 173 2895 75.
188 2824 263 2890 Rapit
279 2825 337 2874 inde
345 2823 618 2892 fugatn,celerrimel
633 2854 645 2866 ·
687 2843 758 2880 nota
771 2824 878 2897 quidem
894 2825 970 2880 essert
988 2825 1090 2880 ratione
1101 2841 1194 2898 poeta,

126 2903 642 2974 git,Perses,cmdeliasigna,vulnera,
687 2905 733 2959 sed
748 2903 866 2978 jucunda
884 2918 910 2957 et
929 2917 988 2979 apta
1007 2906 1058 2970 iis,
1077 2899 1134 2978 quac
1155 2928 1197 2961 se-

124 3001 232 3050 gerens,
250 2993 400 3046 ostentans,
422 3001 565 3050 omnemque
583 3001 644 3051 qua·
687 2996 813 3057 quuntur.
830 2985 930 3056 Nempe
947 3006 1000 3038 nox
1016 2988 1138 3037 Ιιοιηίιιιιιιι
1152 2992 1197 3039 du·

126 3066 171 3122 tie,
184 3061 296 3127 excitat,
310 3065 442 3112 nunon'bus
453 3066 554 3112 Arcton.
687 3083 727 3114 ros
734 3067 827 3115 labores
836 3067 951 3116 miserata
960 3065 1041 3133 (conl.
1049 3065 1114 3128 VH,
1124 3069 1196 3134 142),

167 3147 230 3208 274.
242 3145 344 3208 Magnis
354 3159 407 3192 cum
421 3143 537 3201 nullibus,
549 3139 643 3211 quidni
687 3145 882 3212 temleratfhssis
892 3157 975 3212 optata
986 3146 1082 3195 silentia
1090 3155 1115 3197 et
1123 3147 1196 3216 quie-

127 3223 233 3272 multis?
245 3220 279 3270 Et
298 3218 349 3272 boc
366 3220 516 3289 singulare,
529 3219 592 3271 ferri
605 3230 644 3271 ta·
689 3234 741 3276 tem
750 3226 828 3284 terris,
840 3242 894 3274 non
905 3224 967 3275 item
976 3227 1069 3274 Iunoni
1077 3239 1100 3274 et
1110 3230 1197 3277 summi

127 3317 193 3352 men
201 3309 286 3368 potest
294 3337 302 3364 ,
310 3299 331 3349 ei
341 3296 490 3350 memineris
500 3335 507 3360 ,
517 3317 643 3351 numeros
688 3305 754 3354 lovis
764 3303 870 3370 virgini,
879 3302 937 3354 filiae
946 3300 1064 3366 Palladi,
1074 3321 1132 3376 qum
1143 3323 1199 3358 am-

128 3377 347 3450 quantitatesqne
366 3386 391 3428 et
412 3377 477 3429 alias
492 3375 644 3447 permutari.
688 3381 727 3432 bat
739 3381 832 3434 intima
845 3369 1052 3434 secum'comilia
1064 3393 1090 3434 et
1103 3381 1198 3436 sollici·

128 3456 245 3524 Quoties
254 3455 367 3509 occurrit
375 3459 464 3523 ingens
474 3459 581 3523 pecunia
593 3473 643 3527 pro
689 3459 792 3513 tudines
801 3463 935 3514 sociabant.

129 3535 311 3589 multaflconf.
328 3535 447 3606 Pmpert.
461 3535 492 3596 1,
506 3535 535 3599 ⁵,
553 3552 595 3586 10.
609 3541 645 3586 Ae
696 3530 709 3542 ⁵
726 3539 784 3593 283.
802 3542 877 3609 Virgo
887 3542 974 3608 pn'or:
990 3542 1087 3602 Cernis,
1103 3541 1145 3594 bis
1159 3542 1196 3595 ita

129 3619 173 3669 o'bi
181 3633 296 3666 curarum
309 3616 386 3665 millia
396 3627 490 3680 quanta
503 3616 585 3674 dabit,
595 3625 643 3667 etc.
689 3616 862 3671 sumendum:
877 3617 961 3673 cernis
980 3621 1095 3682 Colchos,
1114 3621 1199 3674 cernis

129 3695 189 3749 vid.
202 3694 311 3746 omnino
325 3699 430 3745 Oawcns
445 3693 542 3745 Noctes
556 3691 644 3764 flaga-
685 3691 789 3758 praelia,
801 3707 855 3760 quo
868 3690 937 3742 bello
947 3707 1018 3743 nunc
1036 3689 1056 3741 ii
1072 3707 1198 3762 preman-

130 3793 182 3827 nas
192 3809 200 3837 ,
209 3791 236 3843 p,
247 3774 309 3841 498.
689 3780 749 3832 tur;
761 3770 844 3835 quibus
851 3771 965 3820 additur
973 3770 1063 3820 annis?
1069 3769 1121 3821 utri
1131 3771 1200 3842 parti

170 3853 232 3922 ²7⁵·
248 3855 327 3904 Pn'ma
334 3853 424 3919 prelia
430 3851 580 3920 smstratus,
590 3850 646 3922 pri·
689 3846 862 3912 accedemus,
875 3860 962 3899 utram
975 3847 1141 3901 fovebimus?

131 3931 242 3984 musio
257 3932 348 3984 urbem
361 3927 474 4001 impetus
483 3945 565 4001 quum
579 3930 646 3982 male
728 3929 788 3997 287.
806 3926 857 3979 Cui
881 3927 966 3978 Juno:
981 3929 1078 3978 Dimitte
1103 3943 1200 3991 metus,

132 4010 270 4072 cessisset,
283 4015 364 4061 Marte
377 4009 493 4068 remisso,
512 4025 559 4078 per
572 4006 650 4060 indu·
693 4027 724 4058 ae
730 4005 894 4075 proeliaforte
904 4009 960 4057 diuo
971 4007 1092 4073 abigaum
1102 4029 1198 4077 negem,

132 4089 191 4141 cias
201 4087 264 4139 istas
273 4125 282 4149 ,
291 4092 398 4149 debims,
416 4086 477 4139 latis
489 4085 648 4149 destinatus,
693 4085 749 4137 rioli
764 4086 874 4151 timere,
888 4103 921 4135 ne
934 4083 1099 4138 dissuadeam
1118 4086 1200 4150 bella,

134 4168 215 4219 AEaer's
226 4166 304 4216 lason
317 4168 412 4234 appulit
418 4169 476 4220 oris.
694 4163 791 4236 quibus
803 4174 938 4234 tantopere
952 4163 1105 4230 delectaris,
1125 4183 1201 4217 occa-

174 4263 235 4316 279·
244 4245 303 4298 Jam
317 4265 369 4299 nox
384 4246 499 4317 ingruit,
511 4246 582 4318 quod
594 4264 648 4300 non
694 4244 846 4314 sionemque
853 4241 898 4294 tibi
907 4243 1202 4315 praereptamvelimvir·
