3246 5112
356 528 415 570 roo
472 505 523 568 ΙΝ
556 507 641 568 LlB.
666 505 866 570 PRIMUM
897 508 1287 574 ARGONAUTICON

314 681 337 732 κ
387 647 421 696 V.
444 651 502 707 444.
526 647 558 694 Te
571 662 667 710 quoque
685 647 747 694 dant
760 649 841 712 campi
853 659 1030 712 tantopastore
1047 651 1139 698 Pherai

521 728 623 786 Felices,
639 729 750 780 Ansere.

350 842 437 914 Apoll.
455 840 501 892 lib.
519 841 533 890 Ι
542 879 550 902 ,
561 859 585 890 ν.
601 843 712 906 49-5οε
732 839 799 894 Oidi
811 848 912 913 Φιραῑς,
929 859 975 897 etc.
987 873 1022 882 —
1040 843 1088 896 Hic
1103 842 1224 896 Valerius
1242 845 1361 897 meminit
1377 845 1411 898 dc

351 925 472 998 Apolline
487 925 559 976 Jovis
572 934 664 976 coactu
677 923 791 993 pecudes
809 922 913 976 Admeti
926 937 1057 995 pascente.
1073 925 1149 978 Hanc
1162 926 1296 992 fabulam,
1309 927 1414 1001 mytho·

350 1009 448 1082 logicas
476 1010 543 1061 inter
565 1006 724 1077 gratissimas
742 1025 840 1070 uuam,
854 1007 1047 1071 Callimachus,
1067 1010 1116 1061 nisi
1134 1010 1207 1081 quod
1223 1029 1317 1083 spurce
1336 1013 1412 1065 finxit

350 1093 498 1166 Apollinem
509 1090 613 1144 Admeti
627 1108 716 1143 amore
728 1102 851 1162 captum,
862 1109 924 1142 curn
933 1091 1023 1144 nativo
1034 1091 1149 1162 quodam
1157 1104 1186 1145 ct
1198 1094 1311 1166 simplici
1322 1095 1411 1167 lepore

350 1175 458 1234 cecinit,
473 1175 572 1248 llymn.
588 1172 622 1227 ad
638 1173 724 1244 Apoll.
737 1193 763 1227 v.
779 1175 814 1243 47
826 1191 884 1244 sqq.
898 1173 940 1226 Ad
956 1175 1092 1228 Valerium
1104 1175 1185 1230 redeo
1200 1195 1206 1229 :
1221 1177 1270 1230 Ille
1280 1179 1370 1232 Dianae
1383 1181 1411 1232 in

349 1260 459 1312 fratrem
476 1257 593 1327 ploratus
613 1269 737 1310 enatura
753 1267 807 1319 est,
827 1257 977 1329 affectuque
986 1259 1089 1330 plenus.
1103 1260 1184 1326 Quod
1201 1263 1272 1315 canit
1283 1275 1362 1334 poeta
1377 1263 1411 1316 de

350 1341 494 1413 Apollinari
510 1359 585 1394 coma
595 1360 628 1404 ,e
648 1357 699 1412 qua
716 1339 808 1393 defluit
821 1359 953 1412 panacea,
966 1353 996 1394 ut
1010 1344 1046 1395 ait
1058 1343 1250 1411 Callimachus,
1262 1346 1364 1419 Hymn.
1376 1347 1410 1400 ad

349 1425 437 1498 Apoll.
452 1443 478 1476 r.
492 1431 543 1488 4ο,
565 1442 644 1496 quam
665 1443 725 1476 rore
744 1443 812 1495 pum
830 1424 949 1478 Castaliae
964 1424 1051 1478 lavare
1067 1427 1132 1480 solet
1144 1428 1238 1501 Apollo
1259 1428 1331 1497 (vid.
1345 1429 1410 1481 Hor.

350 1511 438 1562 Carm.
453 1508 499 1560 lib.
512 1509 569 1572 ΙΙΙ,
582 1506 636 1560 od.
649 1507 841 1578 4),proprium
857 1507 1019 1578 antiquitatis
1032 1527 1151 1580 saporem
1160 1511 1270 1566 redolet.
1280 1513 1411 1567 Ceterum

350 1594 434 1646 omnis
446 1591 491 1644 ille
505 1593 594 1654 locus,
607 1609 638 1642 ae
650 1591 792 1660 prasertim
807 1591 911 1661 egregia
920 1591 966 1643 illa
977 1593 1130 1647 exclamatio

505 1706 539 1752 Ais
554 1705 645 1766 quoties
655 1703 742 1749 famulo
753 1703 814 1750 notis
825 1719 892 1751 soror
904 1703 971 1752 ohria
982 1705 1044 1752 silvis

503 1780 575 1828 Flevit
586 1779 591 1824 !

349 1879 494 1950 composita
520 1890 557 1930 est
580 1876 614 1930 ad
635 1876 807 1928 imitationem
832 1878 912 1948 hujus
929 1877 997 1940 loci,
1012 1878 1102 1931 Tibul.
1119 1879 1166 1931 lib.
1191 1880 1246 1943 111,
1261 1880 1335 1951 Eleg.
1352 1881 1408 1943 ΙΙΙ,

349 1983 375 2015 v·
398 1981 447 2032 ¹7·
503 2019 694 2105 bqnotics,illo
705 2042 803 2088 situlum
814 2052 918 2103 gestante
929 2058 1061 2105 peragras,

564 2118 656 2164 Dicitur
666 2131 791 2164 occurrens
802 2117 920 2166 erubuisse
930 2118 1009 2163 soror!

349 2199 381 2251 Et
397 2199 483 2252 inira:

504 2287 569 2348 Seps
578 2285 673 2331 horrere
685 2299 762 2330 sacros
774 2283 848 2329 doluit
859 2284 947 2330 Latona
956 2284 1062 2347 capillos.

386 2420 418 2464 V.
439 2415 499 2477 450.
520 2416 628 2480 Insurgit
639 2415 761 2472 nauseis,
777 2426 799 2463 et
808 2431 874 2462 remo
889 2417 970 2463 Nerea
984 2427 1069 2464 versat

516 2499 630 2547 Canthus.

349 2593 434 2664 Apoll.
447 2593 494 2647 lib.
504 2595 533 2656 Ι,
546 2611 573 2645 v.
587 2592 679 2664 77-85
692 2609 698 2643 ε
715 2595 798 2664 Αὐτὰρ
817 2595 863 2647 ἀπ’
875 2593 991 2656 Etesiae.
1005 2611 1052 2647 etc.
1063 2592 1255 2647 -Sseundum
1265 2585 1410 2661 Valerium,

349 2695 404 2730 non
413 2677 522 2730 Abantis
533 2693 615 2747 nepos
625 2673 671 2728 sed
680 2673 751 2727 iilius
760 2687 816 2728 erat
824 2675 953 2730 Canthus.
961 2677 1051 2742 Quum
1061 2688 1149 2729 autern
1156 2677 1280 2733 Valerius
1291 2679 1411 2745 hujusce-

351 2760 423 2813 modi
438 2779 479 2814 res
492 2777 586 2833 parum
598 2776 695 2812 curare
708 2760 845 2824 videatur,
864 2779 918 2813 non
931 2759 953 2812 is
972 2773 1011 2814 est
1023 2761 1182 2832 genealogia
1191 2775 1302 2816 assertor
1318 2766 1361 2818 cui
1372 2785 1411 2818 re·

350 2845 448 2914 fragari
466 2861 544 2896 sscmo
558 2843 649 2914 possit.
664 2843 767 2896 Nomen
781 2843 890 2895 Abantis
907 2863 968 2896 eum
979 2843 1098 2908 induxit,
1114 2857 1143 2897 nt
1155 2845 1206 2900 hoc
1219 2848 1277 2901 loco
1289 2848 1411 2922 elypeum

351 2926 525 2991 describeret,
538 2925 571 2980 dc
585 2945 639 2999 quo
651 2927 726 2997 virg.
744 2930 804 2978 AEn.
819 2927 914 2988 111‚v.
930 2929 978 2981 286
993 2946 998 2978 :

505 3029 566 3074 AEre
577 3043 634 3074 caro
644 3028 766 3089 clypeum,
777 3028 856 3088 magni
866 3038 984 3089 gestamen
994 3031 1104 3084 Abantis,

505 3101 611 3148 Postibus
620 3100 722 3147 adversis
731 3103 790 3162 ligo,
803 3111 825 3147 et
836 3117 886 3148 rem
900 3103 1002 3149 carmine
1014 3104 1098 3165 signo:

482 3182 487 3195 “
505 3177 594 3222 AEneas
607 3176 654 3222 haee
666 3176 695 3222 de
705 3177 791 3222 Danais
801 3177 927 3222 victoribus
938 3192 1009 3223 arma.

349 3274 469 3327 Canthus
478 3309 485 3336 ,
493 3271 638 3325 seeundum
648 3271 816 3342 Apollonium
826 3309 833 3334 ,
843 3270 889 3324 lih.
898 3272 976 3335 IV,r.
989 3273 1053 3336 1485
1065 3312 1072 3337 ,
1083 3273 1180 3326 interiit
1188 3276 1214 3328 in
1225 3277 1327 3348 Libya:
1339 3277 1410 3349 apud

350 3358 483 3412 Valerium
499 3375 577 3420 vero,
590 3355 734 3417 lib.V1,v.
749 3357 799 3423 3¹7
812 3392 819 3417 ‚
831 3355 988 3407 interficitur
1000 3355 1124 3410 adversus
1137 3357 1247 3430 Scythas
1257 3360 1408 3432 pugnando.

384 3490 417 3536 V.
436 3485 497 3554 457,
529 3487 560 3532 Et
581 3485 621 3532 uti
633 3483 749 3549 palladia
761 3483 838 3547 pinu,
860 3485 1015 3548 Polrplseme,
1031 3499 1131 3536 revecto.
1144 3515 1178 3526 -
1199 3486 1286 3558 Apoll.
1314 3487 1360 3539 lih.
1377 3489 1409 3550 Ι,

351 3584 377 3617 v.
393 3570 486 3630 4ο-44
498 3581 504 3614 :
518 3563 661 3634 Λάρισσαν,
674 3571 722 3612 ete·
735 3589 770 3599 -
781 3559 901 3613 Valerius
915 3559 991 3632 fingit
1001 3562 1191 3635 Polyphemum
1209 3567 1237 3617 in
1249 3567 1360 3637 patriam
1378 3585 1410 3618 eo

351 3649 406 3718 ipso
416 3644 524 3698 rediisse
535 3656 661 3714 tempore,
669 3661 723 3714 quo
734 3643 816 3715 patris
826 3663 922 3716 corpus
935 3645 1086 3718 impositum
1098 3666 1162 3720 rogo
1173 3663 1346 3703 cremaretur:
1357 3669 1411 3722 qno

351 3749 413 3785 casu
433 3741 566 3802 permotus
585 3729 665 3780 lector
682 3729 764 3780 nescit
773 3729 856 3780 utrius
868 3741 964 3782 sortem
974 3731 1058 3801 magis
1070 3731 1217 3796 miseretur,
1227 3734 1356 3787 Canthine
1365 3737 1411 3805 qui

350 3815 468 3888 proxime
481 3831 560 3884 snpra
572 3811 668 3864 dicitur
678 3811 705 3864 in
719 3811 881 3884 expeditione
893 3814 1035 3877 interiisse,
1054 3834 1087 3866 an
1103 3815 1258 3888 Polyphemi
1274 3818 1300 3869 in
1314 3818 1341 3870 id
1355 3838 1410 3871 ser-

351 3899 420 3960 vati,
431 3909 460 3949 ut
474 3907 527 3949 tsm
545 3897 668 3948 acerbum
690 3897 868 3967 spectaculum
887 3896 990 3950 rediens
1008 3898 1094 3949 statim
1115 3897 1332 3970 deprehenderet.
1353 3901 1411 3954 Hoc

351 3984 462 4038 vertum
481 3985 642 4050 deprendere,
658 3981 750 4043 idest,
763 3986 870 4033 incidere
881 3986 906 4032 in
920 3981 1012 4033 anisam
1025 3982 1228 4037 concismitatem
1238 3983 1326 4038 habet.

386 4067 541 4138 Apollonius
563 4065 679 4117 veritatis
693 4065 822 4117 historicae
837 4064 908 4117 fidus
922 4065 1021 4118 assecla
1034 4065 1119 4131 canit,
1128 4064 1173 4118 lib.
1189 4069 1216 4130 Ι,
1235 4075 1316 4130 1240-
1326 4069 1410 4131 1245,

351 4152 540 4226 Polyphemum
558 4149 636 4201 simul
650 4168 710 4202 cuns
724 4149 836 4201 Hercule
856 4150 890 4200 ab
903 4150 1060 4219 Argonautis
1079 4149 1106 4200 in
1123 4149 1209 4221 Mysia
1222 4151 1358 4216 relictum,
1375 4152 1412 4203 ibi

351 4237 428 4292 Cium
448 4231 596 4290 condidisse
612 4235 685 4306 juxta
707 4229 818 4291 fluvium
836 4231 953 4303 ejusdem
970 4233 1093 4302 hominu.
