3196 5120
374 553 434 619 188
675 558 711 622 C.
735 555 930 623 VALERII
958 556 1130 622 FLACCI

411 685 504 750 Sacra
519 683 654 771 Medon3
672 686 815 776 chlamys
831 687 952 750 imbelli
967 685 1180 750 circumvenit
1195 702 1286 752 ostro

412 801 511 865 Torta
529 824 682 884 manum,
699 802 877 890 strictoque
892 802 959 866 vias
975 801 1183 892 praefulgurat
1197 823 1286 868 ense.

416 917 502 980 Talis
517 918 551 980 in
569 940 657 982 arma
673 919 754 1000 ruit;
769 941 830 982 nec
848 917 922 982 vina
938 916 1103 1005 dapesque
1118 933 1270 982 remotae:

412 1031 546 1120 Statque
564 1032 637 1096 loeo
654 1047 764 1116 torus;
780 1033 946 1096 insomnes
963 1052 1108 1097 mansere
1122 1031 1271 1096 ministri.

412 1143 494 1209 Inde
509 1139 580 1235 vagi
597 1168 658 1210 nec
672 1148 734 1210 tela
750 1145 876 1228 modis,
893 1167 954 1210 neo
971 1145 1098 1210 casibus
1114 1144 1218 1210 isdem

412 1262 615 1326 Conseruere
630 1283 782 1345 manum,
799 1279 832 1326 et
847 1262 943 1351 longe
956 1261 1086 1342 jacuere
1101 1262 1274 1350 perempti.

410 1375 510 1459 Ecce,
528 1397 657 1466 gravem
675 1375 770 1443 nodis
785 1376 964 1468 pinguique
979 1375 1141 1441 bitumine
1159 1397 1312 1464 quassans

398 1577 450 1626 ne.
468 1578 629 1626 Circumdedit.
644 1581 734 1626 bonon.
749 1577 802 1626 ood.
818 1585 842 1626 st
856 1576 911 1624 edd.
924 1585 979 1624 tote
996 1579 1063 1625 Gerr.
1085 1605 1117 1614 -
1135 1593 1186 1626 ino.
1203 1579 1392 1628 Rememvnte.
1408 1589 1432 1630 et

366 1659 457 1704 Bonom
471 1657 542 1706 codd.
557 1661 622 1706 iunt.
631 1658 684 1705 Ald.
695 1667 740 1706 eto.
757 1683 788 1694 -
805 1671 856 1706 rar.
873 1660 903 1704 In
916 1673 961 1720 quo
972 1674 1058 1704 omncs.
1069 1658 1130 1705 sod,
1139 1666 1195 1705 ants
1207 1660 1271 1708 Gerr.
1281 1669 1367 1722 proter
1376 1661 1429 1708 sid.

364 1753 416 1798 qun
427 1753 493 1784 omen
503 1753 533 1786 ex
546 1738 587 1784 l'io
597 1737 685 1784 hebuit.
702 1765 734 1774 -
747 1737 798 1783 123.
820 1739 956 1784 Conseruere
965 1751 1036 1784 mens
1043 1747 1073 1784 et.
1083 1736 1158 1786 Vstlo.
1169 1747 1193 1786 st
1203 1737 1268 1786 Cur.
1279 1739 1350 1788 codd.
1360 1749 1430 1788 recte.

366 1817 501 1862 Conseruere
514 1831 596 1863 monos
612 1816 679 1880 longe
692 1825 722 1862 et.
736 1817 802 1863 innt.
819 1814 872 1862 bid.
887 1823 932 1862 cte.
950 1815 994 1862 Eo.

367 2020 422 2065 sas,
439 2002 594 2070 infectaque,
609 2000 730 2056 nondum
742 2001 877 2065 obsolute,
921 2011 1003 2064 rstae3
1017 2003 1122 2053 ministri
1139 2003 1198 2053 inde
1214 2001 1295 2070 vagi,
1312 2011 1363 2056 eto.
1379 2001 1430 2058 sed

369 2098 460 2142 sacra,
482 2081 633 2154 pervigilis,
647 2086 755 2144 Medon,
768 2084 878 2146 eilarnys
896 2137 900 2145 ,
921 2079 989 2134 male
1002 2097 1045 2132 me
1055 2078 1201 2132 ominatum
1215 2098 1271 2133 esse
1284 2093 1374 2151 postea
1387 2081 1431 2136 de·

369 2162 459 2211 imbelli
480 2175 546 2211 ostro
570 2174 634 2212 torsa
654 2163 809 2212 circusnssnit
822 2180 878 2212 ma·
920 2158 1068 2230 prehendi,
1086 2177 1145 2212 enm
1162 2158 1189 2212 in
1208 2159 1300 2231 primis
1318 2159 1354 2213 ob
1367 2179 1429 2214 ouu-

308 2275 310 2278 -
369 2257 633 2311 nusn,qmsego‚au
646 2239 829 2300 rectenesoio,
842 2239 879 2293 sic
922 2233 1084 2308 sam,quod
1098 2238 1257 2308 Argonautae
1274 2239 1369 2292 urbem
1383 2239 1429 2293 ds·

367 2318 486 2390 intelligo
503 2317 680 2392 :chlamyde,
694 2337 770 2390 qne,
785 2335 877 2390 quam·
921 2335 976 2370 nno
997 2316 1109 2387 ingressi
1132 2335 1187 2370 non
1209 2327 1280 2371 sunt.
1305 2317 1430 2372 Maneant

368 2414 448 2466 quom
462 2417 609 2468 purpurea,
627 2397 699 2451 bello
713 2409 800 2452 tamen
815 2397 875 2450 inu-
921 2395 1178 2467 ergosnolocovins
1187 2395 1429 2468 etdspea,ett0rus

366 2474 418 2527 tilis
433 2477 551 2548 nihilque
566 2487 623 2530 erat
643 2476 781 2548 profutura
789 2515 797 2542 ,
811 2475 875 2530 siui-
921 2484 947 2527 et
956 2473 1086 2540 ministri,
1096 2474 1183 2528 solum
1193 2495 1263 2528 omen
1276 2476 1393 2544 tollatur,
1404 2489 1429 2530 et

367 2565 446 2606 stram
458 2555 639 2608 circumvolvit
650 2573 759 2608 manum
768 2592 776 2620 ,
786 2567 816 2608 ut
826 2574 875 2627 pro
919 2571 970 2625 pro
982 2556 1008 2604 in
1022 2574 1070 2622 quo
1086 2575 1155 2608 omen
1170 2554 1274 2626 legetur
1289 2558 1425 2617 insomnes,

367 2645 441 2686 scuto
458 2646 524 2687 esset
536 2633 639 2702 (similis
653 2634 727 2688 locus
739 2633 810 2704 apud
824 2633 875 2686 Pe·
918 2631 990 2703 quod
1003 2633 1097 2704 reponi
1109 2634 1365 2705 jubetBentleiusin
1377 2634 1429 2707 spi·
1458 2647 1463 2664 ⁸

368 2712 500 2777 tronium,
515 2732 540 2766 c.
554 2714 607 2766 80:
626 2717 715 2766 intorto
733 2717 799 2764 circa
816 2715 873 2764 bra·
918 2711 984 2764 stola
994 2710 1028 2764 nd
1042 2711 1223 2766 Burmsnuum
1236 2711 1299 2765 dnta
1311 2718 1428 2782 :masque

366 2796 445 2844 cisium
451 2796 531 2862 pallio
540 2796 662 2861 componit
670 2795 874 2862 adproels'andsnn
917 2795 972 2843 loeo
993 2805 1059 2843 tono
1076 2795 1222 2844 :insomnes
1247 2811 1360 2844 mansere
1381 2797 1427 2844 nti-

363 2873 498 2940 gradum),
509 2874 638 2939 strictoque
646 2875 705 2924 vias
710 2873 876 2942 proefidgurat
917 2873 996 2923 nistri.
1010 2873 1064 2923 Neo
1073 2881 1172 2924 temere
1182 2871 1297 2944 conjecit
1308 2872 1427 2924 sontissi-

365 2970 433 3011 ωηο,
441 2950 530 3004 dextro
538 2969 586 3022 per
594 2951 666 3005 viam
674 2949 702 3002 in
711 2961 875 3003 antecessum
918 2967 979 3004 mus
989 2949 1032 3002 ille
1040 2951 1156 3021 Anglns3
1169 2969 1230 3005 nem
1240 2969 1294 3004 nou
1305 2969 1375 3004 unns
1387 2969 1428 3004 co·

365 3030 452 3083 vibrat
465 3029 583 3098 gladium
603 3029 728 3098 (Gesner.
747 3029 775 3082 io
792 3029 873 3082 Thes.
919 3027 1428 3099 dexbnbetinquoomnes‚exquovera

366 3107 395 3162 b.
406 3129 433 3162 r.
448 3109 486 3161 sio
500 3107 627 3179 explieat:
649 3109 871 3174 eonsseerefacit).
915 3106 1026 3162 Valerio
1038 3127 1133 3161 manus
1145 3109 1248 3162 restitui
1264 3119 1359 3178 potest.
1373 3109 1428 3163 Ne·

365 3188 425 3252 Sic,
436 3186 517 3241 Ovid.
532 3187 640 3242 Metam.
650 3186 701 3250 IV,
712 3184 781 3255 755,
793 3189 871 3238 tedas
915 3203 968 3257 que
986 3186 1081 3251 video,
1104 3205 1155 3240 cnr
1175 3187 1283 3240 miretur
1303 3190 1428 3240 insomnes

361 3280 506 3336 procnterc.
914 3269 1036 3318 ministros
1046 3267 1231 3329 somnusue
1242 3263 1365 3336 equidem
1379 3265 1427 3320 mi·

402 3363 460 3399 1²0.
469 3344 540 3398 Talis
550 3344 578 3396 in
587 3361 661 3396 ormo
673 3343 797 3406 ruit;nsc
808 3345 872 3394 uino
914 3362 989 3398 rarer
1001 3345 1100 3417 magis,
1112 3346 1134 3398 si
1146 3363 1239 3399 somno
1253 3363 1280 3396 se
1294 3342 1428 3398 dedissent

363 3429 488 3494 dapesque
498 3436 607 3486 remoto,
620 3425 870 3488 statqueiocotornsr
915 3440 947 3476 ea
961 3435 1057 3487 nocte,
1072 3442 1125 3495 qun
1147 3424 1235 3478 hostes
1255 3434 1317 3476 ante
1336 3433 1426 3494 portas

362 3503 489 3556 haetenus
500 3501 587 3554 omnia
606 3500 711 3563 facilia,
723 3518 778 3552 non
789 3500 871 3564 item,
915 3501 1067 3573 apparuisse
1075 3501 1213 3565 audirent,
1224 3519 1330 3573 quaque
1339 3497 1373 3552 de
1382 3499 1428 3556 do·

363 3583 872 3655 quesmuuntnrmnquoffimenJman·
916 3579 994 3632 minis
1020 3579 1124 3633 solliciti
1152 3591 1237 3634 essent
1265 3579 1425 3632 absentibus.

363 3681 417 3714 sere
429 3662 541 3711 ministri.
561 3659 648 3712 Locus
666 3657 830 3720 salebrosum
844 3657 871 3710 in
916 3657 1427 3730 Nondubitaviigitur,tamlnculsutnm

362 3757 432 3811 quo,
442 3735 509 3810 quid
520 3755 551 3789 ex
561 3741 641 3788 omine
654 3736 733 3790 lanias
743 3773 751 3801 ,
762 3735 872 3790 difficile
915 3737 1127 3792 emendationem
1139 3739 1166 3791 in
1178 3739 1265 3810 ipsum
1276 3749 1375 3790 textum
1387 3755 1427 3790 ro·

362 3817 436 3871 dictu
445 3816 493 3881 sit,
507 3835 556 3868 uec
570 3816 737 3869 Burmannus
748 3815 797 3867 sibi
807 3815 870 3868 setis
915 3817 1011 3890 cipere.

361 3897 417 3969 ipse
439 3896 508 3948 fucit.
526 3896 608 3958 Erat,
626 3894 670 3946 ubi
687 3913 754 3964 ego,
770 3906 870 3948 mutata
952 3912 1012 3948 tas.
1026 3899 1090 3946 Inde
1101 3898 1165 3963 uagi
1181 3893 1314 3966 (Genysus
1329 3904 1355 3946 et
1367 3893 1424 3947 Ms-

360 3973 589 4046 interpuuctione,
605 3986 632 4026 et
646 3977 759 4024 ministris
775 3972 808 4026 ad
828 3992 869 4027 se·
913 3971 1033 4028 doni'lta
1044 3973 1315 4045 voluntinterpretes3
1325 3973 1426 4043 possint

360 4053 469 4126 quentin
482 4051 585 4114 tractis,
596 4069 689 4104 sanare
702 4053 789 4104 locum
804 4051 870 4103 mibi
913 4068 1002 4107 tamen
1016 4050 1141 4122 Cyziceni
1152 4052 1261 4104 omnino
1275 4051 1372 4104 rectius
1384 4051 1424 4104 iu·

361 4151 438 4205 posse
447 4130 559 4193 viderer,
573 4130 609 4183 ita
620 4149 715 4201 nempe
726 4148 733 4182 ε
746 4141 797 4183 stat
811 4131 870 4184 loco
914 4130 1012 4203 telligi)
1027 4149 1074 4182 nee
1088 4134 1138 4183 tela
1154 4134 1244 4189 rnods.
1262 4149 1309 4182 nec
1327 4133 1423 4181 casibus

360 4224 448 4276 torus,
459 4210 488 4262 in
500 4227 554 4280 quo
565 4221 623 4264 toro
634 4211 734 4279 (omen)
748 4227 870 4264 mansere
914 4214 999 4264 iisdem
1013 4229 1155 4262 consensere
1163 4229 1275 4270 nmen,
1287 4209 1316 4260 'm
1326 4207 1422 4278 quibus

362 4311 399 4346 so.
413 4289 475 4344 vina
487 4299 512 4344 et
529 4287 628 4362 depes,
642 4287 798 4360 Argonautis
818 4307 864 4360 ps·
916 4288 971 4343 dno
987 4288 1148 4352 amomon,
1162 4291 1210 4340 seia
1222 4301 1245 4340 et
1257 4305 1357 4338 manrsm
1368 4321 1376 4350 ‚
1387 4285 1426 4340 oi·
