3226 5114
384 529 448 614 296
689 530 724 592 C.
748 527 945 591 VALERII
977 529 1152 593 FLACCI

427 659 479 723 Sic
495 658 628 723 denium
644 657 747 746 rapidi
765 658 874 723 venies
890 657 931 723 ad
947 658 1093 724 Phasidis
1112 681 1252 724 amnem.

427 752 535 839 'Castra
550 773 596 836 ibi
606 773 672 853 jam
685 773 841 861 Scythiae,
857 750 1062 860 friternaque
1080 775 1184 863 surgit
1198 776 1358 865 Erinnys;

427 893 501 978 lpse
514 905 620 953 truces
634 889 699 953 illio
713 889 869 964 Colchos,
883 888 1076 976 hostemque
1087 889 1214 969 juvabis

427 1005 570 1071 Auxiliis.
587 1003 656 1069 Nee
670 1006 763 1092 plura
778 1004 932 1092 equidem
946 1003 1132 1069 discrimina
1148 1028 1263 1089 eerno;

426 1122 506 1185 Fors
525 1122 622 1185 etiarn
639 1133 781 1208 optatam
797 1119 928 1184 dabitur
945 1120 1134 1210 contingere
1149 1121 1277 1209 pellem.

428 1234 492 1300 Sed
505 1252 537 1300 te
551 1257 618 1298 non
637 1235 775 1317 animis,
790 1256 852 1298 nee
869 1234 945 1299 solis
961 1235 1083 1298 viribus
1098 1257 1229 1322 aequum

428 1349 588 1432 Credere3
604 1372 687 1438 soepe
705 1350 771 1414 aeri
788 1350 897 1439 potior
911 1348 1085 1437 prudentio
1102 1348 1224 1414 dextre.

429 1466 537 1548 Quam
554 1465 666 1529 tulerit
680 1464 780 1546 deus,
796 1464 900 1552 arripe
915 1487 1020 1552 opem.
1038 1464 1175 1552 Jamque
1192 1465 1306 1528 ultima
1324 1465 1419 1529 nobis

428 1579 582 1644 Promere
598 1581 661 1644 fatu
677 1579 783 1662 nefas3
797 1579 876 1643 sileo
889 1593 922 1642 et
936 1599 1060 1668 precor.
1074 1581 1202 1666 »Atque
1217 1580 1261 1643 ita
1276 1579 1362 1644 facto

428 1695 527 1776 Fine,
546 1693 635 1758 dedit
652 1694 756 1758 tacitis
771 1694 889 1758 iterum
907 1715 1064 1782 responsa
1082 1693 1233 1757 tenebris.

470 1810 555 1874 Tum
573 1808 678 1872 subite
696 1807 816 1872 resides
832 1809 937 1872 socios
952 1806 1128 1872 formidine
1140 1808 1238 1872 Jason

426 1925 622 2012 Praecipitat,
639 1925 825 2011 rumpitque
841 1944 963 1998 morus,
978 1937 1172 2012 tempusque
1186 1923 1333 1989 timendi.

425 2041 499 2127 Ipse
513 2040 599 2103 viros
612 2037 761 2128 gradiens
776 2035 818 2101 ed
831 2036 929 2126 primi
944 2037 1046 2102 litoris
1064 2038 1185 2103 undam

428 2153 642 2240 Prosequitur
654 2153 798 2216 Phineus
813 2174 821 2215 τ
835 2152 1014 2232 «Quaenam
1026 2152 1086 2216 tibi
1101 2153 1247 2240 prumia,
1263 2153 1361 2235 dixit,

429 2268 535 2351 Quas,
555 2266 653 2331 decus
670 2289 690 2330 o
708 2270 834 2349 Boreae,
851 2268 973 2356 possim
986 2269 1169 2356 persolvere
1183 2269 1317 2359 grates?
1410 2289 1449 2327 su

414 2449 467 2494 6²1.
484 2449 531 2495 Nee
545 2447 628 2494 selune
647 2449 737 2493 Βοηοη.
752 2447 805 2494 eod.
822 2447 870 2493 Sed
879 2447 1131 2524 eelis.VitioseHeint.
1148 2474 1180 2483 -
1198 2449 1253 2504 624.
1269 2449 1348 2504 Sileo,
1361 2466 1448 2512 precor.

383 2526 459 2584 Codd
468 2535 493 2574 et
501 2525 554 2574 edd.
564 2535 617 2573 unte
626 2527 691 2573 Cere.
711 2527 772 2574 Silen
776 2526 865 2590 procul.
876 2524 960 2575 Meter.
968 2537 1045 2574 textus
1054 2528 1095 2574 sed
1104 2537 1185 2574 eontra
1193 2528 1265 2590 ipsine
1274 2539 1374 2576 mentem
1383 2548 1390 2584 ς
1400 2531 1450 2576 rid.

384 2607 450 2670 carr..
457 2615 507 2652 not.
516 2605 690 2668 -drdsautis
697 2605 847 2652 iter-uum.
857 2631 888 2642 -
898 2607 952 2656 630.
964 2609 1068 2653 Partem.
1077 2607 1150 2654 Codd.
1159 2616 1183 2654 et
1191 2606 1246 2654 edd.
1256 2616 1310 2654 tute
1318 2608 1396 2655 Heius.
1405 2611 1448 2656 En.

382 2796 429 2840 net
441 2783 537 2846 ἄξινοις
550 2791 639 2835 esvete
660 2777 757 2852 igitur,
779 2794 803 2832 et
821 2782 894 2842 limite
938 2785 1130 2846 424,Venerem
1139 2779 1449 2851 Phineuspradicitsore,

382 2875 464 2921 meto,
483 2874 508 2912 et
523 2879 586 2912 aura
606 2863 712 2928 aquali,
729 2861 799 2911 navis
816 2873 895 2910 vans·
937 2861 1013 2932 cujus
1039 2859 1136 2913 auxilio
1158 2857 1273 2913 reditum
1298 2860 1350 2913 sihi
1373 2879 1450 2930 puru-

382 2953 480 3003 enrrat,
494 2957 544 2991 nee
556 2955 673 3010 unqrum
685 2941 810 2990 devertat.
937 2939 990 2991 turi
1011 2939 1062 2991 tint
1072 2940 1247 3011 Argonaute3
1263 2938 1388 2991 Valerius
1404 2956 1450 2991 au·

417 3023 478 3072 616.
492 3022 531 3070 Sir
544 3021 639 3069 demum
650 3021 687 3069 ad
697 3020 788 3070 Phasin
802 3034 895 3088 perve-
938 3029 991 3070 tem
1002 3017 1124 3070 Medeam
1137 3017 1224 3092 potins
1235 3017 1264 3068 in
1275 3029 1362 3069 mente
1373 3016 1448 3070 vide·

381 3099 438 3152 niet
447 3139 455 3165 ,
465 3100 504 3148 ubi
517 3100 572 3168 jum
584 3111 666 3152 castra
675 3099 794 3162 Scythice,
800 3097 894 3163 stater*
938 3107 982 3150 tur
993 3096 1134 3158 habuisse,
1148 3097 1223 3168 cnjus
1235 3095 1333 3149 artibus
1347 3096 1448 3166 magis,

381 3198 464 3245 naqne
477 3179 557 3244 surgit
573 3179 696 3241 Erinnys,
717 3176 816 3228 bellum
837 3177 894 3246 jam
937 3193 1075 3246 quemsua
1088 3174 1169 3246 ipsius
1183 3173 1280 3227 virtute
1293 3175 1449 3245 impetretu-

381 3275 453 3309 nunc
462 3256 530 3308 inter
542 3254 637 3307 fratres
646 3255 749 3306 dietum
762 3265 788 3306 et
799 3254 894 3306 Persen
936 3273 997 3308 rum
1010 3256 1133 3307 Jesonem
1142 3293 1150 3320 ,
1160 3252 1233 3325 quod
1244 3253 1339 3317 vellet,
1356 3252 1449 3323 pruvi-

382 3333 585 3388 eonflutumett.
938 3334 982 3387 det
991 3332 1248 3397 vates‚sededicere
1258 3333 1291 3386 eh
1299 3333 1389 3385 incola
1399 3331 1450 3384 deo

416 3418 477 3466 620.
498 3419 556 3463 Fors
576 3414 661 3471 etrum,
682 3409 735 3462 hoo
759 3427 813 3461 non
838 3420 891 3462 tam
936 3413 1202 3484 prohibetur,nltima
1212 3410 1344 3476 enim,sic
1353 3411 1449 3483 pergit,

381 3503 470 3563 aperte
488 3490 639 3562 promittit,
663 3503 770 3564 optatnrn
798 3491 893 3540 dabtun
931 3505 1044 3560 promere
1049 3491 1111 3560 fata
1121 3493 1203 3561 nefas.

357 3565 359 3572 '
379 3575 518 3639 contingere
523 3575 631 3639 pellem:
643 3571 689 3619 sed
695 3583 717 3620 u
725 3589 774 3620 non
786 3571 889 3628 animo,
971 3574 1033 3626 626.
1052 3575 1110 3621 Tum
1122 3572 1198 3620 subita
1203 3570 1342 3638 fumidis«
1356 3571 1450 3620 resides

378 3649 467 3702 robori
479 3648 560 3702 animi
569 3686 577 3712 ,
593 3669 638 3700 nee
653 3651 710 3700 solis
726 3651 818 3700 nr'n'bus
831 3667 891 3701 cor·
936 3653 1029 3711 socios,
1041 3648 1069 3701 in
1080 3649 1157 3702 litore
1167 3647 1256 3701 adhue
1262 3646 1366 3700 desides
1374 3683 1383 3710 ,
1386 3667 1452 3714 prm·

380 3729 452 3800 poris
465 3731 680 3794 oequumcredere.
937 3731 1019 3796 or'pitat
1031 3766 1039 3788 ,
1071 3727 1169 3781 alacres
1196 3725 1282 3791 facit,
1307 3743 1452 3796 properare

414 3810 475 3859 622.
495 3812 562 3875 Saepe
584 3811 638 3859 acri
656 3811 736 3875 potior
759 3811 892 3875 prudentia
933 3807 1009 3879 jubet
1028 3804 1062 3859 ad
1080 3824 1189 3869 navem,
1208 3816 1239 3857 ut
1254 3806 1307 3858 fata
1324 3803 1452 3875 predicte

378 3889 476 3936 dextra.
486 3885 579 3939 Juven.
593 3887 635 3951 X,
650 3886 718 3948 365,
733 3890 833 3938 Nullum
844 3906 890 3938 nu·
935 3895 1138 3961 prosequantur,
1148 3886 1280 3952 rumpitque
1290 3903 1381 3943 moras,
1394 3897 1453 3933 tem·

379 3983 433 4014 men
451 3963 531 4025 abest,
554 3969 576 4015 si
593 3969 625 4016 sit
632 3968 779 4034 prudentior
797 3963 889 4019 Horat.
930 3985 1028 4034 pusque
1043 3966 1156 4023 timendi,
1174 3974 1203 4014 nt
1220 3981 1253 4015 ue
1275 3961 1328 4014 otio
1349 3960 1450 4014 diutius

377 4037 429 4095 od'.
450 4041 510 4106 111,
526 4043 624 4106 MS:
642 4047 685 4096 Vis
698 4047 786 4095 consili
804 4064 892 4112 expers
936 4042 1124 4114 indulgerent,
1146 4054 1227 4112 utque
1247 4052 1349 4112 tempus
1371 4059 1453 4094 omne

379 4123 442 4174 mole
453 4124 563 4174 missua.
936 4122 1100 4188 excluderet,
1114 4140 1169 4193 qno
1184 4119 1218 4172 de
1235 4119 1392 4172 instantibus
1403 4138 1451 4190 pe·

412 4201 474 4254 623.
483 4207 562 4268 Quam
571 4206 657 4264 ulerie,
666 4203 804 4266 obtulerit,
815 4206 890 4268 dens,
934 4203 1025 4256 riculis
1035 4212 1142 4273 possent
1151 4199 1276 4272 cogitare.

376 4282 542 4348 ampeopem.
559 4280 636 4353 Apud
646 4280 831 4353 Apollonium,
844 4282 889 4346 11,
971 4283 1032 4336 628.
1052 4288 1107 4352 Ipse
1126 4279 1240 4334 Phineus
1256 4281 1393 4346 gradiens,
1411 4287 1455 4356 utq
