3198 5106
383 548 484 596 exea
556 529 840 599 wicnnnus
870 533 935 602 nn
960 533 1070 618 van„
1094 531 1277 604 rnacct

382 659 491 746 stoph.
502 658 616 722 Sarius
630 660 663 725 in
677 660 903 743 Onomastico,
921 663 984 726 vol.
995 664 1029 744 l,
1045 685 1077 750 p.
1090 662 1170 752 2645
1189 660 1326 728 decessit
1336 679 1446 730 autem

384 763 444 826 sub
468 765 654 830 Domitiano
674 782 749 853 post
764 789 887 830 annum
904 765 969 847 88,
987 768 1014 832 si
1032 783 1119 832 recte
1135 769 1274 832 calculos
1290 769 1448 835 subduxit

385 869 418 932 in
436 871 614 935 Annalibus
631 872 859 954 Quintilianeis
877 875 977 938 Henr.
994 873 1191 940 Dodwellus.

426 979 496 1040 lam
514 999 613 1060 vero,
634 1001 700 1066 quo
714 979 788 1042 loco
807 979 893 1043 inter
907 995 1019 1068 poetas
1036 979 1206 1044 habendus
1223 981 1281 1063 sit,
1297 980 1447 1070 dispicia-

384 1104 466 1146 mus.
490 1083 528 1146 In
557 1104 623 1170 quo
638 1082 762 1164 judicio
784 1082 922 1148 ferendo
940 1085 1066 1148 bonum
1087 1108 1202 1166 omen,
1218 1107 1279 1149 nec
1298 1103 1445 1154 contem·

382 1187 490 1253 nenda
503 1190 712 1277 praerogativa
723 1207 791 1273 est,
803 1190 893 1279 quod
905 1191 971 1271 jam
983 1192 1061 1254 olim
1074 1193 1314 1275 Quintilianus,
1331 1193 1448 1258 intem·

382 1293 536 1380 pestiram
561 1294 629 1373 ejus
655 1311 794 1360 mortem
810 1295 942 1378 dolens,
959 1297 1064 1362 Instit.
1083 1297 1139 1362 Or.
1164 1299 1213 1380 X,
1232 1321 1245 1362 1
1261 1347 1270 1379 ,
1285 1296 1444 1379 multum,

384 1397 510 1485 inquit,
529 1401 562 1462 t'n
580 1398 710 1462 Valerio
728 1399 844 1464 Flacco
857 1421 957 1489 nuper
971 1403 1141 1466 amisimus.
1155 1403 1193 1466 ln
1206 1401 1352 1490 pluribus
1367 1425 1445 1470 eum

382 1503 562 1566 carminum
581 1504 754 1593 generibus
770 1504 950 1569 elaborasse
969 1505 1141 1570 verisimile
1157 1523 1225 1588 est,
1240 1530 1380 1595 quorum
1400 1525 1447 1573 ta·

381 1629 456 1672 men
481 1608 563 1672 nibil
581 1625 707 1673 aetatem
735 1611 810 1674 tulit
826 1627 942 1699 praeter
957 1612 1192 1701 Argonautica,
1211 1613 1328 1700 quibus
1345 1615 1446 1703 igitur

381 1714 456 1778 solis
466 1715 593 1802 poetica
601 1715 670 1795 ejus
682 1715 815 1780 facultas
825 1717 1011 1782 aestimanda
1022 1719 1120 1783 venit.
1132 1719 1174 1783 Et
1182 1719 1289 1807 primo
1300 1719 1443 1807 quidem,

382 1843 478 1909 quam
492 1820 675 1909 primariam
690 1821 774 1910 epici
786 1823 936 1888 carminis
950 1822 1059 1888 dotem
1074 1846 1143 1890 esse
1154 1825 1283 1907 volunt,
1299 1841 1337 1890 ut
1345 1848 1413 1890 rem
1426 1849 1444 1890 a

380 1925 456 1990 viris
472 1927 596 2015 magnis
609 1944 790 2016 susceptam
802 1951 931 2018 gravem
943 1930 1053 2011 sistat,
1068 1953 1140 2017 quae
1152 1931 1292 1994 multum
1306 1929 1446 1995 difficul-

380 2031 473 2114 tatis,
487 2031 797 2120 impedimentorum
806 2051 903 2122 atque
915 2035 1049 2123 periculi
1060 2035 1197 2117 habeat,
1211 2059 1282 2123 quae
1295 2057 1445 2125 magnam

380 2136 498 2200 virium
525 2139 767 2204 contentionem
802 2140 969 2227 postulet,
995 2141 1080 2204 vires
1107 2139 1189 2204 adeo
1216 2140 1376 2205 humanas
1402 2142 1446 2205 ita

380 2241 527 2308 videatur
553 2267 726 2332 superare,
751 2262 879 2310 utnon
901 2246 962 2310 nisi
987 2245 1174 2310 interventu
1198 2246 1445 2335 ministerioque

382 2348 520 2413 deorum
534 2348 677 2436 expediri
693 2367 725 2413 et
741 2347 894 2413 adfinem
910 2349 1045 2438 perduci
1067 2351 1169 2438 possit
1260 2373 1330 2414 eam
1344 2350 1446 2440 igitur

382 2454 493 2520 dotem
506 2470 720 2544 argumento,
737 2455 852 2543 inquo
871 2455 1034 2520 elaborare
1050 2456 1171 2544 placuit
1179 2456 1319 2538 Nostro,
1338 2457 1445 2521 inesse

382 2560 707 2651 quisnegetleltvero
716 2577 939 2650 paupertatem
950 2561 1124 2660 quamdam
1132 2561 1254 2651 ingenii
1262 2561 1445 2651 prodidisse

380 2664 482 2730 videti
501 2667 603 2754 possit
625 2682 813 2755 propterea,
832 2667 923 2755 quod
938 2683 1048 2732 actum
1066 2689 1179 2758 agere,
1196 2668 1278 2734 etin
1291 2683 1357 2732 tam
1370 2667 1444 2732 trita

380 2786 413 2836 et
430 2795 448 2837 a
465 2771 574 2838 multis
591 2788 665 2836 ante
682 2794 758 2837 eum
771 2771 939 2837 decantata
954 2772 1065 2837 fabula
1080 2769 1190 2836 denuo
1203 2770 1373 2859 periclitari
1386 2795 1444 2835 vo·

379 2878 494 2960 luerit,
507 2901 575 2967 quo
590 2879 723 2943 nomine
734 2878 774 2944 ab
788 2879 903 2967 aequali
915 2879 1078 2960 iuvenale,
1088 2877 1153 2944 Sat.
1166 2878 1192 2960 I,
1207 2899 1299 2965 7·10,
1314 2877 1444 2964 oblique

382 2997 504 3047 tactum
520 2999 554 3047 et
570 2983 700 3050 irrisum
717 3005 785 3047 esse
798 2982 1006 3049 crediderunt
1029 2981 1201 3058 nonnulli,
1223 2980 1264 3046 de
1287 3003 1354 3068 quo
1371 2981 1444 3044 vide

381 3089 427 3152 ibi
442 3089 580 3177 Ruperti
594 3089 851 3154 Commentarios
868 3088 918 3153 ed.
936 3089 1074 3168 majoris.
1092 3087 1229 3176 Magnus
1250 3086 1363 3174 utique
1380 3107 1442 3150 nu·

381 3217 489 3261 merus
514 3211 547 3259 et
565 3193 753 3259 Graecorum
780 3211 828 3259 est
847 3212 880 3259 et
896 3195 1104 3275 Latinorum,
1123 3193 1180 3282 qui
1202 3191 1442 3280 expeditionem

382 3301 632 3391 Argonauticam
643 3299 794 3364 carminis
807 3317 1036 3390 argumentum
1045 3299 1106 3362 sibi
1116 3313 1333 3386 sumpserunt.
1346 3297 1441 3378 Nam,

383 3422 420 3471 ut
445 3421 652 3494 preteream,
675 3406 732 3492 qui
757 3427 828 3472 eam
858 3406 1026 3469 historiam
1050 3403 1155 3468 obiter
1179 3417 1373 3484 tractarunt,
1391 3401 1442 3464 vel

381 3510 444 3577 levi
460 3532 560 3574 manu
577 3509 771 3598 attigerunt,
792 3511 993 3592 Homerum,
1013 3508 1129 3597 Odyss.
1140 3509 1221 3590 XII,
1239 3508 1281 3594 69
1299 3531 1346 3594 sq.
1363 3507 1441 3570 Pin·

382 3614 515 3696 darum,
529 3615 623 3703 Pyth.
635 3616 699 3696 1V;
714 3617 882 3699 Ovidium,
892 3616 1021 3680 Metam.
1034 3615 1107 3696 VII,
1128 3637 1141 3679 1
1160 3636 1206 3701 sq.
1227 3611 1440 3677 Claudianum

382 3720 475 3785 initio
502 3721 578 3784 belli
604 3721 733 3802 Getici,
756 3724 852 3801 justis
877 3722 973 3788 etiam
1000 3738 1033 3785 et
1056 3719 1217 3809 perpetuis
1245 3715 1440 3784 carminibus

382 3824 529 3890 eamdem
548 3827 774 3908 celebrarunt,
790 3827 847 3890 sed
865 3850 953 3891 nunc
970 3823 1162 3914 deperditis,
1180 3821 1358 3900 Hesiodus,
1370 3820 1442 3908 Epi·

383 3931 528 3997 menidcs
544 3934 731 4012 Cretensis,
754 3933 854 3998 Cleon
880 3933 1036 4021 Cyprius,
1055 3930 1207 3994 Eumelus
1231 3925 1440 4008 Corinthius,

382 4036 587 4119 Herodorus,
600 4039 775 4127 Dionysius
789 4039 949 4117 Milesius,
962 4053 1023 4101 etc.
1031 4057 1171 4122 quorum
1179 4033 1335 4098 nonnulla
1347 4032 1441 4096 etiam
1559 4083 1561 4088 .

382 4143 559 4232 fragmenta
583 4145 718 4210 servavit
737 4146 855 4234 passim
872 4144 1062 4210 Scholiastes
1083 4139 1253 4229 Apollonii.
1265 4138 1346 4204 Vide
1370 4163 1441 4203 om·

383 4249 461 4312 nino
477 4249 612 4316 Fabricii
629 4250 710 4318 Bibl.
728 4241 886 4332 Graecam',
901 4250 956 4315 litt
971 4248 1037 4330 111,
1055 4271 1082 4311 c.
1095 4246 1153 4327 26,
1169 4246 1232 4310 vol.
1252 4245 1439 4333 1v‚p.264‚
1526 4243 1531 4254 “
