3198 5106
650 480 686 543 C.
711 477 909 546 VALERII
937 482 1112 546 FLACCI

392 611 490 697 Eripe
504 631 556 672 me
570 609 715 697 populis,
731 625 763 672 et
775 609 908 674 habenti
923 611 1035 676 nubila
1050 628 1158 693 terrae,

392 727 506 790 Sancte
520 725 629 788 Pater!
641 741 853 812 veterumque
867 725 937 788 fave
950 726 1133 790 veneranda
1148 728 1275 792 canenti

394 841 488 904 Facta
501 840 626 902 virum:
644 861 768 902 versam
783 840 889 926 proles
903 855 959 904 tua
973 840 1094 928 pandet
1107 840 1262 923 Idumen,

393 956 542 1042 Namque
556 969 678 1041 potest,
692 955 819 1042 solymo
834 955 1016 1042 nigrantem
1029 957 1161 1044 pulvere
1174 956 1321 1039 fratrem,

392 1071 669 1159 spargentemque
683 1069 783 1150 faces,
798 1085 831 1132 et
844 1070 878 1132 in
893 1070 985 1132 omni
999 1087 1087 1134 turre
1101 1071 1273 1140 liuentem.

391 1188 449 1251 llle
464 1185 522 1250 tibi
537 1187 708 1274 cultusque
723 1184 821 1250 deum
837 1184 1036 1274 delubraque
1051 1188 1139 1276 genti

394 1302 558 1382 Instituet,
572 1323 674 1388 quum
686 1299 751 1379 jam
767 1301 895 1389 genitor
908 1301 1031 1365 lucebis
1045 1301 1086 1364 ab
1101 1303 1191 1365 omni

392 1415 486 1480 Parte
501 1415 587 1503 poli:
603 1438 710 1503 neque
725 1415 860 1478 enimin
875 1415 973 1504 tyrias
989 1417 1158 1504 Cynosura
1172 1418 1294 1481 carinas

392 1532 530 1611 Certior,
544 1546 600 1593 aut
613 1530 708 1618 graiis
724 1530 835 1593 Helice
848 1529 1005 1594 servanda
1019 1532 1195 1620 magistris,

393 1647 459 1710 Seu
472 1661 509 1708 tu
522 1646 613 1734 signa
628 1643 734 1725 dabis5
750 1667 807 1708 seu
822 1660 853 1707 te
867 1643 950 1708 duce
965 1646 1087 1710 Graecia
1101 1647 1222 1729 mittet,

384 1829 419 1860 rs.
430 1814 522 1861 Perdit.
531 1813 606 1860 vatic.
619 1821 642 1859 et
652 1815 709 1859 Bon.
719 1812 787 1859 codd.
797 1815 855 1858 Bon.
868 1814 879 1860 1
890 1823 914 1858 et
926 1814 956 1859 ll.
965 1816 1029 1860 Junt.
1047 1815 1147 1862 Pandae.
1157 1816 1210 1862 Ald.
1222 1843 1253 1852 -
1268 1817 1302 1863 13.
1315 1819 1426 1880 Namque

345 1905 426 1957 potest.
438 1893 539 1940 stellet.
550 1893 680 1954 postPium
692 1892 827 1948 etHerrnol.
845 1896 920 1940 Potes.
930 1894 1004 1940 Vatic.
1014 1905 1038 1940 et
1046 1897 1103 1941 Bon.
1113 1897 1181 1942 codd.
1194 1896 1282 1942 Boron.
1295 1899 1313 1942 l.
1327 1899 1421 1944 Potens.

349 1977 439 2020 Boron.
450 1975 479 2020 11.
492 1976 576 2020 Miser.
588 1975 658 2020 Petis.
670 1975 815 2021 lunt-15.
827 1973 881 2021 [tta.
893 1976 983 2019 Bonan
995 1975 1048 2020 cod,
1060 1976 1151 2021 Boron
1163 1977 1173 2021 l
1185 1986 1209 2021 et
1220 1979 1250 2022 ll.
1263 1979 1349 2024 Gentis.
1362 1979 1420 2024 Bon·

348 2053 402 2099 eod.
414 2080 445 2088 —
457 2053 492 2099 16.
512 2054 568 2098 Cum
581 2055 675 2114 genitor.
684 2053 759 2098 Vatic.
774 2053 826 2098 cod.
846 2055 900 2099 Cum
911 2052 965 2114 jam
983 2062 1007 2097 tu
1023 2055 1117 2114 genitor.
1139 2056 1228 2100 Bonon.
1246 2055 1301 2101 cod.
1318 2055 1359 2100 sed
1379 2071 1421 2101 ex·

348 2142 438 2194 puncto
453 2143 565 2192 trs-17.
580 2135 659 2194 Neque
671 2134 695 2178 in
708 2135 853 2192 Tyriasllat.
865 2141 888 2178 et
899 2134 988 2178 Bonon.
998 2132 1068 2177 codd.
1082 2136 1170 2178 Bonon.
1184 2134 1202 2177 l.
1213 2135 1279 2179 lunt:
1287 2160 1318 2169 -
1329 2150 1367 2197 ¹9·
1376 2137 1421 2180 Seu

349 2214 444 2273 turigna
453 2211 528 2262 datis,
539 2211 681 2271 seu.Vulgo,
695 2211 760 2256 nullo
772 2225 848 2256 sensu.
854 2209 907 2256 vid.
919 2219 968 2254 not.
981 2209 1011 2255 ad
1022 2211 1084 2256 hunc
1093 2226 1192 2256 versum.
1207 2212 1250 2257 En.

387 2381 428 2414 ro.
448 2365 522 2428 Eripe
540 2381 578 2412 me
590 2364 703 2430 populis,
725 2375 748 2410 et
765 2362 866 2410 habenti
906 2359 955 2410 sub
964 2359 1085 2430 auspiciis
1099 2359 1151 2412 tuis
1162 2357 1323 2430 perficiendo
1333 2379 1420 2431 quum

349 2445 434 2493 nubila
450 2457 533 2501 tenne,
549 2441 577 2492 in
594 2440 691 2511 quibus
708 2439 810 2492 Horatii
826 2458 862 2489 se·
906 2439 1018 2491 maxime
1031 2439 1149 2492 elaborat
1158 2441 1255 2508 freter,
1274 2440 1365 2504 Titus,
1383 2443 1421 2490 m*-

350 2537 441 2572 cretum
448 2526 555 2588 populo,
570 2519 624 2573 Od.
637 2520 664 2584 l,
681 2538 709 2581 1,
725 2519 773 2581 323
788 2533 862 2568 cutus
904 2538 980 2587 grans
987 2522 1097 2586 pulvere,
1111 2537 1164 2570 non
1176 2517 1302 2571 indecoro
1311 2518 1421 2589 pulvere

348 2606 475 2670 vulgares,
488 2604 610 2667 udamque
618 2601 730 2657 humum,
742 2596 794 2649 Od.
806 2598 862 2662 Ill,
908 2595 1031 2649 sordidus
1049 2597 1157 2664 (Horat.
1175 2595 1229 2649 Od.
1249 2599 1294 2661 11,
1312 2617 1336 2661 1,
1351 2618 1382 2650 aa
1391 2601 1421 2668 );

351 2700 381 2745 s,
399 2682 446 2744 ad,
463 2681 499 2732 ob
512 2679 603 2733 oculos
615 2679 739 2730 habuisse
750 2675 863 2729 videtur.
908 2675 1046 2728 tormentis
1056 2675 1156 2727 bellicis
1165 2694 1261 2746 urgens
1272 2675 1421 2748 Hierosoly-

386 2777 428 2812 11.
445 2764 534 2811 Sancte
547 2766 635 2819 Pater,
650 2757 800 2810 reverentiae
814 2776 862 2808 no·
909 2773 999 2817 marn,
1016 2757 1124 2828 ejusque
1138 2775 1186 2822 per
1211 2771 1299 2816 turres,
1324 2756 1420 2827 quibus

349 2857 410 2892 men
436 2839 644 2910 Imperatoribus
668 2836 770 2889 datum.
792 2835 861 2888 Vide
906 2833 1025 2904 pluribus
1036 2834 1138 2886 mimita
1151 2846 1204 2898 est,
1209 2837 1305 2903 fierem.

348 2919 467 2990 Propert.
485 2919 535 2981 IV,
550 2936 583 2985 9,
598 2935 647 2988 71;
663 2918 713 2969 Ov.
732 2917 803 2968 Fast.
818 2917 860 2980 II,
944 2914 985 2967 15.
1003 2917 1049 2963 Ille
1065 2917 1109 2964 tibi
1125 2917 1250 2981 cultasque
1266 2918 1336 2964 deum
1351 2915 1422 2966 dela·

351 3014 411 3065 1²7·
424 3029 460 3038 -
473 2998 538 3062 Quae
555 3007 712 3068 sequuntur,
726 2996 762 3047 ita
778 2995 862 3048 colne-
906 2997 999 3059 braque
1008 2997 1078 3060 genti
1089 2996 1203 3044 instituet.
1214 2995 1245 3044 ln
1260 2991 1362 3046 diversa
1375 2991 1419 3046 hic

346 3088 426 3129 rent:
443 3077 514 3129 Fare
527 3087 646 3128 veterum
661 3073 773 3125 heroum
791 3075 861 3126 lacta
906 3071 1004 3124 abeunt
1016 3070 1188 3142 interpretes,
1205 3090 1319 3143 quorum
1332 3071 1376 3124 alii
1389 3077 1418 3128 τὸ

348 3155 472 3220 canenti,
487 3173 529 3206 res
544 3154 615 3206 enim
632 3171 646 3204 a
665 3163 690 3202 te
704 3151 762 3221 ipso
775 3165 861 3224 gestas
906 3154 951 3200 Ille
962 3148 996 3200 ad
1007 3150 1114 3214 Titum,
1131 3149 1176 3202 alii
1190 3151 1225 3203 ad
1238 3150 1418 3204 Domitianum

348 3234 431 3288 nolim
446 3236 524 3304 culpa
542 3231 639 3304 ingenii
656 3229 774 3282 deterere
793 3231 859 3294 mei,
905 3231 1418 3298 referunt.Quamlitem,sitantiesset,

349 3315 432 3366 immo
445 3313 515 3366 lilius
527 3322 603 3374 tuus,
619 3307 802 3372 Domitianus,
812 3329 861 3376 po·
905 3310 941 3362 ita
956 3328 1113 3381 componere
1126 3311 1271 3382 possimus,
1287 3324 1316 3365 ut
1328 3313 1419 3364 Titum

349 3408 394 3444 test
418 3397 482 3444 enim
504 3394 598 3459 (nam,
622 3409 702 3459 quern
724 3387 861 3441 simulasse
905 3387 1025 3441 dicamus
1038 3391 1107 3460 patri
1125 3388 1229 3442 divinos
1245 3391 1354 3444 omnino
1371 3395 1420 3446 h0÷

348 3483 451 3523 tanturn
459 3482 542 3524 artem
549 3469 679 3539 poetieam
687 3467 774 3521 verius
781 3466 861 3520 tradit
905 3487 982 3520 nores
992 3461 1167 3534 (ἀποθέωσιν)
1181 3468 1341 3535 decrevisse,
1355 3482 1419 3523 teste

348 3550 489 3604 Suetonius
497 3549 610 3601 Domo.
625 3567 654 3610 a,
669 3567 730 3600 eum
740 3546 861 3600 adulato—
904 3547 989 3600 Plinio
1014 3548 1144 3622 Panegyr.
1168 3569 1216 3612 113
1237 3550 1419 3603 Domitianum

348 3647 406 3692 res,
421 3627 520 3680 Plinius
530 3629 557 3680 in
571 3627 741 3689 prefatione,
754 3627 860 3691 Quinti·
905 3646 969 3680 vero
984 3627 1113 3699 ternplum
1128 3629 1151 3682 ei
1167 3629 1293 3690 erexisse,
1309 3639 1418 3682 auctore

348 3705 434 3759 liunus
448 3706 533 3758 instit.
547 3706 658 3758 Procem.
674 3719 700 3759 et
715 3706 755 3770 X,
773 3725 797 3770 r,
814 3727 860 3776 913
904 3705 1029 3760 Suetonio
1042 3707 1138 3760 Domit.
1152 3726 1175 3759 c.
1190 3726 1201 3757 1
1217 3719 1243 3758 et
1257 3708 1282 3760 5.
1297 3705 1348 3759 Sed
1362 3718 1419 3760 tota

347 3785 454 3848 Statius,
463 3785 603 3850 Martialis,
611 3799 662 3840 etc.
673 3787 798 3840 eximium
806 3826 814 3851 ,
822 3807 860 3842 sc.
905 3788 1014 3857 querno
1023 3785 1139 3839 inutilis:
1149 3785 1418 3856 quumenithespa·

334 3862 861 3936 ·praedicantvatem),pandat,hoeenim,
905 3865 981 3919 siano
997 3864 1086 3917 adhue
1100 3866 1160 3916 viro
1173 3863 1206 3916 ad
1220 3861 1309 3933 plures
1323 3864 1419 3917 abierit

347 3942 470 3996 blandius
477 3945 576 4017 quippe
585 3958 611 4000 et
620 3947 769 4000 Domitiano
777 3947 862 3999 hono-
906 3944 1044 4006 Valerius,
1058 3961 1113 3997 non
1123 3941 1276 3995 historicum
1291 3944 1358 4013 egit,
1372 3943 1419 3997 sed

347 4021 510 4086 rificentius,
521 4027 627 4096 reposui
634 4025 810 4095 (v.not.adv.
822 4027 863 4094 tn)
906 4023 1107 4086 vaticinantem,
1128 4039 1242 4092 eumque
1265 4020 1419 4076 adulantem

348 4104 510 4172 propendet,
525 4122 571 4174 per
583 4105 673 4158 orbern
683 4117 814 4159 terrarum
823 4105 863 4158 di·
906 4113 1018 4173 poetam.
1033 4101 1123 4166 Quum
1133 4101 1177 4154 liic
1188 4101 1262 4153 locus
1274 4101 1340 4154 mire
1349 4102 1419 4156 criti·

348 4180 452 4252 vulget,
464 4182 793 4258 celebretldnmenversam,
802 4203 864 4255 pro-
906 4201 950 4235 cos
962 4180 1143 4252 exagitaverit,
1158 4180 1190 4234 de
1203 4183 1282 4234 variis
1292 4182 1418 4254 interpre-

348 4257 862 4334 fligatumatebellumjudaicum,inquo
905 4260 979 4316 tandi
991 4259 1092 4324 modis,
1105 4260 1181 4333 plura
1195 4261 1310 4316 invenies
1322 4261 1357 4319 ad
1367 4263 1418 4314 cal·
