3122 5126
353 554 401 600 tn
459 529 609 598 LAUR.
637 528 830 598 BALBUS
860 530 1025 597 PETRO
1058 531 1088 598 A
1119 531 1309 600 LERMA.

354 683 453 749 opem
480 659 634 725 effectum
657 676 758 742 esset,
786 675 824 723 ut
850 659 931 724 dum
961 683 1075 726 omnes
1102 663 1171 741 ejus
1200 665 1422 730 enarrationes

354 788 484 832 summo
500 765 609 830 studio
626 782 799 854 exoptant,
815 767 980 831 Valerium
1001 768 1138 856 cupiant
1161 768 1362 858 intelligere:
1388 787 1424 836 et

354 890 403 938 est
416 874 571 938 nimirum
582 873 652 965 jugi
671 875 810 940 lectione
827 874 1056 965 dignissimus3
1078 892 1127 940 est
1145 877 1233 940 enim
1249 878 1423 944 heroicum

354 979 513 1062 sublime,
535 997 674 1063 tersum,
699 999 913 1064 emunctum,
929 981 1107 1071 figurarum
1128 983 1280 1048 varietate
1303 984 1421 1049 distin·

354 1102 443 1152 otum
453 1135 462 1169 ,
474 1085 641 1152 sententiis
653 1104 823 1164 ornatum,
836 1110 948 1177 grave,
960 1104 1010 1170 et,
1022 1104 1121 1177 prout
1129 1111 1180 1152 res
1191 1091 1311 1178 poscit,
1324 1092 1423 1157 rebe·

355 1214 465 1275 mens,
484 1215 574 1274 acre,
601 1194 818 1275 concitatum,
837 1215 949 1274 suave,
963 1192 1164 1276 jucundum,
1181 1195 1327 1284 miraque
1343 1219 1420 1261 eru·

354 1297 478 1362 ditione
495 1297 669 1381 refertum,
689 1299 725 1362 in
742 1297 998 1388 digressionibus
1015 1298 1229 1382 concinnum,
1246 1301 1278 1365 in
1298 1301 1420 1366 descri-

354 1404 521 1492 ptionibus
541 1404 688 1493 locuples
701 1422 734 1469 et
749 1404 938 1486 abundans,
957 1405 991 1470 in
1012 1404 1183 1470 affectibus
1202 1406 1420 1495 exprimendis

355 1496 595 1593 acutissimum,
608 1511 643 1574 in
659 1510 779 1576 decoro
795 1511 953 1576 servando
970 1509 1208 1576 admirandum.
1222 1511 1288 1576 Sed
1301 1512 1341 1576 de
1355 1513 1421 1578 hoc

356 1617 431 1680 satis
447 1617 565 1681 multa:
581 1617 658 1681 nolo
675 1617 762 1681 enim
778 1617 1000 1681 facundissimi
1016 1633 1119 1705 poetae
1133 1617 1242 1682 laudes
1257 1618 1351 1706 culpa
1364 1616 1422 1683 de·

356 1737 460 1786 terere
474 1722 615 1811 ingenii,
634 1722 766 1810 quando
778 1722 932 1787 vendibili
942 1725 1020 1787 vino
1032 1745 1187 1812 suspensa
1200 1723 1320 1788 hedera
1340 1723 1423 1787 nihil

358 1850 451 1916 opus.
472 1828 626 1916 Superest
642 1850 738 1917 ergo,
750 1830 947 1893 Cancellarie
958 1829 1157 1918 dignissime,
1170 1845 1208 1893 ut
1221 1829 1339 1893 nostris
1353 1829 1423 1916 ipse

357 1933 667 2016 lucubratiunculis,
679 1933 771 2014 cujus
788 1935 914 1998 nomini
928 1951 1105 2016 sacrantur,
1123 1959 1187 2023 qua
1205 1936 1288 2000 soles
1306 1931 1423 1997 buma-

358 2039 459 2104 nitate
487 2039 717 2127 patrocineris,
746 2039 773 2102 si
802 2038 938 2130 dignum
964 2039 1087 2127 aliquid
1109 2039 1263 2121 auribus,
1286 2038 1423 2128 dignum

358 2145 476 2209 chartis
490 2145 741 2211 elaboravimus:
754 2168 829 2210 nam
844 2147 920 2210 situ
934 2145 1069 2212 sudores
1083 2162 1212 2210 nostros
1226 2145 1349 2208 calculo
1363 2160 1422 2207 tuo

358 2249 535 2331 adjuveris,
551 2249 697 2314 adstrues
719 2249 797 2314 huic
816 2253 906 2340 operi
928 2267 1072 2333 tantum,
1094 2267 1132 2314 ut
1154 2273 1193 2314 ex
1214 2248 1337 2328 judicio
1363 2265 1423 2312 tuo

357 2354 497 2443 pretium
514 2354 708 2437 maximum,
720 2359 824 2445 atque
834 2358 1057 2421 auctoritatem
1072 2355 1172 2437 libro,
1188 2355 1333 2443 quamvis
1355 2355 1423 2418 eri·

359 2483 446 2550 guo,
460 2483 659 2528 accessuram
682 2486 749 2528 non
773 2463 929 2529 dubitem.
941 2465 1038 2545 Vale,
1052 2462 1158 2528 saeculi
1179 2462 1299 2544 nostri,
1315 2462 1425 2526 litera·

359 2589 498 2657 rumque
512 2572 662 2636 omnium
675 2571 785 2638 decus.
