3122 5126
382 526 552 595 PETRO
581 527 825 604 aLERMA.
1068 555 1135 602 mv

51 653 169 720 scrinio
186 655 367 738 continet,
380 656 554 722 maximam
567 657 629 722 sibi
643 659 794 748 gloriam,
806 657 958 725 studiosis
971 683 1048 728 vero
1064 685 1136 728 om-

53 760 145 824 nibus
162 760 354 826 utilitatem
370 761 535 846 invidens,
550 786 618 827 non
634 765 805 829 minorem.
819 767 863 830 At
878 767 988 853 quales
1005 767 1029 831 ii
1047 787 1138 833 erant

54 867 393 958 commentariiiego
416 890 534 958 nempe
555 891 594 933 ex
616 869 677 933 illis
698 869 779 934 nihil
801 893 946 958 unquam
960 872 1045 954 vidi,
1062 897 1137 938 nam

57 995 159 1062 quum
176 973 255 1062 ipse
273 973 350 1038 illos
367 995 420 1036 me
437 995 540 1060 puero
556 975 792 1064 componebat,
803 997 989 1065 quanquam
1004 1000 1072 1042 non
1088 1003 1141 1068 pa·

57 1101 127 1142 ram
147 1077 304 1144 domum
322 1077 393 1159 ejus
411 1078 675 1168 frequentabam,
691 1103 757 1168 prae
773 1080 899 1169 pudore
917 1097 1024 1149 tamen
1043 1101 1140 1173 atque

59 1185 299 1266 veneratione,
312 1208 379 1274 qua
391 1185 484 1250 illum
494 1184 685 1268 admirabar,
697 1207 867 1274 nunquam
881 1185 1053 1278 efflagitare
1067 1214 1140 1257 sum

62 1313 176 1374 matrs,
191 1313 318 1356 eorum
331 1290 465 1356 videndi
479 1292 560 1356 mihi
577 1292 703 1380 copiam
716 1294 851 1375 faceret3
869 1293 959 1381 quod
974 1296 1060 1385 ipse,
1077 1321 1142 1386 qua

2 1411 3 1440 ³
63 1413 107 1462 cst
120 1420 205 1462 cum
227 1397 389 1462 omnibus
407 1399 576 1479 comitate,
589 1399 738 1464 facilitate
752 1415 851 1487 atque
869 1401 968 1465 animi
985 1402 1142 1488 candore,

64 1502 298 1568 lubentissime
321 1504 497 1570 annuisset.
520 1503 584 1570 Sed
608 1505 735 1593 quales,
752 1505 814 1570 nisi
835 1507 937 1570 multa
960 1494 1147 1576 eruditione¹

65 1608 322 1690 refertissimos,
336 1607 534 1674 credendum
547 1624 612 1690 est,
625 1608 813 1696 prodituros
827 1609 925 1674 fuisse
938 1612 978 1676 ab
991 1611 1144 1698 homine,

69 1715 220 1778 omnium
238 1729 360 1778 nostra
381 1712 579 1802 tempestatis
603 1711 813 1778 doctissimolJ
829 1714 886 1800 qui
906 1717 1060 1801 proximae
1075 1741 1145 1784 me·

72 1821 182 1884 moriae
196 1821 404 1884 literatorum
416 1819 539 1883 nemini
549 1817 715 1900 concedit,
725 1819 782 1906 qui
793 1820 944 1907 antiquos
956 1822 1027 1888 illos
1038 1825 1147 1913 gloria
1204 1864 1208 1869 -

71 1925 265 1990 immortalis
277 1924 468 2014 scriptores,
479 1939 535 1988 aut
548 1939 680 2012 superat
689 1939 747 1987 aut
759 1939 845 1988 certe
857 1939 980 2012 aequat3
991 1928 1048 2014 qui
1060 1945 1093 1992 et
1105 1930 1147 1994 la·

74 2033 128 2095 tini
140 2047 174 2095 et
186 2031 288 2120 graeci
300 2029 459 2094 sermonis
471 2029 599 2118 peritia,
611 2031 826 2118 omniumque
837 2029 1078 2120 disciplinarum
1090 2057 1147 2100 co·

75 2138 219 2226 gnitione
232 2134 320 2200 adeo
333 2151 478 2225 praestat,
491 2151 529 2200 ut
540 2158 654 2200 omnes
665 2136 743 2224 ipsi,
753 2136 821 2225 ipse
834 2136 932 2220 nulli,
941 2155 1052 2225 posset
1064 2140 1148 2205 invi·

76 2241 164 2324 dae,
182 2243 380 2330 faciliusque
397 2241 439 2306 sit
456 2242 618 2324 Isthmum
636 2240 805 2323 defodere,
822 2264 921 2329 quam
939 2245 1149 2310 centesimam

77 2349 139 2429 ejus
149 2347 871 2437 doctrinaeportionemadipisci:hunciniqua
879 2348 953 2432 fata,
960 2349 1149 2418 felicissimis

78 2456 170 2536 hujus
183 2456 269 2520 sacri
282 2455 388 2543 Lycaei
399 2454 609 2518 incunabulis
621 2453 815 2536 invidentia,
826 2454 921 2518 nobis
932 2455 1152 2539 abstulerunt,

79 2587 111 2628 ac
127 2563 250 2628 illustri
273 2561 474 2626 Salmantica
500 2561 668 2650 gymnasio
694 2561 944 2646 condonanmt3
961 2586 1061 2651 quare
1081 2566 1149 2645 ejus

80 2666 272 2734 consulendi
291 2689 334 2732 ne
350 2688 410 2755 per
424 2666 532 2730 literas
550 2664 684 2753 quidem
701 2666 782 2730 mihi
799 2666 861 2731 fuit
878 2668 987 2756 copia,
1004 2671 1151 2758 angustia

81 2774 234 2862 temporis
256 2772 449 2859 intercepto.
470 2771 546 2836 Sine
567 2769 666 2834 ullius
691 2771 791 2859 igitur
812 2793 875 2859 ope
900 2773 1099 2860 auxilioque,
1116 2774 1150 2837 in

82 2881 186 2946 multis
201 2878 373 2944 Valerium
389 2877 468 2942 locis
487 2875 684 2959 emaculari,
702 2891 735 2939 et
753 2897 822 2939 non
840 2897 956 2963 pauca,
974 2901 1046 2964 quae
1062 2878 1152 2966 prius

82 2985 245 3050 emendari
259 3005 357 3073 posse
372 2981 576 3059 diffidebam,
591 3003 658 3045 suae
670 2980 727 3068 (ni
743 2979 857 3067 fallor)
871 2982 1046 3046 sinceritati
1062 2984 1154 3047 resti·

83 3093 141 3156 tui:
153 3093 189 3155 in
204 3113 273 3179 qua
288 3111 325 3154 re
341 3110 409 3153 non
422 3087 602 3154 mediocres
616 3087 699 3180 mibi
712 3087 875 3176 suppetias
890 3087 1037 3152 tulerunt
1050 3088 1153 3154 Greci

82 3199 205 3286 aliquot
225 3197 420 3284 scriptores,
442 3194 501 3260 sed
523 3195 672 3258 omnium
697 3193 836 3258 maxime
851 3194 1045 3282 Apollonius
1062 3194 1154 3258 Rho·

84 3303 172 3386 dius,
185 3318 287 3390 atque
304 3301 456 3390 Orpheus
473 3301 695 3388 Crotoniates,
709 3301 766 3388 qui
781 3299 897 3365 eodem
914 3300 1010 3365 titulo
1024 3283 1163 3390 scripse-⁴
1236 3318 1238 3326 ·

85 3425 168 3476 nant.
187 3407 379 3474 Nonnullos
403 3423 514 3472 tamen
532 3406 639 3488 locos,
654 3421 694 3471 ut
716 3407 858 3495 ingenue
882 3407 993 3490 fatear,
1015 3405 1156 3489 offendi,

86 3513 141 3600 qui
155 3532 210 3574 me
226 3531 333 3598 quum
351 3509 409 3574 diu
424 3505 683 3598 cogitabundum
695 3507 841 3596 impense
853 3507 1040 3590 torsissent,
1049 3523 1156 3572 tamen

86 3639 149 3705 quo
166 3615 270 3681 modo
287 3613 469 3704 reponendi
485 3628 613 3694 essent,
631 3612 812 3701 excogitare
831 3632 899 3675 non
919 3612 1031 3699 potui3
1049 3611 1082 3674 in
1100 3635 1157 3700 pa·

87 3723 241 3814 gellamm
266 3721 363 3802 albo,
377 3720 528 3784 asterisco
544 3717 668 3783 videbis
694 3717 891 3807 obsignatas.
910 3719 954 3781 At
978 3739 1081 3804 quum
1107 3739 1159 3782 me

87 3828 219 3916 quidam
229 3849 269 3892 ex
283 3826 495 3892 familiaribus
509 3824 643 3890 anxium
657 3824 752 3888 nimis
765 3839 863 3911 atque
877 3821 1050 3886 sollicitum
1062 3844 1160 3910 super

87 3957 123 3998 aa
137 3955 174 3998 re
187 3933 341 4015 vidisset,
356 3932 494 3996 asseruit
506 3930 606 4012 mihi,
621 3928 725 3994 editos
744 3951 814 3994 esse
827 3949 932 4015 nuper
947 3927 981 3993 in
995 3927 1159 3992 Valerium

89 4041 239 4104 flaccum
255 4037 525 4120 commentarios,
537 4052 706 4124 atqneeos
723 4033 855 4123 quidem
870 4031 1046 4119 aquodam
1063 4032 1161 4111 hujus

89 4146 214 4234 inclytae
226 4144 448 4210 universitatis
457 4141 589 4207 librario
599 4139 714 4207 vendi:
728 4161 811 4230 quos
823 4158 884 4229 ego
897 4139 1047 4226 protinus
1059 4136 1163 4202 incre·
1288 4183 1291 4190 .

87 4249 179 4332 dibili
193 4250 337 4340 gestiens
354 4247 464 4312 laetitia
477 4246 656 4346 ¹comparari
666 4243 910 4330 jussi,diesque
920 4265 958 4306 ac
970 4257 1082 4308 noctes
1096 4240 1166 4305 abs-
