3196 5120
359 517 420 596 154
609 574 612 582 .
654 521 690 584 C.
714 519 910 584 VALERII
940 521 1112 584 FLACCI

397 649 540 713 Nuntius
559 648 638 716 hinc
654 649 760 713 socios
777 649 932 713 Telamon
951 666 1064 732 vocat,
1084 673 1121 714 ac
1140 651 1238 714 simul
1255 651 1317 740 ipsi
1386 672 1424 718 ⁵40

399 765 619 844 Horrescunt‚
637 762 813 850 subitoque
828 761 941 828 vident
956 763 990 826 in
1008 764 1165 854 sanguine
1181 765 1328 853 puppim.

400 879 431 944 N
433 903 469 944 ec
487 880 595 942 minus
612 880 645 943 in
663 880 829 968 scopulos,
845 879 1005 968 crudique
1024 881 1192 944 cacumina
1209 883 1275 946 saxi

325 1075 330 1092 Ι
399 994 523 1059 Emicat
541 993 683 1076 Alcides,
696 994 875 1083 vinclisque
891 995 1079 1058 tenentibus
1097 995 1203 1060 aufert

398 1109 566 1199 Virgineus
581 1108 622 1174 de
637 1132 720 1197 rupe
736 1131 875 1191 manus,
892 1125 1045 1198 aptatque
1064 1110 1211 1198 superbis

399 1226 498 1288 Arma
513 1225 677 1308 humeris3
692 1247 802 1314 regem
818 1223 894 1289 inde
908 1239 1041 1312 petens,
1055 1224 1230 1313 superabat
1243 1243 1361 1291 ovante
1387 1246 1423 1294 aas

398 1339 508 1403 Litora
525 1355 596 1404 tuta
612 1339 734 1430 gredau
752 1339 855 1428 qualis
873 1362 932 1428 per
947 1362 1067 1428 pascua
1081 1340 1186 1404 victor

401 1453 595 1544 Ingreditur,
613 1472 685 1519 tum
702 1454 783 1520 colla
799 1468 948 1536 tumens,
966 1471 1036 1519 turn
1053 1453 1169 1519 celsior
1182 1454 1294 1536 armis,

399 1570 538 1653 Taurus,
552 1569 609 1633 ubi
628 1570 747 1636 assueti
760 1569 886 1658 pecoris
904 1569 1030 1634 stabula
1047 1557 1250 1652 alta'revisim

333 1681 336 1692 ’
400 1685 442 1748 Et
457 1685 599 1773 patrium
616 1707 748 1769 nemus,
765 1701 799 1750 et
816 1685 902 1750 bello
920 1709 1003 1774 quos
1021 1686 1110 1750 ultus
1130 1708 1266 1750 amores.

445 1799 548 1864 Obvia
566 1801 620 1864 cui
636 1817 765 1883 contra,
779 1801 884 1890 longis
899 1802 1014 1866 emissa
1028 1801 1189 1882 tenebris,
1387 1823 1424 1860 sn

401 1914 512 1979 Turba
521 1915 704 2006 Phrygum,
718 1938 919 2004 parvumque
931 1916 1062 1980 trahens
1076 1938 1152 1980 curn
1166 1916 1303 2006 conjuge
1314 1931 1425 1980 natum

402 2029 609 2112 Laomedon,
623 2030 688 2111 jam
708 2046 840 2094 moestus
862 2052 980 2118 equos,
991 2027 1062 2110 jam
1077 2029 1186 2095 debita
1203 2031 1293 2119 posci

401 2151 496 2216 Dona
510 2147 626 2236 gemit3
642 2168 716 2234 pars
730 2145 808 2210 aerii
821 2145 947 2235 fastigia
959 2146 1044 2209 muri

402 2263 525 2352 Cingit,
542 2277 575 2324 et
589 2259 708 2350 ignotis
721 2260 874 2341 juvenem
888 2259 1049 2323 mirantur
1061 2259 1095 2322 in
1109 2260 1216 2324 armis.

402 2378 500 2442 illum
512 2391 604 2440 torva
618 2391 733 2456 tuens,
747 2389 845 2461 atque
863 2375 928 2438 acri
944 2373 1089 2439 lubricus
1107 2391 1179 2439 astu
1387 2398 1424 2438 sss

388 2589 441 2647 547.
460 2587 544 2634 Aratu.
559 2583 633 2632 codd.
643 2592 730 2630 ettett.
744 2583 797 2631 cdd.
812 2585 905 2632 Armes.
919 2583 998 2630 Heius.
1014 2587 1088 2644 Quum
1099 2570 1161 2630 colla
1171 2594 1271 2640 tumeas,
1289 2594 1336 2629 tum
1348 2583 1427 2631 celsior

356 2678 426 2714 artus.
439 2667 506 2713 Carr-
521 2664 574 2712 cod.
586 2675 609 2710 et
626 2664 663 2711 ed.
678 2665 716 2719 ll;
731 2664 755 2710 ln
772 2666 858 2725 Quam.
868 2697 873 2711 .
883 2675 941 2709 .tum
952 2663 1075 2712 manifesto
1091 2663 1274 2727 deprehenditur
1283 2663 1426 2726 grammatici

358 2745 483 2809 cujusdam
499 2743 632 2792 emendatio
647 2759 689 2790 seu
703 2743 782 2806 potius
796 2743 925 2806 corruptio.
937 2745 980 2790 En.
1238 2736 1240 2741 ’

394 2927 454 2990 54².
463 2924 593 2977 Victoria
605 2928 721 2985 cnidum,
733 2941 868 2994 asperum,
916 2923 960 2976 nia
974 2921 1021 2975 diu
1035 2924 1219 2991 continuerat,
1234 2923 1344 2978 hherata
1358 2927 1425 2975 arba

358 3008 418 3056 saxi
426 3024 542 3056 cacumen
554 3007 658 3066 emicat,
668 3002 800 3056 exsultans
809 3021 870 3074 pro·
913 3007 1050 3071 Phrygum,
1062 3003 1172 3074 ipseque
1183 3022 1227 3055 rex
1238 3021 1298 3056 cum
1311 3006 1425 3075 conjuge

358 3097 452 3155 perat,
475 3101 622 3155 manusque
644 3082 753 3153 virginis
775 3081 870 3134 liberat
913 3093 1005 3134 natum
1019 3085 1117 3134 uehens
1127 3083 1286 3154 puerulum,
1300 3081 1423 3135 nondum

359 3163 472 3216 vinculis
479 3200 487 3226 ,
506 3177 575 3230 aptat
588 3164 690 3230 superba
709 3162 871 3232 (superbus)
913 3162 976 3213 satis
994 3159 1073 3212 lirmo
1087 3161 1172 3232 gradu
1183 3159 1349 3214 incedentem
1362 3168 1425 3214 Lao-

359 3262 444 3303 αηηα,
460 3241 612 3312 pharetram
627 3252 653 3292 et
666 3258 776 3303 arcum,
794 3253 869 3294 antea
912 3245 1016 3301 medon,
1031 3251 1136 3294 moestus
1152 3252 1240 3293 tamen
1252 3259 1424 3311 gemensque,

359 3342 385 3375 v.
406 3322 457 3392 527
477 3325 611 3394 projecta,
631 3332 657 3371 et
676 3335 765 3372 ovante
785 3323 869 3388 gradu
913 3319 985 3390 quod
1007 3319 1069 3390 equi
1086 3320 1141 3391 jam
1166 3319 1295 3391 promissa
1321 3319 1424 3390 premia

359 3404 432 3453 litora
449 3414 500 3451 tnta
520 3419 591 3452 nunc
614 3417 629 3450 a
648 3396 737 3451 bellua
755 3413 868 3466 superat,
913 3397 1034 3451 tradendi
1050 3397 1113 3450 sint.
1128 3398 1187 3450 Alia
1205 3415 1266 3469 pars
1278 3396 1425 3450 incolarum

360 3478 566 3550 trarrsit‚regcm
574 3477 706 3540 aditurus,
715 3495 771 3529 non
782 3477 868 3543 aliter,
913 3481 990 3540 aerii,
1006 3476 1129 3530 altissimi
1148 3477 1219 3528 muri
1230 3475 1294 3544 (vid.
1309 3495 1336 3528 v.
1346 3477 1423 3544 1591),

361 3577 392 3610 ac
405 3577 453 3626 per
466 3577 564 3626 pascua
584 3559 676 3608 incedit
687 3570 786 3617 taurus,
805 3560 869 3608 cello
914 3555 1019 3627 fastigia
1033 3559 1127 3624 cingit,
1138 3554 1257 3626 undique
1269 3553 1387 3617 obsidet,
1402 3569 1426 3606 et

358 3651 383 3687 ee
392 3640 478 3697 annis,
490 3647 611 3707 pectore,
623 3637 730 3694 erectior,
742 3651 825 3705 quum
835 3633 869 3688 ad
916 3638 1006 3704 ignotis
1022 3638 1136 3706 juvenem
1156 3637 1277 3685 mirantu-
1292 3636 1318 3684 ia
1333 3635 1422 3693 armis,

359 3717 455 3766 scabida
477 3719 529 3766 alta
545 3717 639 3778 revisit,
655 3724 680 3765 et
700 3711 734 3764 ad
754 3733 868 3775 amores,
915 3731 989 3766 arma
1004 3725 1059 3766 tam
1079 3711 1184 3765 insolita
1201 3714 1336 3766 serentem.
1424 3767 1428 3776 ,

360 3813 421 3861 quos
434 3797 496 3844 ulae
508 3797 627 3853 estbello,
642 3789 677 3845 ad
687 3792 870 3864 botesjuven·
952 3793 1013 3846 555.
1033 3793 1086 3845 ilex
1107 3791 1248 3844 Herculem
1267 3806 1336 3842 torva
1357 3804 1425 3841 mens

358 3889 404 3924 cas
416 3884 532 3932 amatas,
547 3873 582 3924 ah
595 3870 735 3922 insultibus
757 3871 870 3924 aliorum
914 3871 980 3942 (vid.
995 3873 1023 3933 Ι,
1043 3873 1092 3936 38;
1106 3871 1311 3942 Aristophanes,
1325 3873 1427 3944 γοργὸν,

359 3961 507 4002 amatorum
528 3951 660 4003 liberatas.
679 3947 748 4002 Vide
773 3951 872 4022 Virgil.
915 3956 1025 4024 ταυρικὸν
1038 3944 1242 4019 βλίπων),ιιῐ(]υε
1256 3952 1312 3999 acri
1321 3951 1426 4000 lubricus

357 4028 455 4098 Georg.
467 4029 527 4093 ΙΙΙ,
543 4033 592 4082 226
612 4039 637 4081 et
657 4047 732 4100 seqq.
912 4045 983 4090 acac,
1000 4029 1134 4082 fallaciam
1153 4027 1348 4098 perniciemque
1369 4045 1425 4078 me-

394 4109 455 4159 550.
474 4107 589 4160 Obviam
608 4106 632 4159 ei
650 4106 769 4177 procedit
785 4112 866 4177 longis
910 4106 998 4160 ditans
1018 4111 1092 4168 subit,
1115 4106 1206 4158 dolose
1219 4105 1386 4177 aggreditur,
1400 4117 1426 4157 et

358 4190 446 4238 cinisca
464 4189 579 4247 tenebris,
595 4205 676 4257 quam
690 4198 775 4240 metus
795 4187 866 4238 exci—
907 4191 990 4254 pauiu
1010 4191 1075 4236 male
1097 4191 1166 4237 Ioettts
1189 4206 1288 4248 ornere,
1308 4184 1425 4238 letitiam

358 4275 416 4316 tatae
431 4284 445 4316 a
462 4265 536 4336 pistri
551 4265 711 4336 tempestatis
724 4265 793 4318 intra
805 4282 866 4316 moe-
910 4264 1018 4336 qnidam
1029 4283 1084 4336 prat
1095 4284 1122 4318 se
1133 4265 1219 4318 ferens
1230 4265 1266 4316 oh
1275 4264 1359 4316 liliam
1372 4283 1425 4314 ser·
