3246 5112
397 499 524 563 Novr
554 497 801 566 aulnonrs
829 501 988 578 Noun.
1062 481 1065 486 ’
1183 509 1224 573 aa

165 612 268 682 seriptis
279 610 523 674 exercitatissimus,
533 610 680 680 legebatis
693 631 759 679 quas,
769 631 850 684 quarn
860 615 1016 684 lectionem,
1027 619 1089 672 lieet
1096 621 1123 674 in
1138 621 1223 676 Vatiu.

165 694 256 748 codice
271 714 327 762 qua·
337 709 363 746 et
379 714 442 762 qus,
452 698 560 766 pro'pter
572 693 706 766 scripturas
723 697 923 770 bompendium,
939 719 1007 774 sepe
1016 701 1223 771 confundantur,

164 779 226 831 huic
240 778 302 830 loco
314 778 423 830 minime
436 777 523 830 fucere
535 778 658 832 arbitror.
672 777 788 843 Quodsi
806 800 884 834 versu
898 784 1049 853 precedenti
1066 787 1137 858 legas
1150 810 1225 858 quum

164 880 187 915 us
200 868 307 932 genitor,
321 863 390 915 forte
403 861 448 916 hio
460 861 641 934 reponendum
652 874 719 914 esset
729 883 808 931 neque
814 868 871 934 jam
884 869 910 918 in
924 872 1012 932 yrias,
1029 888 1181 942 quanquam
1197 876 1223 926 r'n

163 964 258 1019 parum
279 945 331 999 hoc
349 945 409 997 loco
428 945 583 1016 proprium,
600 963 726 1016 meroque
740 946 873 1001 oscitantis
887 946 987 1002 librarii
1002 953 1080 1024 culpa
1098 953 1165 1008 mihi
1183 957 1224 1009 ri·

161 1029 249 1084 detur.
261 1029 363 1082 Censeo
377 1029 458 1100 igitur
470 1047 519 1100 pro
535 1032 561 1080 in
577 1039 623 1082 aut
641 1032 719 1092 emm,
735 1029 877 1101 legendum
895 1052 950 1087 esse
962 1039 1023 1098 erit,·
1041 1049 1067 1089 et
1080 1057 1130 1108 pro
1147 1043 1224 1106 orias

162 1118 262 1166 carinas
277 1111 491 1166 substituendum
504 1117 569 1178 tyriis
585 1116 676 1164 carinis
683 1135 694 1176 ‚·
711 1113 749 1166 ita
766 1125 795 1166 ut
808 1114 860 1167 levi
875 1117 1020 1172 mutatione
1034 1121 1136 1191 planior
1149 1141 1225 1192 expe·

161 1199 296 1270 ditiusque
320 1215 411 1251 sensus
427 1196 547 1249 oriatur:
571 1215 644 1264 quum
667 1200 755 1249 lucebis
776 1199 808 1248 ab
827 1201 894 1250 omui
906 1215 979 1267 paras
990 1205 1059 1268 poli,
1081 1223 1161 1272 nsque
1179 1208 1225 1255 erit

162 1287 287 1349 Cqmosm
299 1285 366 1348 tyriis
385 1283 476 1332 carinis
496 1283 583 1332 certior
589 1318 598 1342 ‚
618 1301 698 1348 neque
716 1283 812 1342 Helice,
826 1293 876 1335 etc.
897 1283 956 1336 Jam
969 1283 1093 1337 Heinsius
1104 1290 1149 1338 erit
1156 1324 1164 1347 ,
1180 1297 1222 1340 to·

123 1355 126 1362 ¹
160 1377 270 1437 tumque
283 1365 371 1418 locum
387 1365 425 1417 ita
440 1363 588 1418 restituerat
604 1380 612 1415 τ
628 1369 715 1431 Neque
726 1367 771 1415 erit
789 1368 858 1430 tyrim
874 1369 1000 1431 anosura
1012 1371 1105 1419 carinas
1118 1374 1218 1431 certius,

159 1465 204 1502 aut
220 1453 314 1522 graiis,
327 1459 378 1501 eto.
398 1450 433 1500 At
444 1451 531 1499 cernor
544 1446 640 1500 mutari
657 1445 724 1498 nihil
739 1465 806 1518 opus
825 1458 880 1511 est,
897 1449 1060 1520 offenditque
1080 1450 1220 1522 singularis

159 1550 284 1586 uumerus
302 1530 399 1603 plurali
418 1530 563 1602 oppositus.
581 1531 766 1595 Burmannus,
788 1527 851 1582 dum
867 1536 955 1584 certior
972 1531 1104 1599 defendit,
1128 1537 1220 1590 uolens

158 1617 212 1688 ipse
228 1615 416 1670 demonstrarit
430 1633 511 1686 quam
528 1632 634 1667 neceaae
649 1625 732 1678 esset,
745 1625 804 1686 post
818 1615 993 1688 adjectivum,
1007 1619 1114 1672 tertium
1128 1639 1219 1674 casum

157 1701 236 1771 poni,
247 1718 303 1753 non
311 1713 437 1771 quartum
450 1716 458 1749 :
470 1716 587 1768 namque
599 1696 626 1748 in
635 1697 757 1750 omnihus
768 1738 776 1764 ,
786 1715 845 1769 qnae
859 1699 951 1764 affert,
965 1701 1106 1772 exemplis,
1116 1701 1219 1757 dativus

158 1794 216 1855 post
228 1782 366 1855 sequitur3
385 1799 468 1834 unum
480 1781 526 1833 hio
538 1780 637 1833 referre
649 1779 710 1834 satis
727 1780 795 1833 erit:
811 1782 913 1836 Lucan.
926 1782 1018 1838 Phars.
1036 1783 1095 1850 111,
1110 1805 1181 1856 219:

369 1919 414 1963 ilas
423 1915 454 1962 ad
463 1915 608 1969 belhratss,
616 1929 664 1961 non
675 1913 737 1960 flexo
746 1914 820 1961 limite
829 1916 897 1978 panti

370 1990 462 2038 Certior
472 1989 535 2036 haud
546 1988 600 2036 ullis
611 1986 679 2036 duxit
690 1990 811 2048 Qunam
820 1990 914 2038 sannis.

189 2115 327 2168 phaenices
342 2132 433 2167 ursam
446 2113 593 2177 nrinorem,
611 2111 666 2165 sire
684 2112 868 2183 Cynosuram,
887 2114 971 2168 Greci
991 2134 1054 2170 vero
1072 2120 1216 2190 majorem,

156 2200 209 2251 sive
225 2198 351 2263 Helicen,
360 2196 534 2268 navigationis
550 2193 646 2249 ducem
661 2195 812 2260 habebant3
823 2195 878 2251 rid.
894 2199 997 2252 Lucan.
1007 2201 1060 2254 loc.
1071 2219 1130 2273 sup.
1141 2202 1215 2256 land.

155 2281 233 2336 Orid.
255 2283 328 2346 Fast,
343 2282 402 2345 111,
420 2297 487 2350 107:

366 2399 491 2472 Eraeldaas
500 2398 593 2453 Arctos,
603 2413 702 2459 quarum
710 2399 831 2468 Cynosura
839 2408 933 2461 potatur

446 2472 560 2528 Sidoniisr
575 2473 671 2522 Helicen
683 2487 747 2556 gnta
755 2475 834 2521 wine
841 2485 915 2523 notet.
1018 2545 1021 2554 Ι

154 2589 195 2643 Id.
209 2589 319 2663 Epistol.
341 2585 444 2643 Lemd.
465 2587 500 2644 ad
519 2587 699 2658 Her.v.149:
737 2653 741 2660 ,

367 2716 421 2762 Nou
429 2729 515 2776 sequor
522 2723 563 2760 ant
570 2711 680 2767 Helium,
688 2722 740 2768 sut,
749 2729 796 2775 qua
803 2715 877 2772 bros
885 2715 968 2774 utitur,
978 2717 1074 2765 Arcton.

186 2833 223 2884 V.
246 2848 288 2899 19.
311 2835 358 2882 Seu
373 2845 399 2881 tu
412 2833 486 2899 signa
502 2831 586 2891 dabis,
598 2849 641 2881 seu
650 2843 673 2881 ts
685 2831 748 2880 duae
758 2830 855 2880 Graecia
868 2832 942 2880 ructet

315 2919 346 2966 Et
361 2918 436 2966 Sidon
454 2916 574 2981 Nidusque
589 2926 663 2964 rates.

151 3051 193 3104 Sio
202 3065 294 3101 omnes
312 3045 386 3100 editt.
402 3046 493 3112 Quum
509 3055 598 3099 autem
610 3043 670 3098 duas
683 3041 733 3095 illu
745 3041 872 3114 loquendi
882 3042 1000 3096 formula
1016 3041 1087 3096 idem
1101 3047 1211 3100 omnino

150 3133 316 3206 significent,
336 3130 436 3204 aliquid
451 3131 497 3184 hie
511 3128 601 3184 mendi
615 3129 698 3182 latere
711 3139 741 3180 nt
754 3126 890 3182 crederem
907 3126 1000 3180 merito
1016 3125 1147 3181 adductus
1160 3129 1209 3182 sui.

149 3217 221 3285 Quid
235 3217 257 3271 si
274 3216 395 3288 legatur:

364 3323 952 3392 Sedtusignsdsbis,sedteduoeGradamittet.

149 3445 184 3498 Et
196 3463 259 3500 sane
272 3443 356 3498 multa
376 3442 471 3496 similia
490 3455 547 3496 tum
568 3441 639 3514 apud
658 3453 764 3496 eeteros
784 3451 893 3512 poetas,
908 3451 965 3492 tum
979 3438 1057 3513 apud*
1071 3439 1207 3495 Valerium

147 3531 232 3603 ipsum
251 3541 410 3592 occurrunt,
429 3527 476 3581 lib.
495 3529 546 3595 IV,
565 3545 591 3580 v.
606 3530 675 3593 604:

360 3645 407 3694 seu
416 3645 505 3708 quus,
516 3643 714 3706 „swano
725 3642 901 3704 montano,

147 3751 335 3817 ns.v111,v.
351 3751 421 3814 348:

361 3859 407 3907 Sed
415 3858 478 3922 pios,
487 3857 529 3904 sed
538 3856 646 3912 flammis,
658 3866 682 3904 et
690 3857 778 3904 olentes
787 3855 899 3920 saugmne
906 3853 990 3903 crines,

145 4111 217 4156 quun
225 4095 301 4142 codic.
309 4095 376 4142 illum
386 4095 455 4148 citat,
466 4093 578 4141 mauris
588 4091 684 4140 fallitur.
693 4091 779 4138 Notars
787 4104 843 4137 roro
854 4103 946 4150 aquarn
955 4087 1017 4134 doct.
1027 4087 1105 4134 virum
1117 4085 1206 4134 emissis

144 4186 187 4231 per
196 4171 285 4217 funum
297 4171 371 4224 notis,
387 4185 444 4232 quas
453 4169 503 4230 ipsa
516 4168 655 4230 eollegerat,
664 4164 792 4214 amioorum
805 4163 896 4210 auxiliis
906 4161 941 4210 uti
951 4158 1205 4211 saumsirmio.

144 4243 208 4304 pras.
219 4245 298 4318 Heius.
307 4245 338 4292 ad
345 4245 423 4292 Valer.
433 4243 489 4290 edit.
498 4243 564 4290 1680.
