3128 5114
274 515 455 586 AEGIDll
480 517 690 587 MASERII
714 519 768 588 IN
795 522 984 592 ARGON.
1083 546 1165 592 xxix

97 666 187 710 mare
204 644 433 710 mutabundus
451 668 527 710 cum
543 646 638 711 sociis
654 663 820 734 penetrat,
830 665 942 737 estque
960 650 1103 739 primurn
1117 651 1169 730 ju-

98 750 208 817 cunda
232 752 407 842 navigatio.
430 753 538 841 Qrucm
559 775 682 842 superos
703 757 804 842 tetigus
825 756 962 820 Pdoebus
983 757 1170 822 candentior

99 881 181 923 axes
188 905 201 940 ,
215 874 290 922 tum
304 859 387 922 nihil
398 875 463 941 est,
476 859 566 947 quod
579 877 720 924 mortem
730 863 863 950 ingerat.
875 862 954 944 Sed,
963 864 1047 951 proh
1060 863 1165 930 dolor!

100 965 263 1030 incuriam
282 965 385 1055 gignit
402 966 497 1029 maris
517 967 746 1054 tranquillitas,
763 968 820 1032 ubi
837 968 1038 1052 timendum,
1055 993 1097 1034 ne
1116 994 1168 1035 re·

101 1072 235 1159 pentina
248 1072 318 1153 vis,
332 1087 366 1134 et
378 1071 483 1136 subita
496 1072 634 1160 ingruat.

146 1178 248 1242 Vides
263 1179 333 1267 ipse
344 1193 419 1266 post
429 1178 514 1244 bene
530 1180 625 1268 coepti
635 1178 807 1244 dimidium
823 1183 856 1244 in
872 1182 969 1246 tertio
978 1205 1077 1247 cursu
1089 1183 1169 1247 defi·

103 1306 175 1349 cere
199 1284 395 1372 plerosque,
416 1306 500 1373 quos
515 1285 604 1348 nulla
620 1308 766 1374 unquam
782 1288 968 1352 commotio.
981 1289 1167 1376 intercepit,

102 1391 190 1455 nulla
212 1390 418 1479 inquietudo.
437 1391 518 1456 lnde
536 1393 708 1470 Hercules,
729 1395 782 1458 oui
799 1395 900 1458 virtus
917 1417 935 1458 e
951 1396 1064 1484 pelago
1087 1396 1169 1460 viam

104 1497 144 1560 ad
158 1498 276 1562 carlum
299 1496 431 1562 tandem
448 1497 560 1562 fecisse
580 1497 709 1582 diciuu,
729 1501 821 1580 cujus
837 1502 986 1588 exemplo
1005 1519 1170 1589 permotos

105 1602 238 1684 mtias,
254 1625 337 1691 quos
360 1604 520 1684 majorum
537 1625 661 1669 errores
675 1627 743 1668 non
761 1627 844 1695 egre
859 1607 1073 1694 protrahunt,
1089 1609 1170 1673 tanti

106 1709 264 1772 momenti
280 1725 345 1790 est,
372 1731 469 1796 quem
488 1731 593 1797 usque
610 1731 767 1800 magnum
785 1711 970 1798 putavimus
992 1711 1171 1797 perniciosa

109 1815 294 1895 auctoritas,
303 1835 402 1902 quem
414 1817 565 1880 comitata
576 1815 855 1880 estvitoe'nauticae
869 1817 1064 1898 constantia,
1073 1840 1172 1882 asser·

112 1919 255 2008 raritque
261 1920 438 2010 integritas.
448 1920 512 1986 Sed
521 1921 601 2009 quid
609 1937 699 1987 utres
706 1919 793 1986 AEoli
801 1923 883 1986 mala
890 1922 1089 1986 solventibus
1098 1923 1172 1987 alite

109 2023 306 2112 proficiunt?
322 2026 403 2114 quid
419 2049 486 2090 non
502 2026 623 2092 credita
641 2027 779 2094 deorum
795 2027 909 2107 juvant
924 2027 1080 2092 consilia?
1096 2051 1172 2092 oum

107 2129 182 2195 hine
196 2153 356 2220 superum
373 2153 460 2196 mare
477 2133 600 2215 saeviat,
614 2133 703 2197 illinc
717 2132 869 2198 ferociter
884 2149 997 2198 restiret
1014 2133 1172 2215 inferum,

107 2237 264 2302 Dextram
277 2236 388 2322 Scylla
399 2237 481 2304 heau
489 2285 498 2319 ,
517 2239 630 2304 houm
646 2240 821 2329 implacata
837 2238 1011 2324 Charybdis
1026 2239 1154 2304 Obsides
1161 2285 1171 2317 ‚

106 2345 253 2431 interque
276 2343 505 2434 Symplegadas
528 2359 686 2429 errantes,
707 2361 740 2409 et
767 2345 914 2408 Planctus
936 2344 1172 2408 transeundum

105 2451 163 2532 sit,
184 2451 245 2515 ubi
261 2452 375 2516 multis
389 2453 511 2541 perire,
528 2453 697 2542 perpaucis
717 2449 815 2515 datur
829 2451 931 2532 elabi,
955 2451 1012 2538 qui
1033 2451 1099 2530 jam
1117 2473 1173 2514 ve·

106 2557 205 2620 tersui
227 2571 262 2620 et
278 2555 453 2632 occiduum
473 2558 574 2622 solem
592 2557 761 2622 casibundi
775 2573 965 2644 sequentes,
983 2555 1073 2643 quod
1090 2557 1174 2620 eria

108 2681 252 2750 superest
272 2684 376 2749 quum
392 2663 515 2727 sulcare
535 2662 731 2745 decernunt,
745 2664 779 2726 in
795 2679 895 2752 portu
912 2665 983 2751 ipso
994 2663 1051 2748 (ut
1068 2663 1174 2750 nosti)

108 2769 259 2858 frequens
273 2767 479 2858 naufragium
496 2769 636 2850 faciunt,
656 2768 789 2857 quidam
805 2769 949 2848 emeriti,
961 2769 1039 2849 alii,
1056 2768 1174 2856 quibus

111 2889 156 2938 est
179 2890 333 2940 senectus
349 2869 473 2957 vivida,
499 2889 532 2938 et
559 2895 639 2963 quas
661 2875 791 2938 aliunde
810 2876 965 2962 pretiosas
991 2897 1115 2938 merces
1143 2892 1176 2938 et

110 2980 245 3067 optimas
259 2995 439 3046 avexerunt
452 2981 577 3068 (bonas
591 2979 678 3044 dicas
695 2980 909 3070 operationes,
920 2973 1122 3066 virtutesque
1134 2980 1175 3042 ab

110 3085 241 3149 ineunte
257 3100 350 3148 aetate
363 3083 505 3173 partas),
516 3085 675 3174 superbiae
693 3084 809 3172 spiritu
826 3083 952 3172 agitati,
967 3081 1046 3147 dum
1064 3085 1176 3148 rostris

110 3189 251 3271 ferratis,
271 3189 485 3277 trabibusque
505 3191 678 3271 connexis,
704 3205 736 3254 et
756 3190 956 3277 impotentiae
976 3189 1120 3278 corporis
1139 3187 1176 3252 fi-

109 3294 208 3376 dunt,
222 3296 312 3358 inter
324 3293 428 3358 undas
439 3295 554 3361 misere
564 3297 734 3384 explicant.
746 3295 813 3376 Qui
828 3317 906 3358 vero
918 3294 1087 3381 peritiores
1101 3310 1178 3358 sunt

110 3416 139 3464 et
155 3399 374 3484 cordatiores,
389 3403 477 3488 Argo
494 3402 595 3484 vecti,
612 3402 688 3465 litus
707 3399 870 3489 deligunt,
887 3401 946 3464 ubi
961 3422 1092 3488 oequora
1107 3414 1178 3464 tata

109 3505 207 3570 olene.
221 3507 404 3594 Quumque
414 3507 533 3571 laboris
544 3507 648 3572 exitus
661 3508 730 3571 lecte
744 3505 927 3594 concipitur
936 3528 1039 3589 ,nova
1048 3527 1177 3571 sucere-

110 3628 205 3677 scunt
219 3613 380 3700 pericula,
397 3635 501 3677 noros
518 3629 623 3676 terror
636 3628 761 3676 mentes
775 3611 937 3700 percellit,
954 3633 1087 3699 quoque
1100 3635 1178 3699 pro·

110 3719 181 3805 pior
196 3735 250 3784 est
259 3717 388 3783 sudoris
402 3719 561 3807 pensatio,
577 3739 616 3782 eo
631 3735 679 3782 est
695 3719 842 3782 hostium
854 3717 1017 3782 crudelior
1027 3718 1177 3782 insultus.

91 3892 95 3902 ,
111 3825 197 3888 'l'usn
212 3847 288 3914 spes
297 3823 450 3912 potiundi
463 3825 588 3889 velleris
599 3847 659 3912 per
674 3824 834 3914 ignaviam
847 3825 916 3888 aliis
930 3824 1051 3904 evolat,
1066 3824 1180 3886 incon-

112 3951 292 4018 cussusque
304 3947 380 3995 ante
395 3931 522 3995 animus
535 3933 771 4019 supplantatur.
783 3930 836 3993 Sic
848 3951 946 3994 aurea
957 3949 1080 3993 merces
1091 3928 1182 3991 subs·

115 4038 260 4102 trahitur.
277 4038 376 4102 Adest
393 4061 535 4126 namque
554 4037 614 4126 (ut
631 4039 772 4126 apertius
791 4037 905 4127 agam)
923 4035 1052 4100 daemorl
1074 4033 1181 4097 horri-

114 4139 191 4225 das,
210 4144 315 4209 multo
331 4145 462 4208 innixus
479 4146 691 4227 vaframento,
708 4159 914 4230 tartareoque
930 4142 1067 4231 agitatus
1084 4153 1181 4203 oestro

115 4249 268 4340 insurgit,
282 4271 381 4339 quern
398 4247 482 4316 tauri
499 4251 580 4316 colle
596 4250 719 4316 tumida
735 4250 864 4331 juvant,
879 4261 1009 4312 armant
1023 4243 1183 4332 superbiae
