3226 5114
434 521 828 587 ARGONAUTICON
855 522 941 587 LIB.
965 521 1026 586 IV.
1201 522 1265 606 269

239 656 393 746 Taygeti,
412 655 530 718 lavitur
548 653 668 742 patrios
686 653 741 716 ubi
761 654 865 718 victor
880 653 920 717 ad
938 663 1069 734 amnes,

239 773 270 836 N
272 793 309 835 ec
323 768 465 858 pretium
482 767 631 854 sonipes,
647 781 704 830 aut
719 789 814 830 sacrae
830 783 941 831 murus
958 791 1076 849 arenae3
1226 787 1264 826 230

240 883 376 949 Praemia
391 881 448 946 sed
465 903 592 962 manes,
609 882 798 968 reclusaque
816 881 911 959 ianua
928 882 993 945 leti.

240 1000 337 1067 Illum
345 1000 488 1085 Amycus
497 1044 506 1078 ,
515 1019 575 1060 nec
584 997 690 1060 fronte
707 1011 848 1076 trucem,
862 1017 921 1058 nec
935 997 1020 1060 mole
1038 997 1262 1079 tremendum,

241 1113 384 1180 Vixdum
400 1113 496 1176 etiarn
512 1113 624 1199 primae
638 1127 841 1201 spargentem
860 1111 951 1198 signa
966 1113 1120 1191 juventae,

241 1229 307 1294 Ore
322 1227 483 1292 renidenti
500 1227 639 1290 lustrans
653 1226 740 1306 obit,
762 1241 794 1288 et
810 1225 918 1312 fremit
934 1248 1067 1309 ausum,

241 1343 508 1434 Sanguineosque
522 1356 610 1405 rotat
624 1339 716 1404 furiis
734 1339 924 1404 ardentibus
941 1340 1047 1405 orbes.
1225 1363 1263 1401 aas

240 1458 316 1523 Non
332 1458 423 1520 aliter
438 1456 504 1536 jam
523 1477 623 1544 regua
638 1455 720 1544 poli,
732 1456 796 1534 jum
814 1472 906 1543 capta
919 1456 1083 1545 'l'ypboeus

241 1576 337 1637 Astra
349 1571 456 1634 ferens
468 1619 477 1651 ,
491 1570 654 1634 Bacchum
671 1584 746 1634 ante
761 1571 859 1651 acies,
874 1572 1077 1659 primamque
1094 1571 1230 1638 deorum

242 1684 385 1768 Pallada,
403 1700 436 1748 et
454 1684 625 1771 oppositos⁴
638 1683 745 1747 doluit
761 1683 821 1747 sibi
840 1685 972 1772 virginis
988 1707 1121 1775 angues.

242 1801 294 1865 sic
311 1799 393 1864 adeo
409 1798 609 1886 insequitur,
627 1797 806 1886 rabidoque
823 1799 866 1862 ita
882 1785 1050 1863 murmure
1066 1817 1182 1866 terret:

242 1913 422 2001 «Quisquis
442 1935 492 1992 es,
506 1893 619 1975 infelix
634 1911 736 1974 celera
754 1933 854 1998 puer;
869 1911 958 1977 haud
975 1913 1034 1976 tibi
1048 1916 1191 2002 pulchrae
1228 1939 1266 1981 un

242 2029 398 2093 Manserit
415 2003 481 2092 boc
499 2028 583 2091 ultra
600 2027 716 2090 frontis
732 2026 849 2109 decus,
866 2050 960 2092 orave
976 2032 1069 2094 matri

243 2145 326 2209 Nota
345 2146 438 2208 feres.
449 2121 544 2207 Tune
563 2165 580 2207 e
599 2142 693 2207 sociis
710 2143 829 2207 electus
845 2143 990 2231 iniquis?

243 2259 338 2324 Tune
352 2259 467 2347 Amyci
481 2258 621 2321 moriere
637 2279 736 2321 manu
745 2256 777 2320 Ρ»
790 2258 859 2323 Nec
872 2259 964 2347 plura
982 2277 1142 2344 momtus,
1182 2315 1186 2320 .

230 2443 284 2492 ²3².
295 2443 429 2504 Nessi-onte
439 2443 609 2488 &conlatio
619 2452 643 2490 et
651 2444 741 2489 Bonum
751 2442 820 2489 codd.
832 2447 922 2490 nonon.
933 2447 952 2491 l.
961 2447 1025 2492 Juut.
1036 2447 1089 2493 tlt.
1097 2473 1128 2483 -
1141 2449 1193 2508 237.
1207 2452 1268 2498 Anu

198 2523 262 2569 alius.
272 2526 363 2570 Bouou.
374 2524 452 2568 Burm.
464 2531 488 2567 et
499 2521 572 2568 Cocli
583 2521 653 2568 codd.
671 2549 702 2558 —
721 2523 774 2584 ²39·
791 2523 892 2584 Rapido.
903 2527 993 2570 Bonan.
1007 2526 1060 2572 eod.
1077 2537 1101 2572 ct
1117 2531 1183 2576 Gerr.
1200 2532 1218 2576 l.
1235 2558 1267 2566 -

200 2609 251 2657 ²42·
266 2605 327 2647 Tum
337 2618 350 2646 a
360 2601 435 2646 sociis.
442 2599 583 2655 vastenensi.
594 2598 701 2646 Sotacus.
713 2602 726 2646 J
728 2609 777 2645 out.
788 2609 811 2646 et
821 2616 887 2662 seqq.
899 2603 1014 2664 usquead
1025 2605 1089 2650 Carr.
1101 2607 1143 2652 Eu.

200 2795 262 2839 cus,
281 2794 377 2837 cauete,
405 2774 606 2846 amphitheatri,
618 2777 710 2844 favor,
757 2772 880 2846 Apellen.
898 2777 1004 2842 11‚43:
1019 2783 1056 2833 ln
1069 2784 1202 2848 χνοάοντας
1221 2785 1267 2837 loti-

199 2855 258 2907 lata
271 2854 489 2915 acclamatio‚aut
496 2857 563 2924 juga
573 2867 632 2905 nota
645 2859 711 2920 ray·
755 2861 809 2917 λους
824 2858 953 2910 ἀντ-αλλων.

202 2937 267 3002 geli,
291 2934 387 2986 montis
408 2933 547 2996 Laconia,
567 2936 654 2985 lariasr
662 2951 712 3000 pu·
794 2935 1058 2999 a3l.Orerenidentl,
1073 2936 1148 2990 labiis
1161 2937 1267 2992 adcub-

201 3016 260 3062 or'os
276 3015 317 3063 ulu'
331 3015 458 3064 victorud
473 3031 571 3072 amnes,
589 3010 712 3064 sudorem
757 3013 940 3066 caussationem
953 3012 1084 3078 diductis,
1100 3021 1205 3070 lustrans
1220 3021 1269 3070 obit

202 3090 391 3162 pulveremque
404 3089 487 3143 abluit
503 3089 531 3142 in
548 3090 646 3143 Eurota
662 3108 714 3144 ruse
757 3091 865 3162 (Virgil.
876 3094 936 3142 AEn.
951 3093 1001 3156 IV,
1021 3094 1070 3147 363
1081 3111 1088 3145 :
1100 3109 1173 3147 maun
1183 3117 1267 3165 perer-

201 3169 291 3240 patriat
307 3169 399 3223 fluvio.
756 3183 798 3221 rut
821 3173 987 3241 luminibus),
1010 3187 1036 3222 ee
1049 3173 1140 3240 fremit
1163 3195 1264 3237 ausum,

238 3249 295 3301 230.
311 3253 364 3299 Nec
374 3251 491 3316 pretium,
507 3247 644 3318 praemium
654 3288 661 3314 ,
673 3267 714 3298 so·
757 3247 829 3320 quod
841 3249 1052 3304 adolescentulus
1069 3271 1157 3305 secum
1173 3254 1268 3308 audeat

202 3329 286 3394 nr'pes,
298 3344 396 3397 equus,
413 3341 456 3377 aut
469 3346 553 3378 arenoe
568 3341 653 3378 taurus
671 3347 714 3378 sa·
757 3327 927 3400 depugnare,
941 3333 1151 3399 sanguineosque,
1167 3333 1265 3401 iratos,

200 3424 265 3465 croe,
280 3423 341 3456 nam
353 3404 409 3456 ludi
423 3417 448 3457 et
459 3406 605 3476 spectacula
617 3404 652 3458 ad
661 3407 713 3458 Ve-
756 3407 889 3470 mentes,
905 3423 970 3460 rotat
979 3411 1056 3478 fisrs'is
1075 3415 1213 3464 ardentibus
1225 3435 1267 3466 or·

202 3495 289 3536 terum
304 3483 458 3554 religionem
471 3484 636 3555 pertinuere;
650 3504 715 3553 pra·
757 3490 797 3538 bes
804 3509 813 3549 ,·
826 3487 926 3540 oculos.

201 3566 307 3614 rniassd
315 3567 651 3632 manss‚reclusaquejanuu
663 3568 711 3627 leti,
796 3567 856 3620 236.
877 3571 934 3618 Non
954 3571 1026 3619 aliter
1036 3572 1184 3637 jumi-cyna
1196 3575 1266 3639 poli,

202 3641 240 3693 nil
250 3641 302 3695 nisi
312 3655 383 3694 mors
398 3641 607 3713 praesentissima.
617 3673 651 3682 -
662 3647 714 3694 Nec
753 3647 808 3714 jam
817 3659 890 3714 capta
901 3649 1018 3714 lyplsoeus
1028 3663 1097 3700 astru
1102 3650 1207 3716 ferens,
1215 3652 1270 3723 jain

199 3723 318 3787 pretium,
330 3733 381 3774 etc.
396 3723 475 3774 llecta
488 3721 647 3774 constructio
658 3720 715 3772 brec
759 3723 832 3794 gigas
847 3723 891 3776 ille
904 3723 1029 3795 Tipbuurs
1039 3725 1091 3796 (de
1101 3745 1154 3798 quo
1164 3727 1224 3782 vide
1234 3729 1267 3782 ad

202 3810 255 3851 est:
272 3819 318 3850 nec
335 3801 444 3866 sonipes,
457 3813 502 3849 unt
516 3813 599 3850 tauma
611 3801 714 3869 pretium
758 3802 800 3865 11,
813 3809 846 3866 πή
856 3805 866 3871 >
876 3842 883 3868 ,
892 3803 920 3854 in
930 3803 1074 3875 Olympum
1085 3807 1197 3868 erasisse
1206 3847 1214 3872 ‚
1223 3810 1268 3862 lo·

203 3888 242 3929 est
256 3897 436 3930 saaraeursnoe.
447 3877 500 3929 Eu.
758 3898 871 3952 veruque
885 3881 951 3934 solio
968 3881 1122 3937 deturbatae
1135 3885 1184 3938 sibi
1197 3888 1268 3941 visus

240 3957 298 4009 232.
311 3962 383 4009 Illum
398 3963 506 4022 Amycus
517 3977 562 4008 nec
563 3959 651 4026 fronte
669 3972 716 4009 tru-
759 3971 812 4022 est,
829 3979 912 4031 quum
926 3965 1050 4013 Bacchum
1065 3965 1226 4036 (juvenem)
1239 3967 1267 4019 iu

206 4054 274 4096 aun,
283 4033 357 4086 vultu
367 4033 505 4087 horridum
516 4077 524 4101 ,
536 4056 581 4087 nec
596 4040 658 4088 mole
667 4051 713 4088 tre·
758 4038 844 4110 prima
860 4039 917 4091 acie
930 4051 1021 4093 eoutm
1035 4060 1063 4093 se
1075 4053 1202 4110 stantem,
1217 4049 1267 4095 Ml-

202 4116 329 4174 mendrun,
340 4133 394 4166 uon
404 4112 548 4166 admodum
558 4133 711 4186 procerum,
757 4137 905 4185 aeneamque
918 4119 1064 4190 (virginem
1075 4123 1084 4186 )
1093 4121 1210 4174 Medusae
1220 4142 1265 4175 ca·

204 4193 309 4242 nudum
322 4195 394 4243 eu'am
407 4195 495 4259 pruna
509 4209 663 4262 spargentem
680 4199 713 4247 si·
757 4209 805 4267 put
814 4197 862 4249 sibi
872 4211 1048 4270 opponentem
1062 4213 1199 4271 spectaret.

201 4273 381 4337 gnajuventoe,
392 4270 611 4342 lanugiueadhuo
620 4272 711 4326 dubia.
795 4282 853 4338 alt.
866 4281 921 4328 Non
932 4298 976 4330 aru
985 4283 1058 4330 inulti
1069 4283 1216 4348 uetustus,
1230 4281 1265 4333 ir·
