<?xml version="1.0" encoding="UTF-8"?>
<!DOCTYPE html PUBLIC "-//W3C//DTD XHTML 1.0 Transitional//EN"
    "http://www.w3.org/TR/xhtml1/DTD/xhtml1-transitional.dtd">
<html xmlns="http://www.w3.org/1999/xhtml" xml:lang="en" lang="en">
 <head>
  <title>
</title>
<meta http-equiv="Content-Type" content="text/html;charset=utf-8" />
  <meta name='ocr-system' content='tesseract 3.04.00' />
  <meta name='ocr-capabilities' content='ocr_page ocr_carea ocr_par ocr_line ocrx_word'/>
</head>
<body>
  <div class='ocr_page' id='page_1' title='image "./cvaleriiflaccis00apolgoog_0202.png"; bbox 0 0 3198 5106; ppageno 0'>
   <div class='ocr_carea' id='block_1_1' title="bbox 213 551 1212 625">
    <p class='ocr_par' dir='ltr' id='par_1_1' title="bbox 213 551 1212 625">
     <span class='ocr_line' id='line_1_1' title="bbox 213 551 1212 625; baseline -0.002 -1"><span class='ocrx_word' id='word_1_1' title='bbox 213 557 279 624; x_wconf 89' lang='lat' dir='ltr'><strong>DE</strong></span> <span class='ocrx_word' id='word_1_2' title='bbox 304 555 412 624; x_wconf 85' lang='lat' dir='ltr'><strong>VAL.</strong></span> <span class='ocrx_word' id='word_1_3' title='bbox 439 551 577 622; x_wconf 88' lang='lat' dir='ltr'><strong>FLAC.</strong></span> <span class='ocrx_word' id='word_1_4' title='bbox 600 554 717 622; x_wconf 87' lang='lat' dir='ltr'><strong>VITA</strong></span> <span class='ocrx_word' id='word_1_5' title='bbox 742 555 803 621; x_wconf 88' lang='lat' dir='ltr'><strong>ET</strong></span> <span class='ocrx_word' id='word_1_6' title='bbox 827 553 1069 624; x_wconf 86' lang='lat' dir='ltr'><strong>CARMINE.</strong></span> <span class='ocrx_word' id='word_1_7' title='bbox 1105 577 1212 625; x_wconf 81' lang='lat' dir='ltr'><strong>cxcrn</strong></span> 
     </span>
    </p>
   </div>
   <div class='ocr_carea' id='block_1_2' title="bbox 150 665 1278 4367">
    <p class='ocr_par' dir='ltr' id='par_1_2' title="bbox 150 665 1278 1937">
     <span class='ocr_line' id='line_1_2' title="bbox 150 665 1211 772; baseline -0.003 -23"><span class='ocrx_word' id='word_1_8' title='bbox 150 709 225 750; x_wconf 88' lang='lat' dir='ltr'><strong>rum</strong></span> <span class='ocrx_word' id='word_1_9' title='bbox 249 684 376 748; x_wconf 83' lang='lat' dir='ltr'><strong>firmare</strong></span> <span class='ocrx_word' id='word_1_10' title='bbox 392 684 510 772; x_wconf 89' lang='lat' dir='ltr'><strong>potuit.</strong></span> <span class='ocrx_word' id='word_1_11' title='bbox 530 683 667 772; x_wconf 81' lang='lat' dir='ltr'>Propius</span> <span class='ocrx_word' id='word_1_12' title='bbox 683 681 724 745; x_wconf 89' lang='lat' dir='ltr'><strong>ad</strong></span> <span class='ocrx_word' id='word_1_13' title='bbox 742 683 908 747; x_wconf 87' lang='lat' dir='ltr'><strong>veritatem</strong></span> <span class='ocrx_word' id='word_1_14' title='bbox 927 665 1079 748; x_wconf 85' lang='lat' dir='ltr'><strong>accedere</strong></span> <span class='ocrx_word' id='word_1_15' title='bbox 1098 683 1211 748; x_wconf 89' lang='lat' dir='ltr'><strong>viden-</strong></span> 
     </span>
     <span class='ocr_line' id='line_1_3' title="bbox 152 789 1211 878; baseline -0.002 -24"><span class='ocrx_word' id='word_1_16' title='bbox 152 809 225 872; x_wconf 87' lang='lat' dir='ltr'><strong>tur,</strong></span> <span class='ocrx_word' id='word_1_17' title='bbox 244 791 302 878; x_wconf 91' lang='lat' dir='ltr'><strong>qui</strong></span> <span class='ocrx_word' id='word_1_18' title='bbox 315 789 435 854; x_wconf 78' lang='lat' dir='ltr'><strong>Patavii</strong></span> <span class='ocrx_word' id='word_1_19' title='bbox 448 790 612 854; x_wconf 84' lang='lat' dir='ltr'><strong>Valerium</strong></span> <span class='ocrx_word' id='word_1_20' title='bbox 622 806 735 854; x_wconf 90' lang='lat' dir='ltr'><strong>natum</strong></span> <span class='ocrx_word' id='word_1_21' title='bbox 746 791 959 871; x_wconf 70' lang='lat' dir='ltr'>arbitrantur,</span> <span class='ocrx_word' id='word_1_22' title='bbox 974 790 1143 872; x_wconf 82' lang='lat' dir='ltr'><strong>Martialis,</strong></span> <span class='ocrx_word' id='word_1_23' title='bbox 1158 792 1211 854; x_wconf 92' lang='lat' dir='ltr'><strong>cui</strong></span> 
     </span>
     <span class='ocr_line' id='line_1_4' title="bbox 154 893 1212 985; baseline 0 -25"><span class='ocrx_word' id='word_1_24' title='bbox 154 899 288 961; x_wconf 91' lang='lat' dir='ltr'><strong>interior</strong></span> <span class='ocrx_word' id='word_1_25' title='bbox 303 918 378 960; x_wconf 91' lang='lat' dir='ltr'><strong>cum</strong></span> <span class='ocrx_word' id='word_1_26' title='bbox 395 896 519 960; x_wconf 85' lang='lat' dir='ltr'><strong>Valerio</strong></span> <span class='ocrx_word' id='word_1_27' title='bbox 535 893 738 960; x_wconf 83' lang='lat' dir='ltr'><strong>necessitudo</strong></span> <span class='ocrx_word' id='word_1_28' title='bbox 756 897 955 978; x_wconf 83' lang='lat' dir='ltr'><strong>intercessit,</strong></span> <span class='ocrx_word' id='word_1_29' title='bbox 979 897 1056 960; x_wconf 90' lang='lat' dir='ltr'><strong>locis</strong></span> <span class='ocrx_word' id='word_1_30' title='bbox 1079 896 1212 985; x_wconf 90' lang='lat' dir='ltr'><strong>quibus·</strong></span> 
     </span>
     <span class='ocr_line' id='line_1_5' title="bbox 155 1001 1211 1091; baseline -0.001 -25"><span class='ocrx_word' id='word_1_31' title='bbox 155 1002 227 1067; x_wconf 94' lang='lat' dir='ltr'><strong>dam</strong></span> <span class='ocrx_word' id='word_1_32' title='bbox 243 1001 379 1067; x_wconf 88' lang='lat' dir='ltr'><strong>inducti.</strong></span> <span class='ocrx_word' id='word_1_33' title='bbox 395 1001 593 1066; x_wconf 81' lang='lat' dir='ltr'><strong>bilbilitanus</strong></span> <span class='ocrx_word' id='word_1_34' title='bbox 610 1003 697 1066; x_wconf 91' lang='lat' dir='ltr'><strong>enim</strong></span> <span class='ocrx_word' id='word_1_35' title='bbox 710 1003 763 1066; x_wconf 89' lang='lat' dir='ltr'><strong>ille</strong></span> <span class='ocrx_word' id='word_1_36' title='bbox 774 1017 880 1090; x_wconf 88' lang='lat' dir='ltr'><strong>poeta,</strong></span> <span class='ocrx_word' id='word_1_37' title='bbox 891 1003 975 1066; x_wconf 89' lang='lat' dir='ltr'><strong>libro</strong></span> <span class='ocrx_word' id='word_1_38' title='bbox 993 1003 1008 1065; x_wconf 93' lang='lat' dir='ltr'><strong>l</strong></span> <span class='ocrx_word' id='word_1_39' title='bbox 1017 1003 1144 1091; x_wconf 77' lang='lat' dir='ltr'><strong>,Epign</strong></span> <span class='ocrx_word' id='word_1_40' title='bbox 1158 1026 1211 1090; x_wconf 88' lang='lat'><strong>77,</strong></span> 
     </span>
     <span class='ocr_line' id='line_1_6' title="bbox 155 1107 1278 1196; baseline -0.001 -24"><span class='ocrx_word' id='word_1_41' title='bbox 155 1109 295 1172; x_wconf 86' lang='lat' dir='ltr'><strong>amicum</strong></span> <span class='ocrx_word' id='word_1_42' title='bbox 321 1130 416 1172; x_wconf 90' lang='lat' dir='ltr'><strong>suum</strong></span> <span class='ocrx_word' id='word_1_43' title='bbox 438 1107 585 1172; x_wconf 89' lang='lat' dir='ltr'><strong>nominat</strong></span> <span class='ocrx_word' id='word_1_44' title='bbox 602 1110 772 1172; x_wconf 81' lang='lat' dir='ltr'><strong>Antenorei</strong></span> <span class='ocrx_word' id='word_1_45' title='bbox 797 1131 881 1196; x_wconf 81' lang='lat' dir='ltr'><strong>spem</strong></span> <span class='ocrx_word' id='word_1_46' title='bbox 898 1121 929 1170; x_wconf 87' lang='lat' dir='ltr'><strong>et</strong></span> <span class='ocrx_word' id='word_1_47' title='bbox 947 1109 1114 1172; x_wconf 81' lang='lat' dir='ltr'><strong>alumnum</strong></span> <span class='ocrx_word' id='word_1_48' title='bbox 1128 1109 1206 1171; x_wconf 84' lang='lat' dir='ltr'><strong>loris</strong></span> <span class='ocrx_word' id='word_1_49' title='bbox 1275 1147 1278 1158; x_wconf 90' lang='lat'>·</span> 
     </span>
     <span class='ocr_line' id='line_1_7' title="bbox 156 1213 1209 1303; baseline 0.001 -25"><span class='ocrx_word' id='word_1_50' title='bbox 156 1213 208 1300; x_wconf 84' lang='lat' dir='ltr'><strong>(ad</strong></span> <span class='ocrx_word' id='word_1_51' title='bbox 221 1217 389 1278; x_wconf 83' lang='lat' dir='ltr'><strong>Antenora</strong></span> <span class='ocrx_word' id='word_1_52' title='bbox 404 1237 483 1278; x_wconf 88' lang='lat' dir='ltr'><strong>vero</strong></span> <span class='ocrx_word' id='word_1_53' title='bbox 498 1214 655 1303; x_wconf 80' lang='lat' dir='ltr'><strong>originem</strong></span> <span class='ocrx_word' id='word_1_54' title='bbox 672 1214 853 1279; x_wconf 69' lang='lat' dir='ltr'><strong>referebant</strong></span> <span class='ocrx_word' id='word_1_55' title='bbox 867 1213 1029 1295; x_wconf 86' lang='lat' dir='ltr'><strong>Patavini,</strong></span> <span class='ocrx_word' id='word_1_56' title='bbox 1043 1215 1111 1278; x_wconf 89' lang='lat' dir='ltr'><strong>Liv.</strong></span> <span class='ocrx_word' id='word_1_57' title='bbox 1122 1215 1154 1296; x_wconf 94' lang='lat' dir='ltr'><strong>l,</strong></span> <span class='ocrx_word' id='word_1_58' title='bbox 1174 1237 1209 1293; x_wconf 81' lang='lat'><strong>13</strong></span> 
     </span>
     <span class='ocr_line' id='line_1_8' title="bbox 155 1319 1212 1410; baseline 0 -28"><span class='ocrx_word' id='word_1_59' title='bbox 155 1320 245 1408; x_wconf 88' lang='lat' dir='ltr'><strong>Virg.</strong></span> <span class='ocrx_word' id='word_1_60' title='bbox 258 1319 336 1384; x_wconf 82' lang='lat' dir='ltr'><strong>AEn.</strong></span> <span class='ocrx_word' id='word_1_61' title='bbox 346 1320 373 1400; x_wconf 91' lang='grc' dir='ltr'><strong>Ι,</strong></span> <span class='ocrx_word' id='word_1_62' title='bbox 387 1323 448 1398; x_wconf 64' lang='lat'><strong>242</strong></span> <span class='ocrx_word' id='word_1_63' title='bbox 459 1319 520 1408; x_wconf 90' lang='lat' dir='ltr'><strong>sq.)</strong></span> <span class='ocrx_word' id='word_1_64' title='bbox 531 1346 540 1402; x_wconf 90' lang='lat'>;</span> <span class='ocrx_word' id='word_1_65' title='bbox 552 1321 647 1385; x_wconf 85' lang='lat' dir='ltr'><strong>etlib.</strong></span> <span class='ocrx_word' id='word_1_66' title='bbox 658 1322 684 1403; x_wconf 91' lang='lat'><strong>1,</strong></span> <span class='ocrx_word' id='word_1_67' title='bbox 692 1321 801 1410; x_wconf 81' lang='lat' dir='ltr'><strong>Epigr.</strong></span> <span class='ocrx_word' id='word_1_68' title='bbox 812 1321 903 1402; x_wconf 80' lang='lat' dir='ltr'><strong>6a,v.</strong></span> <span class='ocrx_word' id='word_1_69' title='bbox 917 1320 947 1402; x_wconf 85' lang='lat'><strong>3,</strong></span> <span class='ocrx_word' id='word_1_70' title='bbox 959 1322 1212 1410; x_wconf 82' lang='lat' dir='ltr'><strong>censeturApona</strong></span> 
     </span>
     <span class='ocr_line' id='line_1_9' title="bbox 157 1425 1212 1515; baseline 0.001 -27"><span class='ocrx_word' id='word_1_71' title='bbox 157 1425 242 1488; x_wconf 79' lang='lat' dir='ltr'><strong>livio</strong></span> <span class='ocrx_word' id='word_1_72' title='bbox 251 1448 308 1489; x_wconf 84' lang='lat' dir='ltr'><strong>suo</strong></span> <span class='ocrx_word' id='word_1_73' title='bbox 319 1425 427 1507; x_wconf 79' lang='lat' dir='ltr'><strong>tellus,</strong></span> <span class='ocrx_word' id='word_1_74' title='bbox 446 1425 627 1515; x_wconf 78' lang='lat' dir='ltr'><strong>Stellaque,</strong></span> <span class='ocrx_word' id='word_1_75' title='bbox 648 1449 704 1491; x_wconf 86' lang='lat' dir='ltr'><strong>nec</strong></span> <span class='ocrx_word' id='word_1_76' title='bbox 716 1427 834 1490; x_wconf 81' lang='lat' dir='ltr'><strong>Flacco</strong></span> <span class='ocrx_word' id='word_1_77' title='bbox 847 1430 958 1491; x_wconf 74' lang='lat' dir='ltr'><strong>mnus.</strong></span> <span class='ocrx_word' id='word_1_78' title='bbox 976 1431 1091 1515; x_wconf 91' lang='lat' dir='ltr'><strong>Apona</strong></span> <span class='ocrx_word' id='word_1_79' title='bbox 1103 1443 1212 1490; x_wconf 91' lang='lat' dir='ltr'><strong>autem</strong></span> 
     </span>
     <span class='ocr_line' id='line_1_10' title="bbox 157 1531 1214 1621; baseline 0.001 -28"><span class='ocrx_word' id='word_1_80' title='bbox 157 1532 248 1595; x_wconf 86' lang='lat' dir='ltr'><strong>tellus</strong></span> <span class='ocrx_word' id='word_1_81' title='bbox 264 1531 429 1596; x_wconf 84' lang='lat' dir='ltr'><strong>Patavium</strong></span> <span class='ocrx_word' id='word_1_82' title='bbox 442 1549 491 1596; x_wconf 90' lang='lat' dir='ltr'><strong>est</strong></span> <span class='ocrx_word' id='word_1_83' title='bbox 503 1532 543 1595; x_wconf 90' lang='lat' dir='ltr'><strong>ab</strong></span> <span class='ocrx_word' id='word_1_84' title='bbox 555 1533 687 1621; x_wconf 87' lang='lat' dir='ltr'><strong>Apono,</strong></span> <span class='ocrx_word' id='word_1_85' title='bbox 698 1533 790 1597; x_wconf 86' lang='lat' dir='ltr'><strong>fonte</strong></span> <span class='ocrx_word' id='word_1_86' title='bbox 800 1532 846 1596; x_wconf 89' lang='lat' dir='ltr'><strong>ibi</strong></span> <span class='ocrx_word' id='word_1_87' title='bbox 856 1531 1032 1616; x_wconf 89' lang='lat' dir='ltr'><strong>medicato;</strong></span> <span class='ocrx_word' id='word_1_88' title='bbox 1044 1531 1109 1596; x_wconf 84' lang='lat' dir='ltr'><strong>vid.</strong></span> <span class='ocrx_word' id='word_1_89' title='bbox 1120 1533 1214 1596; x_wconf 90' lang='lat' dir='ltr'><strong>Clau·</strong></span> 
     </span>
     <span class='ocr_line' id='line_1_11' title="bbox 156 1635 1213 1725; baseline -0.001 -24"><span class='ocrx_word' id='word_1_90' title='bbox 156 1637 241 1701; x_wconf 89' lang='lat' dir='ltr'><strong>dian.</strong></span> <span class='ocrx_word' id='word_1_91' title='bbox 261 1635 355 1725; x_wconf 84' lang='lat' dir='ltr'><strong>Idyll.</strong></span> <span class='ocrx_word' id='word_1_92' title='bbox 373 1637 439 1719; x_wconf 86' lang='lat' dir='ltr'><strong>Vl,</strong></span> <span class='ocrx_word' id='word_1_93' title='bbox 457 1660 488 1725; x_wconf 91' lang='lat' dir='ltr'><strong>p.</strong></span> <span class='ocrx_word' id='word_1_94' title='bbox 504 1637 585 1724; x_wconf 86' lang='lat'><strong>657,</strong></span> <span class='ocrx_word' id='word_1_95' title='bbox 601 1637 652 1702; x_wconf 91' lang='lat' dir='ltr'><strong>ed.</strong></span> <span class='ocrx_word' id='word_1_96' title='bbox 667 1636 764 1702; x_wconf 89' lang='lat' dir='ltr'><strong>Gesn.</strong></span> <span class='ocrx_word' id='word_1_97' title='bbox 780 1637 919 1701; x_wconf 87' lang='lat' dir='ltr'><strong>Uberius</strong></span> <span class='ocrx_word' id='word_1_98' title='bbox 935 1638 1065 1702; x_wconf 88' lang='lat' dir='ltr'><strong>Patavio</strong></span> <span class='ocrx_word' id='word_1_99' title='bbox 1077 1638 1213 1702; x_wconf 89' lang='lat' dir='ltr'><strong>asseruit</strong></span> 
     </span>
     <span class='ocr_line' id='line_1_12' title="bbox 157 1742 1211 1833; baseline -0.002 -26"><span class='ocrx_word' id='word_1_100' title='bbox 157 1743 305 1807; x_wconf 81' lang='lat' dir='ltr'><strong>Flaccum</strong></span> <span class='ocrx_word' id='word_1_101' title='bbox 326 1742 557 1825; x_wconf 86' lang='lat' dir='ltr'><strong>Scardeonius,</strong></span> <span class='ocrx_word' id='word_1_102' title='bbox 575 1743 631 1808; x_wconf 89' lang='lat' dir='ltr'><strong>lib.</strong></span> <span class='ocrx_word' id='word_1_103' title='bbox 648 1744 664 1806; x_wconf 91' lang='lat'><em>1</em></span> <span class='ocrx_word' id='word_1_104' title='bbox 682 1743 829 1808; x_wconf 83' lang='lat' dir='ltr'><strong>Historiae</strong></span> <span class='ocrx_word' id='word_1_105' title='bbox 851 1744 1027 1825; x_wconf 79' lang='lat' dir='ltr'><strong>Patarinae,</strong></span> <span class='ocrx_word' id='word_1_106' title='bbox 1043 1767 1075 1833; x_wconf 90' lang='lat' dir='ltr'><strong>p.</strong></span> <span class='ocrx_word' id='word_1_107' title='bbox 1094 1744 1157 1824; x_wconf 89' lang='lat'><strong>61,</strong></span> <span class='ocrx_word' id='word_1_108' title='bbox 1179 1744 1211 1806; x_wconf 90' lang='lat' dir='ltr'><strong>in</strong></span> 
     </span>
     <span class='ocr_line' id='line_1_13' title="bbox 157 1845 706 1937; baseline 0.007 -28"><span class='ocrx_word' id='word_1_109' title='bbox 157 1861 246 1910; x_wconf 88' lang='lat' dir='ltr'><strong>tomo</strong></span> <span class='ocrx_word' id='word_1_110' title='bbox 264 1847 310 1912; x_wconf 82' lang='lat' dir='ltr'><strong>vt</strong></span> <span class='ocrx_word' id='word_1_111' title='bbox 326 1845 484 1913; x_wconf 82' lang='lat' dir='ltr'><strong>Thesauri</strong></span> <span class='ocrx_word' id='word_1_112' title='bbox 495 1849 608 1932; x_wconf 72' lang='lat' dir='ltr'><strong>Italico,</strong></span> <span class='ocrx_word' id='word_1_113' title='bbox 624 1871 657 1937; x_wconf 93' lang='lat' dir='ltr'><strong>p.</strong></span> <span class='ocrx_word' id='word_1_114' title='bbox 676 1847 706 1913; x_wconf 84' lang='lat'><strong>3.</strong></span> 
     </span>
    </p>

    <p class='ocr_par' dir='ltr' id='par_1_3' title="bbox 157 1952 1215 3184">
     <span class='ocr_line' id='line_1_14' title="bbox 199 1952 1208 2042; baseline -0.001 -27"><span class='ocrx_word' id='word_1_115' title='bbox 199 1953 319 2016; x_wconf 85' lang='lat' dir='ltr'><strong>Tantas</strong></span> <span class='ocrx_word' id='word_1_116' title='bbox 340 1975 536 2042; x_wconf 87' lang='lat' dir='ltr'><strong>componere</strong></span> <span class='ocrx_word' id='word_1_117' title='bbox 546 1953 617 2018; x_wconf 91' lang='lat' dir='ltr'><strong>lites</strong></span> <span class='ocrx_word' id='word_1_118' title='bbox 632 1975 737 2042; x_wconf 81' lang='lat' dir='ltr'><strong>operae</strong></span> <span class='ocrx_word' id='word_1_119' title='bbox 744 1954 771 2018; x_wconf 91' lang='lat' dir='ltr'><strong>si</strong></span> <span class='ocrx_word' id='word_1_120' title='bbox 782 1954 922 2041; x_wconf 88' lang='lat' dir='ltr'><strong>pretium</strong></span> <span class='ocrx_word' id='word_1_121' title='bbox 943 1969 1042 2034; x_wconf 89' lang='lat' dir='ltr'><strong>esset,</strong></span> <span class='ocrx_word' id='word_1_122' title='bbox 1061 1952 1124 2016; x_wconf 93' lang='lat' dir='ltr'><strong>dici</strong></span> <span class='ocrx_word' id='word_1_123' title='bbox 1142 1953 1208 2016; x_wconf 88' lang='lat' dir='ltr'><strong>l&#39;or·</strong></span> 
     </span>
     <span class='ocr_line' id='line_1_15' title="bbox 158 2058 1211 2146; baseline 0 -26"><span class='ocrx_word' id='word_1_124' title='bbox 158 2073 237 2120; x_wconf 89' lang='lat' dir='ltr'><strong>tasse</strong></span> <span class='ocrx_word' id='word_1_125' title='bbox 249 2059 369 2146; x_wconf 86' lang='lat' dir='ltr'><strong>possit,</strong></span> <span class='ocrx_word' id='word_1_126' title='bbox 382 2059 474 2123; x_wconf 85' lang='lat' dir='ltr'><strong>Setiae</strong></span> <span class='ocrx_word' id='word_1_127' title='bbox 491 2060 651 2124; x_wconf 85' lang='lat' dir='ltr'><strong>Valerium</strong></span> <span class='ocrx_word' id='word_1_128' title='bbox 663 2077 793 2140; x_wconf 87' lang='lat' dir='ltr'><strong>natum,</strong></span> <span class='ocrx_word' id='word_1_129' title='bbox 807 2059 927 2124; x_wconf 83' lang='lat' dir='ltr'><strong>Patavii</strong></span> <span class='ocrx_word' id='word_1_130' title='bbox 940 2058 1113 2123; x_wconf 72' lang='lat' dir='ltr'><strong>educmum</strong></span> <span class='ocrx_word' id='word_1_131' title='bbox 1125 2079 1211 2138; x_wconf 89' lang='lat' dir='ltr'><strong>esse,</strong></span> 
     </span>
     <span class='ocr_line' id='line_1_16' title="bbox 158 2163 1214 2254; baseline 0.001 -28"><span class='ocrx_word' id='word_1_132' title='bbox 158 2163 275 2228; x_wconf 79' lang='lat' dir='ltr'><strong>fundos</strong></span> <span class='ocrx_word' id='word_1_133' title='bbox 286 2166 321 2228; x_wconf 91' lang='lat' dir='ltr'><strong>in</strong></span> <span class='ocrx_word' id='word_1_134' title='bbox 334 2187 411 2254; x_wconf 85' lang='lat' dir='ltr'><strong>agro</strong></span> <span class='ocrx_word' id='word_1_135' title='bbox 420 2166 588 2243; x_wconf 84' lang='lat' dir='ltr'><strong>Patavino,</strong></span> <span class='ocrx_word' id='word_1_136' title='bbox 597 2167 696 2231; x_wconf 88' lang='lat' dir='ltr'><strong>larem</strong></span> <span class='ocrx_word' id='word_1_137' title='bbox 703 2181 811 2230; x_wconf 70' lang='lat' dir='ltr'><strong>nmen</strong></span> <span class='ocrx_word' id='word_1_138' title='bbox 821 2167 915 2230; x_wconf 89' lang='lat' dir='ltr'><strong>etiam</strong></span> <span class='ocrx_word' id='word_1_139' title='bbox 924 2167 1035 2230; x_wconf 81' lang='lat' dir='ltr'><strong>Romae</strong></span> <span class='ocrx_word' id='word_1_140' title='bbox 1045 2165 1214 2245; x_wconf 85' lang='lat' dir='ltr'><strong>habuisse;</strong></span> 
     </span>
     <span class='ocr_line' id='line_1_17' title="bbox 158 2267 1211 2360; baseline -0.003 -26"><span class='ocrx_word' id='word_1_141' title='bbox 158 2269 244 2355; x_wconf 82' lang='lat' dir='ltr'><strong>quod</strong></span> <span class='ocrx_word' id='word_1_142' title='bbox 260 2288 299 2334; x_wconf 94' lang='lat' dir='ltr'><strong>ut</strong></span> <span class='ocrx_word' id='word_1_143' title='bbox 313 2269 502 2353; x_wconf 85' lang='lat' dir='ltr'><strong>credamus,</strong></span> <span class='ocrx_word' id='word_1_144' title='bbox 518 2272 593 2335; x_wconf 85' lang='lat' dir='ltr'><strong>facit</strong></span> <span class='ocrx_word' id='word_1_145' title='bbox 604 2273 672 2360; x_wconf 91' lang='lat' dir='ltr'><strong>ipse</strong></span> <span class='ocrx_word' id='word_1_146' title='bbox 682 2287 777 2360; x_wconf 86' lang='lat' dir='ltr'><strong>poeta</strong></span> <span class='ocrx_word' id='word_1_147' title='bbox 790 2271 831 2336; x_wconf 94' lang='lat' dir='ltr'><strong>ab</strong></span> <span class='ocrx_word' id='word_1_148' title='bbox 843 2272 937 2336; x_wconf 91' lang='lat' dir='ltr'><strong>initio</strong></span> <span class='ocrx_word' id='word_1_149' title='bbox 949 2271 1098 2336; x_wconf 86' lang='lat' dir='ltr'><strong>carminis</strong></span> <span class='ocrx_word' id='word_1_150' title='bbox 1110 2318 1119 2351; x_wconf 97' lang='lat'><strong>,</strong></span> <span class='ocrx_word' id='word_1_151' title='bbox 1130 2291 1161 2333; x_wconf 86' lang='lat' dir='ltr'><strong>r.</strong></span> <span class='ocrx_word' id='word_1_152' title='bbox 1175 2267 1211 2350; x_wconf 87' lang='lat'><strong>5,</strong></span> 
     </span>
     <span class='ocr_line' id='line_1_18' title="bbox 158 2374 1213 2466; baseline 0 -30"><span class='ocrx_word' id='word_1_153' title='bbox 158 2374 213 2437; x_wconf 90' lang='lat' dir='ltr'><strong>ubi</strong></span> <span class='ocrx_word' id='word_1_154' title='bbox 227 2375 364 2441; x_wconf 83' lang='lat' dir='ltr'><strong>Cumaeoe</strong></span> <span class='ocrx_word' id='word_1_155' title='bbox 376 2380 463 2441; x_wconf 80' lang='lat' dir='ltr'><strong>vatis</strong></span> <span class='ocrx_word' id='word_1_156' title='bbox 477 2379 633 2442; x_wconf 79' lang='lat' dir='ltr'><strong>cortinam</strong></span> <span class='ocrx_word' id='word_1_157' title='bbox 647 2377 737 2440; x_wconf 83' lang='lat' dir='ltr'><strong>denti</strong></span> <span class='ocrx_word' id='word_1_158' title='bbox 750 2399 815 2441; x_wconf 82' lang='lat' dir='ltr'><strong>suoe</strong></span> <span class='ocrx_word' id='word_1_159' title='bbox 831 2379 945 2441; x_wconf 83' lang='lat' dir='ltr'><strong>stetisse</strong></span> <span class='ocrx_word' id='word_1_160' title='bbox 964 2377 1127 2466; x_wconf 83' lang='lat' dir='ltr'><strong>gloriatur.</strong></span> <span class='ocrx_word' id='word_1_161' title='bbox 1147 2375 1213 2456; x_wconf 90' lang='lat' dir='ltr'><strong>Qui</strong></span> 
     </span>
     <span class='ocr_line' id='line_1_19' title="bbox 158 2477 1213 2572; baseline 0.003 -32"><span class='ocrx_word' id='word_1_162' title='bbox 158 2477 261 2558; x_wconf 90' lang='lat' dir='ltr'><strong>locus,</strong></span> <span class='ocrx_word' id='word_1_163' title='bbox 278 2503 476 2570; x_wconf 88' lang='lat' dir='ltr'><strong>quamquam</strong></span> <span class='ocrx_word' id='word_1_164' title='bbox 488 2483 630 2547; x_wconf 74' lang='lat' dir='ltr'><strong>historie</strong></span> <span class='ocrx_word' id='word_1_165' title='bbox 645 2503 826 2572; x_wconf 89' lang='lat' dir='ltr'><strong>repugnare</strong></span> <span class='ocrx_word' id='word_1_166' title='bbox 837 2481 1003 2562; x_wconf 87' lang='lat' dir='ltr'><strong>videatur,</strong></span> <span class='ocrx_word' id='word_1_167' title='bbox 1016 2505 1118 2569; x_wconf 88' lang='lat' dir='ltr'><strong>quum</strong></span> <span class='ocrx_word' id='word_1_168' title='bbox 1128 2527 1137 2562; x_wconf 95' lang='lat'><strong>,</strong></span> <span class='ocrx_word' id='word_1_169' title='bbox 1149 2481 1213 2543; x_wconf 88' lang='lat' dir='ltr'><strong>Ta·</strong></span> 
     </span>
     <span class='ocr_line' id='line_1_20' title="bbox 159 2585 1213 2678; baseline 0.003 -32"><span class='ocrx_word' id='word_1_170' title='bbox 159 2585 220 2650; x_wconf 87' lang='lat' dir='ltr'><strong>cito</strong></span> <span class='ocrx_word' id='word_1_171' title='bbox 241 2605 390 2669; x_wconf 84' lang='lat' dir='ltr'><strong>auctore,</strong></span> <span class='ocrx_word' id='word_1_172' title='bbox 407 2590 523 2654; x_wconf 88' lang='lat' dir='ltr'><strong>Annal.</strong></span> <span class='ocrx_word' id='word_1_173' title='bbox 541 2589 598 2653; x_wconf 91' lang='lat' dir='ltr'><strong>lib.</strong></span> <span class='ocrx_word' id='word_1_174' title='bbox 611 2590 676 2671; x_wconf 90' lang='lat' dir='ltr'><strong>VI,</strong></span> <span class='ocrx_word' id='word_1_175' title='bbox 694 2613 721 2652; x_wconf 90' lang='lat' dir='ltr'><strong>c.</strong></span> <span class='ocrx_word' id='word_1_176' title='bbox 743 2608 806 2670; x_wconf 76' lang='lat'><strong>12,</strong></span> <span class='ocrx_word' id='word_1_177' title='bbox 824 2590 963 2678; x_wconf 84' lang='lat' dir='ltr'><strong>Augusti</strong></span> <span class='ocrx_word' id='word_1_178' title='bbox 985 2590 1097 2653; x_wconf 89' lang='lat' dir='ltr'><strong>saltem</strong></span> <span class='ocrx_word' id='word_1_179' title='bbox 1121 2594 1213 2650; x_wconf 63' lang='lat' dir='ltr'><strong>{etrite</strong></span> 
     </span>
     <span class='ocr_line' id='line_1_21' title="bbox 158 2689 1214 2783; baseline -0.001 -29"><span class='ocrx_word' id='word_1_180' title='bbox 158 2689 310 2779; x_wconf 82' lang='lat' dir='ltr'><strong>Sibyllina</strong></span> <span class='ocrx_word' id='word_1_181' title='bbox 321 2695 462 2758; x_wconf 86' lang='lat' dir='ltr'><strong>carmina</strong></span> <span class='ocrx_word' id='word_1_182' title='bbox 478 2697 614 2758; x_wconf 91' lang='lat' dir='ltr'><strong>omnino</strong></span> <span class='ocrx_word' id='word_1_183' title='bbox 623 2696 773 2783; x_wconf 78' lang='lat' dir='ltr'><strong>privatim</strong></span> <span class='ocrx_word' id='word_1_184' title='bbox 786 2695 904 2758; x_wconf 87' lang='lat' dir='ltr'><strong>habere</strong></span> <span class='ocrx_word' id='word_1_185' title='bbox 924 2717 991 2758; x_wconf 91' lang='lat' dir='ltr'><strong>non</strong></span> <span class='ocrx_word' id='word_1_186' title='bbox 1007 2693 1149 2773; x_wconf 84' lang='lat' dir='ltr'><strong>licuerit,</strong></span> <span class='ocrx_word' id='word_1_187' title='bbox 1163 2707 1214 2772; x_wconf 84' lang='lat' dir='ltr'><strong>et,</strong></span> 
     </span>
     <span class='ocr_line' id='line_1_22' title="bbox 159 2799 1212 2890; baseline -0.002 -27"><span class='ocrx_word' id='word_1_188' title='bbox 159 2823 227 2887; x_wconf 74' lang='lat' dir='ltr'><strong>qun</strong></span> <span class='ocrx_word' id='word_1_189' title='bbox 244 2803 385 2890; x_wconf 87' lang='lat' dir='ltr'><strong>genuina</strong></span> <span class='ocrx_word' id='word_1_190' title='bbox 400 2803 619 2884; x_wconf 88' lang='lat' dir='ltr'><strong>haberentur,</strong></span> <span class='ocrx_word' id='word_1_191' title='bbox 637 2802 668 2865; x_wconf 93' lang='lat' dir='ltr'><strong>in</strong></span> <span class='ocrx_word' id='word_1_192' title='bbox 692 2802 761 2866; x_wconf 89' lang='lat' dir='ltr'><strong>basi</strong></span> <span class='ocrx_word' id='word_1_193' title='bbox 779 2819 891 2866; x_wconf 87' lang='lat' dir='ltr'><strong>statuae</strong></span> <span class='ocrx_word' id='word_1_194' title='bbox 917 2802 1072 2889; x_wconf 90' lang='lat' dir='ltr'><strong>Apollinis</strong></span> <span class='ocrx_word' id='word_1_195' title='bbox 1094 2799 1212 2864; x_wconf 87' lang='lat' dir='ltr'><strong>servari</strong></span> 
     </span>
     <span class='ocr_line' id='line_1_23' title="bbox 158 2906 1215 2994; baseline -0.003 -25"><span class='ocrx_word' id='word_1_196' title='bbox 158 2907 313 2989; x_wconf 81' lang='lat' dir='ltr'><strong>solerent,</strong></span> <span class='ocrx_word' id='word_1_197' title='bbox 326 2909 379 2972; x_wconf 84' lang='lat' dir='ltr'><strong>rix</strong></span> <span class='ocrx_word' id='word_1_198' title='bbox 395 2925 502 2972; x_wconf 89' lang='lat' dir='ltr'><strong>tamen</strong></span> <span class='ocrx_word' id='word_1_199' title='bbox 518 2907 617 2971; x_wconf 90' lang='lat' dir='ltr'><strong>alium</strong></span> <span class='ocrx_word' id='word_1_200' title='bbox 634 2929 764 2971; x_wconf 90' lang='lat' dir='ltr'><strong>sensum</strong></span> <span class='ocrx_word' id='word_1_201' title='bbox 781 2906 938 2984; x_wconf 89' lang='lat' dir='ltr'><strong>admittit,</strong></span> <span class='ocrx_word' id='word_1_202' title='bbox 949 2927 1046 2994; x_wconf 87' lang='lat' dir='ltr'><strong>quam</strong></span> <span class='ocrx_word' id='word_1_203' title='bbox 1064 2921 1118 2986; x_wconf 92' lang='lat' dir='ltr'><strong>ut,</strong></span> <span class='ocrx_word' id='word_1_204' title='bbox 1138 2925 1215 2991; x_wconf 85' lang='lat' dir='ltr'><strong>prte-</strong></span> 
     </span>
     <span class='ocr_line' id='line_1_24' title="bbox 158 3010 1211 3095; baseline -0.002 -21"><span class='ocrx_word' id='word_1_205' title='bbox 158 3013 310 3078; x_wconf 87' lang='lat' dir='ltr'><strong>euntibtts</strong></span> <span class='ocrx_word' id='word_1_206' title='bbox 322 3013 382 3078; x_wconf 89' lang='lat' dir='ltr'><strong>Pio</strong></span> <span class='ocrx_word' id='word_1_207' title='bbox 399 3031 433 3077; x_wconf 95' lang='lat' dir='ltr'><strong>et</strong></span> <span class='ocrx_word' id='word_1_208' title='bbox 443 3014 592 3095; x_wconf 87' lang='lat' dir='ltr'><strong>Heinsio,</strong></span> <span class='ocrx_word' id='word_1_209' title='bbox 605 3013 768 3077; x_wconf 89' lang='lat' dir='ltr'><strong>Valerium</strong></span> <span class='ocrx_word' id='word_1_210' title='bbox 783 3013 817 3075; x_wconf 92' lang='lat' dir='ltr'><strong>in</strong></span> <span class='ocrx_word' id='word_1_211' title='bbox 832 3011 1103 3093; x_wconf 86' lang='lat' dir='ltr'><strong>Quindecimriris</strong></span> <span class='ocrx_word' id='word_1_212' title='bbox 1116 3010 1211 3073; x_wconf 88' lang='lat' dir='ltr'><strong>sacris</strong></span> 
     </span>
     <span class='ocr_line' id='line_1_25' title="bbox 157 3115 638 3184; baseline 0.012 -6"><span class='ocrx_word' id='word_1_213' title='bbox 157 3115 314 3182; x_wconf 77' lang='lat' dir='ltr'><strong>faciundis</strong></span> <span class='ocrx_word' id='word_1_214' title='bbox 333 3120 433 3183; x_wconf 86' lang='lat' dir='ltr'><strong>fuisse</strong></span> <span class='ocrx_word' id='word_1_215' title='bbox 451 3135 638 3184; x_wconf 75' lang='lat' dir='ltr'><strong>smntamus.</strong></span> 
     </span>
    </p>

    <p class='ocr_par' dir='ltr' id='par_1_4' title="bbox 151 3219 1212 4367">
     <span class='ocr_line' id='line_1_26' title="bbox 198 3219 1209 3312; baseline 0 -26"><span class='ocrx_word' id='word_1_216' title='bbox 198 3222 342 3287; x_wconf 86' lang='lat' dir='ltr'><strong>Omnino</strong></span> <span class='ocrx_word' id='word_1_217' title='bbox 365 3225 426 3289; x_wconf 88' lang='lat' dir='ltr'><strong>sibi</strong></span> <span class='ocrx_word' id='word_1_218' title='bbox 440 3225 552 3288; x_wconf 85' lang='lat' dir='ltr'><strong>llomae</strong></span> <span class='ocrx_word' id='word_1_219' title='bbox 568 3224 683 3288; x_wconf 77' lang='lat' dir='ltr'><strong>vixisse</strong></span> <span class='ocrx_word' id='word_1_220' title='bbox 700 3223 861 3312; x_wconf 81' lang='lat' dir='ltr'><strong>putandus</strong></span> <span class='ocrx_word' id='word_1_221' title='bbox 880 3239 945 3304; x_wconf 89' lang='lat' dir='ltr'><strong>est,</strong></span> <span class='ocrx_word' id='word_1_222' title='bbox 964 3243 1067 3286; x_wconf 83' lang='lat' dir='ltr'><strong>aureae</strong></span> <span class='ocrx_word' id='word_1_223' title='bbox 1085 3219 1209 3286; x_wconf 89' lang='lat' dir='ltr'><strong>medio·</strong></span> 
     </span>
     <span class='ocr_line' id='line_1_27' title="bbox 156 3328 1212 3418; baseline 0.001 -28"><span class='ocrx_word' id='word_1_224' title='bbox 156 3328 271 3393; x_wconf 88' lang='lat' dir='ltr'><strong>critatis</strong></span> <span class='ocrx_word' id='word_1_225' title='bbox 290 3353 420 3412; x_wconf 88' lang='lat' dir='ltr'><strong>amans,</strong></span> <span class='ocrx_word' id='word_1_226' title='bbox 445 3346 495 3412; x_wconf 90' lang='lat' dir='ltr'><strong>et,</strong></span> <span class='ocrx_word' id='word_1_227' title='bbox 520 3352 616 3418; x_wconf 87' lang='lat' dir='ltr'><strong>quam</strong></span> <span class='ocrx_word' id='word_1_228' title='bbox 634 3331 776 3394; x_wconf 87' lang='lat' dir='ltr'><strong>lauream</strong></span> <span class='ocrx_word' id='word_1_229' title='bbox 793 3328 966 3417; x_wconf 87' lang='lat' dir='ltr'><strong>triumphis</strong></span> <span class='ocrx_word' id='word_1_230' title='bbox 990 3328 1124 3408; x_wconf 83' lang='lat' dir='ltr'><strong>majores</strong></span> <span class='ocrx_word' id='word_1_231' title='bbox 1150 3328 1212 3392; x_wconf 84' lang='lat' dir='ltr'><strong>sibi</strong></span> 
     </span>
     <span class='ocr_line' id='line_1_28' title="bbox 155 3434 1212 3523; baseline 0.001 -27"><span class='ocrx_word' id='word_1_232' title='bbox 155 3435 392 3517; x_wconf 60' lang='lat' dir='ltr'><strong>quosinssent,</strong></span> <span class='ocrx_word' id='word_1_233' title='bbox 406 3438 551 3500; x_wconf 90' lang='lat' dir='ltr'><strong>eamdem</strong></span> <span class='ocrx_word' id='word_1_234' title='bbox 561 3434 664 3499; x_wconf 80' lang='lat' dir='ltr'><strong>doctae</strong></span> <span class='ocrx_word' id='word_1_235' title='bbox 678 3436 738 3499; x_wconf 88' lang='lat' dir='ltr'><strong>sibi</strong></span> <span class='ocrx_word' id='word_1_236' title='bbox 752 3435 867 3500; x_wconf 83' lang='lat' dir='ltr'><strong>frontis</strong></span> <span class='ocrx_word' id='word_1_237' title='bbox 880 3435 1048 3523; x_wconf 75' lang='lat' dir='ltr'><strong>praemium</strong></span> <span class='ocrx_word' id='word_1_238' title='bbox 1063 3456 1133 3499; x_wconf 89' lang='lat' dir='ltr'><strong>esse</strong></span> <span class='ocrx_word' id='word_1_239' title='bbox 1145 3457 1212 3498; x_wconf 85' lang='lat' dir='ltr'><strong>ma·</strong></span> 
     </span>
     <span class='ocr_line' id='line_1_29' title="bbox 155 3533 1211 3628; baseline 0 -26"><span class='ocrx_word' id='word_1_240' title='bbox 155 3533 232 3619; x_wconf 89' lang='lat' dir='ltr'><strong>luit,</strong></span> <span class='ocrx_word' id='word_1_241' title='bbox 250 3555 360 3628; x_wconf 87' lang='lat' dir='ltr'><strong>spreto</strong></span> <span class='ocrx_word' id='word_1_242' title='bbox 376 3540 559 3605; x_wconf 88' lang='lat' dir='ltr'><strong>amicissimi</strong></span> <span class='ocrx_word' id='word_1_243' title='bbox 571 3540 724 3604; x_wconf 86' lang='lat' dir='ltr'><strong>Martialis</strong></span> <span class='ocrx_word' id='word_1_244' title='bbox 742 3541 891 3622; x_wconf 91' lang='lat' dir='ltr'><strong>consilio,</strong></span> <span class='ocrx_word' id='word_1_245' title='bbox 904 3542 961 3628; x_wconf 89' lang='lat' dir='ltr'><strong>qui</strong></span> <span class='ocrx_word' id='word_1_246' title='bbox 974 3539 1088 3605; x_wconf 86' lang='lat' dir='ltr'><strong>eodem</strong></span> <span class='ocrx_word' id='word_1_247' title='bbox 1100 3588 1110 3620; x_wconf 94' lang='lat'><strong>,</strong></span> <span class='ocrx_word' id='word_1_248' title='bbox 1121 3539 1211 3628; x_wconf 92' lang='lat' dir='ltr'><strong>quod</strong></span> 
     </span>
     <span class='ocr_line' id='line_1_30' title="bbox 155 3645 1211 3736; baseline -0.003 -24"><span class='ocrx_word' id='word_1_249' title='bbox 155 3647 252 3712; x_wconf 90' lang='lat' dir='ltr'><strong>modo</strong></span> <span class='ocrx_word' id='word_1_250' title='bbox 268 3645 488 3728; x_wconf 83' lang='lat' dir='ltr'><strong>laudavimus,</strong></span> <span class='ocrx_word' id='word_1_251' title='bbox 500 3647 599 3736; x_wconf 84' lang='lat' dir='ltr'><strong>epigr.</strong></span> <span class='ocrx_word' id='word_1_252' title='bbox 611 3669 664 3734; x_wconf 84' lang='lat'><strong>77,</strong></span> <span class='ocrx_word' id='word_1_253' title='bbox 678 3662 731 3728; x_wconf 89' lang='lat' dir='ltr'><strong>ut,</strong></span> <span class='ocrx_word' id='word_1_254' title='bbox 747 3647 845 3710; x_wconf 89' lang='lat' dir='ltr'><strong>misso</strong></span> <span class='ocrx_word' id='word_1_255' title='bbox 859 3670 1011 3711; x_wconf 87' lang='lat' dir='ltr'><strong>versuum</strong></span> <span class='ocrx_word' id='word_1_256' title='bbox 1023 3645 1211 3735; x_wconf 87' lang='lat' dir='ltr'><strong>pangendo-</strong></span> 
     </span>
     <span class='ocr_line' id='line_1_31' title="bbox 154 3749 1211 3841; baseline -0.003 -24"><span class='ocrx_word' id='word_1_257' title='bbox 154 3776 225 3817; x_wconf 87' lang='lat' dir='ltr'><strong>rum</strong></span> <span class='ocrx_word' id='word_1_258' title='bbox 243 3750 369 3835; x_wconf 86' lang='lat' dir='ltr'><strong>studio,</strong></span> <span class='ocrx_word' id='word_1_259' title='bbox 386 3773 496 3816; x_wconf 73' lang='lat' dir='ltr'><strong>musas</strong></span> <span class='ocrx_word' id='word_1_260' title='bbox 516 3753 550 3815; x_wconf 93' lang='lat' dir='ltr'><strong>in</strong></span> <span class='ocrx_word' id='word_1_261' title='bbox 571 3753 643 3816; x_wconf 85' lang='lat' dir='ltr'><strong>foro</strong></span> <span class='ocrx_word' id='word_1_262' title='bbox 663 3767 788 3841; x_wconf 84' lang='lat' dir='ltr'><strong>ageret,</strong></span> <span class='ocrx_word' id='word_1_263' title='bbox 805 3769 964 3816; x_wconf 87' lang='lat' dir='ltr'><strong>suaserat:</strong></span> <span class='ocrx_word' id='word_1_264' title='bbox 980 3753 1098 3816; x_wconf 72' lang='lat' dir='ltr'><strong>Perses</strong></span> <span class='ocrx_word' id='word_1_265' title='bbox 1111 3749 1211 3840; x_wconf 62' lang='lat' dir='ltr'><strong>dtffir</strong></span> 
     </span>
     <span class='ocr_line' id='line_1_32' title="bbox 153 3857 1211 3946; baseline 0 -26"><span class='ocrx_word' id='word_1_266' title='bbox 153 3875 323 3946; x_wconf 86' lang='lat' dir='ltr'><strong>cantusque</strong></span> <span class='ocrx_word' id='word_1_267' title='bbox 339 3857 507 3946; x_wconf 82' lang='lat' dir='ltr'><strong>chorosque</strong></span> <span class='ocrx_word' id='word_1_268' title='bbox 523 3879 663 3922; x_wconf 81' lang='lat' dir='ltr'><strong>sororum</strong></span> <span class='ocrx_word' id='word_1_269' title='bbox 673 3880 685 3919; x_wconf 92' lang='lat'><strong>.·</strong></span> <span class='ocrx_word' id='word_1_270' title='bbox 694 3857 852 3921; x_wconf 76' lang='lat' dir='ltr'><strong>AEsdabit</strong></span> <span class='ocrx_word' id='word_1_271' title='bbox 862 3881 905 3920; x_wconf 81' lang='lat' dir='ltr'><strong>ex</strong></span> <span class='ocrx_word' id='word_1_272' title='bbox 918 3859 983 3920; x_wconf 81' lang='lat' dir='ltr'><strong>istis</strong></span> <span class='ocrx_word' id='word_1_273' title='bbox 999 3857 1090 3920; x_wconf 84' lang='lat' dir='ltr'><strong>nulla</strong></span> <span class='ocrx_word' id='word_1_274' title='bbox 1099 3857 1211 3946; x_wconf 83' lang='lat' dir='ltr'><strong>puella</strong></span> 
     </span>
     <span class='ocr_line' id='line_1_33' title="bbox 152 3961 1211 4051; baseline -0.001 -25"><span class='ocrx_word' id='word_1_275' title='bbox 152 3963 444 4028; x_wconf 78' lang='lat' dir='ltr'><strong>tibi....1tomanum</strong></span> <span class='ocrx_word' id='word_1_276' title='bbox 457 3965 587 4051; x_wconf 82' lang='lat' dir='ltr'><strong>propius</strong></span> <span class='ocrx_word' id='word_1_277' title='bbox 601 3961 790 4051; x_wconf 84' lang='lat' dir='ltr'><strong>divitiusque</strong></span> <span class='ocrx_word' id='word_1_278' title='bbox 793 3961 910 4051; x_wconf 87' lang='lat' dir='ltr'><strong>sorum</strong></span> <span class='ocrx_word' id='word_1_279' title='bbox 924 3975 977 4027; x_wconf 80' lang='lat' dir='ltr'><strong>est.</strong></span> <span class='ocrx_word' id='word_1_280' title='bbox 996 3961 1066 4025; x_wconf 82' lang='lat' dir='ltr'><strong>Illic</strong></span> <span class='ocrx_word' id='word_1_281' title='bbox 1080 3985 1147 4026; x_wconf 83' lang='lat' dir='ltr'><strong>cera</strong></span> <span class='ocrx_word' id='word_1_282' title='bbox 1162 3985 1211 4026; x_wconf 87' lang='lat' dir='ltr'><strong>so·</strong></span> 
     </span>
     <span class='ocr_line' id='line_1_34' title="bbox 153 4066 1210 4157; baseline -0.004 -25"><span class='ocrx_word' id='word_1_283' title='bbox 153 4071 416 4132; x_wconf 73' lang='lat' dir='ltr'><strong>nantmtcirewn</strong></span> <span class='ocrx_word' id='word_1_284' title='bbox 418 4069 545 4157; x_wconf 76' lang='lat' dir='ltr'><strong>ptdpita</strong></span> <span class='ocrx_word' id='word_1_285' title='bbox 555 4081 672 4136; x_wconf 82' lang='lat' dir='ltr'><strong>nostra,</strong></span> <span class='ocrx_word' id='word_1_286' title='bbox 681 4067 725 4131; x_wconf 79' lang='lat' dir='ltr'><strong>Et</strong></span> <span class='ocrx_word' id='word_1_287' title='bbox 731 4066 847 4131; x_wconf 85' lang='lat' dir='ltr'><strong>steriles</strong></span> <span class='ocrx_word' id='word_1_288' title='bbox 855 4067 1031 4146; x_wconf 81' lang='lat' dir='ltr'><strong>cathedras,</strong></span> <span class='ocrx_word' id='word_1_289' title='bbox 1044 4069 1132 4131; x_wconf 85' lang='lat' dir='ltr'><strong>basia</strong></span> <span class='ocrx_word' id='word_1_290' title='bbox 1141 4067 1210 4130; x_wconf 81' lang='lat' dir='ltr'><strong>solo</strong></span> 
     </span>
     <span class='ocr_line' id='line_1_35' title="bbox 151 4171 1203 4262; baseline -0.002 -26"><span class='ocrx_word' id='word_1_291' title='bbox 151 4190 289 4262; x_wconf 84' lang='lat' dir='ltr'><strong>erepant.</strong></span> <span class='ocrx_word' id='word_1_292' title='bbox 309 4175 468 4238; x_wconf 74' lang='lat' dir='ltr'><strong>Ceterum</strong></span> <span class='ocrx_word' id='word_1_293' title='bbox 481 4173 667 4261; x_wconf 88' lang='lat' dir='ltr'><strong>Vespasiani</strong></span> <span class='ocrx_word' id='word_1_294' title='bbox 691 4185 781 4235; x_wconf 86' lang='lat' dir='ltr'><strong>aetate</strong></span> <span class='ocrx_word' id='word_1_295' title='bbox 793 4194 896 4259; x_wconf 85' lang='lat' dir='ltr'><strong>quum</strong></span> <span class='ocrx_word' id='word_1_296' title='bbox 915 4173 1051 4236; x_wconf 82' lang='lat' dir='ltr'><strong>maxime</strong></span> <span class='ocrx_word' id='word_1_297' title='bbox 1069 4171 1203 4252; x_wconf 86' lang='lat' dir='ltr'><strong>lloruit,</strong></span> 
     </span>
     <span class='ocr_line' id='line_1_36' title="bbox 152 4278 1210 4367; baseline -0.001 -25"><span class='ocrx_word' id='word_1_298' title='bbox 152 4301 341 4365; x_wconf 86' lang='lat' dir='ltr'><strong>annumque</strong></span> <span class='ocrx_word' id='word_1_299' title='bbox 365 4302 383 4342; x_wconf 92' lang='lat' dir='ltr'><strong>a</strong></span> <span class='ocrx_word' id='word_1_300' title='bbox 406 4281 441 4343; x_wconf 90' lang='lat' dir='ltr'><strong>C.</strong></span> <span class='ocrx_word' id='word_1_301' title='bbox 465 4279 526 4360; x_wconf 84' lang='lat'><strong>80,</strong></span> <span class='ocrx_word' id='word_1_302' title='bbox 542 4279 604 4366; x_wconf 91' lang='lat' dir='ltr'><strong>ipsi</strong></span> <span class='ocrx_word' id='word_1_303' title='bbox 630 4278 769 4367; x_wconf 85' lang='lat' dir='ltr'><strong>assignat</strong></span> <span class='ocrx_word' id='word_1_304' title='bbox 786 4278 975 4342; x_wconf 88' lang='lat' dir='ltr'><strong>venerabilis</strong></span> <span class='ocrx_word' id='word_1_305' title='bbox 994 4301 1089 4343; x_wconf 85' lang='lat' dir='ltr'><strong>senex</strong></span> <span class='ocrx_word' id='word_1_306' title='bbox 1116 4279 1210 4342; x_wconf 89' lang='lat' dir='ltr'><strong>Chri·</strong></span> 
     </span>
    </p>
   </div>
   <div class='ocr_carea' id='block_1_3' title="bbox 0 0 1604 5106">
    <p class='ocr_par' dir='ltr' id='par_1_5' title="bbox 0 0 1604 5106">
     <span class='ocr_line' id='line_1_37' title="bbox 0 0 1604 5106; baseline 0 0"><span class='ocrx_word' id='word_1_307' title='bbox 0 0 1604 5106; x_wconf 95' lang='lat' dir='ltr'><strong> </strong></span> 
     </span>
    </p>
   </div>
  </div>
 </body>
</html>
