<?xml version="1.0" encoding="UTF-8"?>
<!DOCTYPE html PUBLIC "-//W3C//DTD XHTML 1.0 Transitional//EN"
    "http://www.w3.org/TR/xhtml1/DTD/xhtml1-transitional.dtd">
<html xmlns="http://www.w3.org/1999/xhtml" xml:lang="en" lang="en">
 <head>
  <title>
</title>
<meta http-equiv="Content-Type" content="text/html;charset=utf-8" />
  <meta name='ocr-system' content='tesseract 3.04.00' />
  <meta name='ocr-capabilities' content='ocr_page ocr_carea ocr_par ocr_line ocrx_word'/>
</head>
<body>
  <div class='ocr_page' id='page_1' title='image "./cvaleriiflaccis00apolgoog_0609.png"; bbox 0 0 3116 5102; ppageno 0'>
   <div class='ocr_carea' id='block_1_1' title="bbox 375 487 1332 586">
    <p class='ocr_par' dir='ltr' id='par_1_1' title="bbox 375 487 1332 586">
     <span class='ocr_line' id='line_1_1' title="bbox 375 487 1332 586; baseline -0.004 -30"><span class='ocrx_word' id='word_1_1' title='bbox 375 493 438 586; x_wconf 62' lang='lat'>336</span> <span class='ocrx_word' id='word_1_2' title='bbox 478 491 532 555; x_wconf 90' lang='lat' dir='ltr'>IN</span> <span class='ocrx_word' id='word_1_3' title='bbox 561 491 648 555; x_wconf 91' lang='lat' dir='ltr'>LIB.</span> <span class='ocrx_word' id='word_1_4' title='bbox 674 488 906 570; x_wconf 84' lang='lat' dir='ltr'><strong>QUINTUM</strong></span> <span class='ocrx_word' id='word_1_5' title='bbox 938 487 1332 553; x_wconf 84' lang='lat' dir='ltr'><strong>ARGONAU&#39;I&#39;ICON</strong></span> 
     </span>
    </p>
   </div>
   <div class='ocr_carea' id='block_1_2' title="bbox 374 603 631 671">
    <p class='ocr_par' dir='ltr' id='par_1_2' title="bbox 374 603 631 671">
     <span class='ocr_line' id='line_1_2' title="bbox 374 603 631 671; baseline -0.012 -14"><span class='ocrx_word' id='word_1_6' title='bbox 374 606 414 658; x_wconf 87' lang='lat' dir='ltr'>Id.</span> <span class='ocrx_word' id='word_1_7' title='bbox 426 605 490 658; x_wconf 87' lang='lat' dir='ltr'><strong>ibid.</strong></span> <span class='ocrx_word' id='word_1_8' title='bbox 505 605 550 665; x_wconf 83' lang='lat' dir='ltr'>x,</span> <span class='ocrx_word' id='word_1_9' title='bbox 566 603 631 671; x_wconf 75' lang='lat'>287:</span> 
     </span>
    </p>
   </div>
   <div class='ocr_carea' id='block_1_3' title="bbox 542 699 1051 837">
    <p class='ocr_par' dir='ltr' id='par_1_3' title="bbox 542 699 1051 837">
     <span class='ocr_line' id='line_1_3' title="bbox 545 699 1051 774; baseline -0.004 -26"><span class='ocrx_word' id='word_1_10' title='bbox 545 706 635 750; x_wconf 86' lang='lat' dir='ltr'>Interea</span> <span class='ocrx_word' id='word_1_11' title='bbox 648 702 737 748; x_wconf 78' lang='lat' dir='ltr'>AEneas</span> <span class='ocrx_word' id='word_1_12' title='bbox 751 701 825 774; x_wconf 64' lang='lat' dir='ltr'>aquius</span> <span class='ocrx_word' id='word_1_13' title='bbox 836 701 866 747; x_wconf 89' lang='lat' dir='ltr'>de</span> <span class='ocrx_word' id='word_1_14' title='bbox 874 701 987 763; x_wconf 75' lang='lat' dir='ltr'>puppibus</span> <span class='ocrx_word' id='word_1_15' title='bbox 999 699 1051 746; x_wconf 85' lang='lat' dir='ltr'>altis</span> 
     </span>
     <span class='ocr_line' id='line_1_4' title="bbox 542 776 769 837; baseline -0.013 -13"><span class='ocrx_word' id='word_1_16' title='bbox 542 779 653 824; x_wconf 76' lang='lat' dir='ltr'>Poaulrns</span> <span class='ocrx_word' id='word_1_17' title='bbox 666 776 769 837; x_wconf 79' lang='lat' dir='ltr'>exponit.</span> 
     </span>
    </p>
   </div>
   <div class='ocr_carea' id='block_1_4' title="bbox 374 866 1441 1018">
    <p class='ocr_par' dir='ltr' id='par_1_4' title="bbox 374 866 1441 1018">
     <span class='ocr_line' id='line_1_5' title="bbox 409 866 1441 936; baseline -0.004 -12"><span class='ocrx_word' id='word_1_18' title='bbox 409 878 442 924; x_wconf 80' lang='lat' dir='ltr'>V.</span> <span class='ocrx_word' id='word_1_19' title='bbox 456 890 515 924; x_wconf 75' lang='lat' dir='ltr'>aar.</span> <span class='ocrx_word' id='word_1_20' title='bbox 527 875 560 920; x_wconf 82' lang='lat' dir='ltr'>Et</span> <span class='ocrx_word' id='word_1_21' title='bbox 573 871 697 921; x_wconf 75' lang='lat' dir='ltr'>torrenda</span> <span class='ocrx_word' id='word_1_22' title='bbox 711 870 829 936; x_wconf 79' lang='lat' dir='ltr'>trepidam</span> <span class='ocrx_word' id='word_1_23' title='bbox 846 870 889 918; x_wconf 80' lang='lat' dir='ltr'>sub</span> <span class='ocrx_word' id='word_1_24' title='bbox 906 869 1006 934; x_wconf 74' lang='lat' dir='ltr'>uirgine</span> <span class='ocrx_word' id='word_1_25' title='bbox 1017 870 1125 935; x_wconf 78' lang='lat' dir='ltr'><em>puppim.</em></span> <span class='ocrx_word' id='word_1_26' title='bbox 1144 895 1174 905; x_wconf 89' lang='lat'><em>-</em></span> <span class='ocrx_word' id='word_1_27' title='bbox 1195 867 1295 919; x_wconf 80' lang='lat' dir='ltr'><strong>Auctor</strong></span> <span class='ocrx_word' id='word_1_28' title='bbox 1307 866 1352 919; x_wconf 87' lang='lat' dir='ltr'>hic</span> <span class='ocrx_word' id='word_1_29' title='bbox 1368 885 1441 920; x_wconf 79' lang='lat' dir='ltr'>suna-</span> 
     </span>
     <span class='ocr_line' id='line_1_6' title="bbox 374 944 1440 1018; baseline -0.006 -15"><span class='ocrx_word' id='word_1_30' title='bbox 374 969 444 1004; x_wconf 89' lang='lat' dir='ltr'>mam</span> <span class='ocrx_word' id='word_1_31' title='bbox 457 949 594 1011; x_wconf 88' lang='lat' dir='ltr'>omnium,</span> <span class='ocrx_word' id='word_1_32' title='bbox 609 965 667 1018; x_wconf 79' lang='lat' dir='ltr'>qua</span> <span class='ocrx_word' id='word_1_33' title='bbox 687 946 713 998; x_wconf 91' lang='lat' dir='ltr'>iu</span> <span class='ocrx_word' id='word_1_34' title='bbox 727 944 855 998; x_wconf 86' lang='lat' dir='ltr'>Colchide</span> <span class='ocrx_word' id='word_1_35' title='bbox 869 955 1066 1016; x_wconf 83' lang='lat' dir='ltr'>perpetraturus</span> <span class='ocrx_word' id='word_1_36' title='bbox 1085 957 1123 996; x_wconf 87' lang='lat' dir='ltr'>est</span> <span class='ocrx_word' id='word_1_37' title='bbox 1137 945 1215 996; x_wconf 84' lang='lat' dir='ltr'>Iason</span> <span class='ocrx_word' id='word_1_38' title='bbox 1229 983 1236 1008; x_wconf 89' lang='lat'><em>,</em></span> <span class='ocrx_word' id='word_1_39' title='bbox 1254 947 1396 1017; x_wconf 84' lang='lat' dir='ltr'>proponit;</span> <span class='ocrx_word' id='word_1_40' title='bbox 1411 955 1440 1002; x_wconf 74' lang='grc' dir='ltr'>τὸ</span> 
     </span>
    </p>
   </div>
   <div class='ocr_carea' id='block_1_5' title="bbox 367 1025 1441 1768">
    <p class='ocr_par' dir='ltr' id='par_1_5' title="bbox 367 1025 1441 1768">
     <span class='ocr_line' id='line_1_7' title="bbox 374 1025 1441 1100; baseline -0.007 -13"><span class='ocrx_word' id='word_1_41' title='bbox 374 1037 497 1088; x_wconf 80' lang='lat' dir='ltr'>torrenda</span> <span class='ocrx_word' id='word_1_42' title='bbox 508 1035 624 1100; x_wconf 82' lang='lat' dir='ltr'>trepidam</span> <span class='ocrx_word' id='word_1_43' title='bbox 638 1034 681 1080; x_wconf 80' lang='lat' dir='ltr'>sub</span> <span class='ocrx_word' id='word_1_44' title='bbox 690 1033 788 1098; x_wconf 73' lang='lat' dir='ltr'>virgine</span> <span class='ocrx_word' id='word_1_45' title='bbox 797 1031 912 1097; x_wconf 83' lang='lat' dir='ltr'><em>puppim,</em></span> <span class='ocrx_word' id='word_1_46' title='bbox 923 1025 1091 1080; x_wconf 82' lang='lat' dir='ltr'>referendum</span> <span class='ocrx_word' id='word_1_47' title='bbox 1103 1025 1185 1078; x_wconf 83' lang='lat' dir='ltr'>estad</span> <span class='ocrx_word' id='word_1_48' title='bbox 1195 1027 1332 1080; x_wconf 87' lang='lat' dir='ltr'>introitum</span> <span class='ocrx_word' id='word_1_49' title='bbox 1340 1027 1441 1080; x_wconf 70' lang='lat' dir='ltr'>Medae</span> 
     </span>
     <span class='ocr_line' id='line_1_8' title="bbox 373 1109 1439 1189; baseline -0.007 -18"><span class='ocrx_word' id='word_1_50' title='bbox 373 1121 400 1172; x_wconf 92' lang='lat' dir='ltr'>iu</span> <span class='ocrx_word' id='word_1_51' title='bbox 410 1120 622 1189; x_wconf 77' lang='lat' dir='ltr'>Argonautarum</span> <span class='ocrx_word' id='word_1_52' title='bbox 632 1131 726 1166; x_wconf 77' lang='lat' dir='ltr'>navem</span> <span class='ocrx_word' id='word_1_53' title='bbox 734 1151 742 1176; x_wconf 85' lang='lat'><strong><em>,</em></strong></span> <span class='ocrx_word' id='word_1_54' title='bbox 750 1113 833 1176; x_wconf 87' lang='lat' dir='ltr'><strong>VIII,</strong></span> <span class='ocrx_word' id='word_1_55' title='bbox 846 1113 893 1164; x_wconf 73' lang='lat'>132</span> <span class='ocrx_word' id='word_1_56' title='bbox 902 1150 910 1176; x_wconf 85' lang='lat'>‚</span> <span class='ocrx_word' id='word_1_57' title='bbox 918 1129 977 1182; x_wconf 78' lang='lat' dir='ltr'>qua</span> <span class='ocrx_word' id='word_1_58' title='bbox 986 1109 1092 1182; x_wconf 87' lang='lat' dir='ltr'>quidem</span> <span class='ocrx_word' id='word_1_59' title='bbox 1103 1112 1211 1182; x_wconf 75' lang='lat' dir='ltr'>lingitur</span> <span class='ocrx_word' id='word_1_60' title='bbox 1221 1152 1229 1175; x_wconf 87' lang='lat'>‚</span> <span class='ocrx_word' id='word_1_61' title='bbox 1240 1111 1285 1163; x_wconf 85' lang='lat' dir='ltr'>illa</span> <span class='ocrx_word' id='word_1_62' title='bbox 1294 1111 1439 1178; x_wconf 73' lang='lat' dir='ltr'>insiliente,</span> 
     </span>
     <span class='ocr_line' id='line_1_9' title="bbox 371 1193 1440 1275; baseline -0.007 -20"><span class='ocrx_word' id='word_1_63' title='bbox 371 1221 427 1275; x_wconf 75' lang='lat' dir='ltr'>pre</span> <span class='ocrx_word' id='word_1_64' title='bbox 444 1202 554 1255; x_wconf 83' lang='lat' dir='ltr'>horrore</span> <span class='ocrx_word' id='word_1_65' title='bbox 570 1197 714 1250; x_wconf 88' lang='lat' dir='ltr'>tremuisse.</span> <span class='ocrx_word' id='word_1_66' title='bbox 730 1195 798 1248; x_wconf 82' lang='lat' dir='ltr'>Dixit</span> <span class='ocrx_word' id='word_1_67' title='bbox 810 1194 918 1266; x_wconf 88' lang='lat' dir='ltr'>quidem</span> <span class='ocrx_word' id='word_1_68' title='bbox 929 1193 1072 1266; x_wconf 77' lang='lat' dir='ltr'>Virgilius,</span> <span class='ocrx_word' id='word_1_69' title='bbox 1086 1198 1145 1247; x_wconf 83' lang='lat' dir='ltr'>AEn.</span> <span class='ocrx_word' id='word_1_70' title='bbox 1155 1195 1210 1261; x_wconf 89' lang='lat' dir='ltr'>V1‚</span> <span class='ocrx_word' id='word_1_71' title='bbox 1223 1197 1286 1260; x_wconf 64' lang='lat'>413,</span> <span class='ocrx_word' id='word_1_72' title='bbox 1294 1199 1388 1264; x_wconf 59' lang='lat' dir='ltr'>gemus}</span> <span class='ocrx_word' id='word_1_73' title='bbox 1397 1201 1440 1247; x_wconf 73' lang='lat' dir='ltr'>sub</span> 
     </span>
     <span class='ocr_line' id='line_1_10' title="bbox 367 1278 1439 1358; baseline -0.004 -18"><span class='ocrx_word' id='word_1_74' title='bbox 367 1291 478 1358; x_wconf 67' lang='lat' dir='ltr'>pondus</span> <span class='ocrx_word' id='word_1_75' title='bbox 493 1287 598 1351; x_wconf 74' lang='lat' dir='ltr'>cymba5</span> <span class='ocrx_word' id='word_1_76' title='bbox 613 1280 676 1347; x_wconf 85' lang='lat' dir='ltr'>sad,</span> <span class='ocrx_word' id='word_1_77' title='bbox 692 1300 775 1354; x_wconf 88' lang='lat' dir='ltr'>quum</span> <span class='ocrx_word' id='word_1_78' title='bbox 787 1282 855 1351; x_wconf 76' lang='lat' dir='ltr'>Argo</span> <span class='ocrx_word' id='word_1_79' title='bbox 866 1298 945 1334; x_wconf 91' lang='lat' dir='ltr'>sensu</span> <span class='ocrx_word' id='word_1_80' title='bbox 962 1278 1070 1352; x_wconf 76' lang='lat' dir='ltr'>praedita</span> <span class='ocrx_word' id='word_1_81' title='bbox 1080 1280 1165 1351; x_wconf 88' lang='lat' dir='ltr'>poetis</span> <span class='ocrx_word' id='word_1_82' title='bbox 1176 1279 1306 1351; x_wconf 81' lang='lat' dir='ltr'>fingatur,</span> <span class='ocrx_word' id='word_1_83' title='bbox 1317 1283 1439 1336; x_wconf 71' lang='lat' dir='ltr'>&#39;seclusus</span> 
     </span>
     <span class='ocr_line' id='line_1_11' title="bbox 370 1361 1440 1443; baseline -0.005 -20"><span class='ocrx_word' id='word_1_84' title='bbox 370 1369 480 1443; x_wconf 73' lang='lat' dir='ltr'>virginis</span> <span class='ocrx_word' id='word_1_85' title='bbox 490 1369 600 1442; x_wconf 76' lang='lat' dir='ltr'>horrore</span> <span class='ocrx_word' id='word_1_86' title='bbox 609 1406 617 1430; x_wconf 90' lang='lat'>,</span> <span class='ocrx_word' id='word_1_87' title='bbox 627 1383 681 1418; x_wconf 89' lang='lat' dir='ltr'>non</span> <span class='ocrx_word' id='word_1_88' title='bbox 695 1363 810 1435; x_wconf 86' lang='lat' dir='ltr'>pondere</span> <span class='ocrx_word' id='word_1_89' title='bbox 821 1401 829 1427; x_wconf 83' lang='lat'>‚</span> <span class='ocrx_word' id='word_1_90' title='bbox 841 1362 1012 1435; x_wconf 81' lang='lat' dir='ltr'>trepidaviase</span> <span class='ocrx_word' id='word_1_91' title='bbox 1021 1361 1116 1415; x_wconf 89' lang='lat' dir='ltr'>dicitur</span> <span class='ocrx_word' id='word_1_92' title='bbox 1126 1405 1134 1428; x_wconf 87' lang='lat'>,</span> <span class='ocrx_word' id='word_1_93' title='bbox 1149 1363 1200 1416; x_wconf 87' lang='lat' dir='ltr'>nisi</span> <span class='ocrx_word' id='word_1_94' title='bbox 1213 1375 1290 1436; x_wconf 88' lang='lat' dir='ltr'>putes</span> <span class='ocrx_word' id='word_1_95' title='bbox 1303 1366 1356 1418; x_wconf 87' lang='lat' dir='ltr'>hoc</span> <span class='ocrx_word' id='word_1_96' title='bbox 1366 1378 1440 1418; x_wconf 87' lang='lat' dir='ltr'>ntro-</span> 
     </span>
     <span class='ocr_line' id='line_1_12' title="bbox 369 1446 1437 1524; baseline -0.003 -19"><span class='ocrx_word' id='word_1_97' title='bbox 369 1471 421 1524; x_wconf 87' lang='lat' dir='ltr'>que</span> <span class='ocrx_word' id='word_1_98' title='bbox 431 1469 508 1504; x_wconf 86' lang='lat' dir='ltr'>sensu</span> <span class='ocrx_word' id='word_1_99' title='bbox 523 1447 692 1520; x_wconf 87' lang='lat' dir='ltr'>capiendum.</span> <span class='ocrx_word' id='word_1_100' title='bbox 702 1446 773 1512; x_wconf 80' lang='lat' dir='ltr'>Quid</span> <span class='ocrx_word' id='word_1_101' title='bbox 783 1447 880 1500; x_wconf 86' lang='lat' dir='ltr'>vellent</span> <span class='ocrx_word' id='word_1_102' title='bbox 891 1448 947 1500; x_wconf 83' lang='lat' dir='ltr'>haec</span> <span class='ocrx_word' id='word_1_103' title='bbox 961 1447 1039 1500; x_wconf 85' lang='lat' dir='ltr'>verba</span> <span class='ocrx_word' id='word_1_104' title='bbox 1053 1446 1163 1500; x_wconf 87' lang='lat' dir='ltr'>dubium</span> <span class='ocrx_word' id='word_1_105' title='bbox 1175 1448 1258 1502; x_wconf 83' lang='lat' dir='ltr'>videri</span> <span class='ocrx_word' id='word_1_106' title='bbox 1273 1449 1389 1503; x_wconf 81' lang='lat' dir='ltr'>voluisse</span> <span class='ocrx_word' id='word_1_107' title='bbox 1398 1452 1437 1502; x_wconf 82' lang='lat' dir='ltr'>ri·</span> 
     </span>
     <span class='ocr_line' id='line_1_13' title="bbox 368 1529 1439 1601; baseline 0.001 -14"><span class='ocrx_word' id='word_1_108' title='bbox 368 1534 444 1587; x_wconf 90' lang='lat' dir='ltr'>detur</span> <span class='ocrx_word' id='word_1_109' title='bbox 454 1531 592 1597; x_wconf 84' lang='lat' dir='ltr'>Valerius,</span> <span class='ocrx_word' id='word_1_110' title='bbox 610 1531 741 1584; x_wconf 88' lang='lat' dir='ltr'>incertum</span> <span class='ocrx_word' id='word_1_111' title='bbox 754 1548 788 1580; x_wconf 88' lang='lat' dir='ltr'>au</span> <span class='ocrx_word' id='word_1_112' title='bbox 809 1548 905 1583; x_wconf 81' lang='lat' dir='ltr'>cavens</span> <span class='ocrx_word' id='word_1_113' title='bbox 923 1529 986 1583; x_wconf 85' lang='lat' dir='ltr'>hinc</span> <span class='ocrx_word' id='word_1_114' title='bbox 999 1531 1180 1601; x_wconf 72' lang='lat' dir='ltr'>vulgaritatis,</span> <span class='ocrx_word' id='word_1_115' title='bbox 1199 1532 1270 1586; x_wconf 83' lang='lat' dir='ltr'>illino</span> <span class='ocrx_word' id='word_1_116' title='bbox 1285 1535 1439 1588; x_wconf 84' lang='lat' dir='ltr'>temeritatis</span> 
     </span>
     <span class='ocr_line' id='line_1_14' title="bbox 370 1612 1440 1688; baseline 0.002 -19"><span class='ocrx_word' id='word_1_117' title='bbox 370 1618 485 1682; x_wconf 78' lang='lat' dir='ltr'>crimen,</span> <span class='ocrx_word' id='word_1_118' title='bbox 500 1635 533 1669; x_wconf 91' lang='lat' dir='ltr'>an</span> <span class='ocrx_word' id='word_1_119' title='bbox 551 1613 621 1666; x_wconf 87' lang='lat' dir='ltr'>ultro</span> <span class='ocrx_word' id='word_1_120' title='bbox 633 1612 765 1684; x_wconf 81' lang='lat' dir='ltr'>duplicem</span> <span class='ocrx_word' id='word_1_121' title='bbox 779 1631 885 1665; x_wconf 84' lang='lat' dir='ltr'>sensum</span> <span class='ocrx_word' id='word_1_122' title='bbox 899 1615 1041 1668; x_wconf 81' lang='lat' dir='ltr'>verborum</span> <span class='ocrx_word' id='word_1_123' title='bbox 1057 1613 1230 1684; x_wconf 78' lang='lat' dir='ltr'>ambignitate</span> <span class='ocrx_word' id='word_1_124' title='bbox 1247 1629 1373 1688; x_wconf 86' lang='lat' dir='ltr'>captans:</span> <span class='ocrx_word' id='word_1_125' title='bbox 1387 1619 1440 1672; x_wconf 79' lang='lat' dir='ltr'>tria</span> 
     </span>
     <span class='ocr_line' id='line_1_15' title="bbox 373 1696 904 1768; baseline -0.009 -15"><span class='ocrx_word' id='word_1_126' title='bbox 373 1711 441 1766; x_wconf 69' lang='lat' dir='ltr'>inter</span> <span class='ocrx_word' id='word_1_127' title='bbox 450 1699 527 1761; x_wconf 83' lang='lat' dir='ltr'>vitia,</span> <span class='ocrx_word' id='word_1_128' title='bbox 538 1696 636 1751; x_wconf 76' lang='lat' dir='ltr'>nulline</span> <span class='ocrx_word' id='word_1_129' title='bbox 650 1709 736 1748; x_wconf 85' lang='lat' dir='ltr'>tamen</span> <span class='ocrx_word' id='word_1_130' title='bbox 745 1707 904 1768; x_wconf 86' lang='lat' dir='ltr'>compertus.</span> 
     </span>
    </p>
   </div>
   <div class='ocr_carea' id='block_1_6' title="bbox 367 1808 1437 2468">
    <p class='ocr_par' dir='ltr' id='par_1_6' title="bbox 367 1808 1437 2468">
     <span class='ocr_line' id='line_1_16' title="bbox 404 1808 1437 1881; baseline 0 -17"><span class='ocrx_word' id='word_1_131' title='bbox 404 1813 439 1864; x_wconf 88' lang='lat' dir='ltr'>V.</span> <span class='ocrx_word' id='word_1_132' title='bbox 449 1809 507 1863; x_wconf 71' lang='grc' dir='ltr'>ηὸ-</span> <span class='ocrx_word' id='word_1_133' title='bbox 518 1811 580 1859; x_wconf 83' lang='lat' dir='ltr'>Inde</span> <span class='ocrx_word' id='word_1_134' title='bbox 590 1826 682 1857; x_wconf 79' lang='lat' dir='ltr'>ranem</span> <span class='ocrx_word' id='word_1_135' title='bbox 691 1827 700 1856; x_wconf 86' lang='lat'>.·</span> <span class='ocrx_word' id='word_1_136' title='bbox 709 1809 822 1871; x_wconf 76' lang='lat' dir='ltr'>Scythica</span> <span class='ocrx_word' id='word_1_137' title='bbox 831 1809 913 1857; x_wconf 84' lang='lat' dir='ltr'>senior</span> <span class='ocrx_word' id='word_1_138' title='bbox 918 1808 974 1874; x_wconf 83' lang='lat' dir='ltr'>jam</span> <span class='ocrx_word' id='word_1_139' title='bbox 984 1809 1046 1858; x_wconf 83' lang='lat' dir='ltr'>Solis</span> <span class='ocrx_word' id='word_1_140' title='bbox 1055 1811 1086 1857; x_wconf 85' lang='lat' dir='ltr'>ab</span> <span class='ocrx_word' id='word_1_141' title='bbox 1093 1809 1297 1862; x_wconf 65' lang='lat' dir='ltr'>urta—Censeo</span> <span class='ocrx_word' id='word_1_142' title='bbox 1306 1823 1437 1881; x_wconf 83' lang='lat' dir='ltr'>punctum</span> 
     </span>
     <span class='ocr_line' id='line_1_17' title="bbox 370 1890 1437 1967; baseline -0.001 -18"><span class='ocrx_word' id='word_1_143' title='bbox 370 1913 425 1949; x_wconf 87' lang='lat' dir='ltr'>esse</span> <span class='ocrx_word' id='word_1_144' title='bbox 438 1890 591 1965; x_wconf 89' lang='lat' dir='ltr'>ponendum</span> <span class='ocrx_word' id='word_1_145' title='bbox 600 1901 660 1962; x_wconf 88' lang='lat' dir='ltr'>post</span> <span class='ocrx_word' id='word_1_146' title='bbox 673 1907 783 1950; x_wconf 81' lang='lat' dir='ltr'>canens,</span> <span class='ocrx_word' id='word_1_147' title='bbox 797 1902 877 1960; x_wconf 86' lang='lat' dir='ltr'>atque</span> <span class='ocrx_word' id='word_1_148' title='bbox 889 1893 946 1940; x_wconf 85' lang='lat' dir='ltr'>inde</span> <span class='ocrx_word' id='word_1_149' title='bbox 960 1910 1054 1941; x_wconf 82' lang='lat' dir='ltr'>canens</span> <span class='ocrx_word' id='word_1_150' title='bbox 1066 1890 1230 1962; x_wconf 82' lang='lat' dir='ltr'>jungendum</span> <span class='ocrx_word' id='word_1_151' title='bbox 1242 1912 1306 1946; x_wconf 84' lang='lat' dir='ltr'>cunr</span> <span class='ocrx_word' id='word_1_152' title='bbox 1320 1913 1352 1946; x_wconf 86' lang='lat' dir='ltr'>eo</span> <span class='ocrx_word' id='word_1_153' title='bbox 1364 1895 1437 1967; x_wconf 84' lang='lat' dir='ltr'>quod</span> 
     </span>
     <span class='ocr_line' id='line_1_18' title="bbox 367 1972 1436 2050; baseline -0.001 -19"><span class='ocrx_word' id='word_1_154' title='bbox 367 1973 500 2048; x_wconf 68' lang='lat' dir='ltr'>precedit.</span> <span class='ocrx_word' id='word_1_155' title='bbox 509 1972 576 2026; x_wconf 91' lang='lat' dir='ltr'>Inde</span> <span class='ocrx_word' id='word_1_156' title='bbox 589 1987 626 2024; x_wconf 79' lang='lat' dir='ltr'>est</span> <span class='ocrx_word' id='word_1_157' title='bbox 636 1989 686 2044; x_wconf 87' lang='lat' dir='ltr'>pro</span> <span class='ocrx_word' id='word_1_158' title='bbox 701 1974 733 2022; x_wconf 77' lang='lat' dir='ltr'>ab</span> <span class='ocrx_word' id='word_1_159' title='bbox 743 1975 788 2023; x_wconf 75' lang='lat' dir='ltr'>hoc</span> <span class='ocrx_word' id='word_1_160' title='bbox 801 1991 880 2024; x_wconf 74' lang='lat' dir='ltr'>renam</span> <span class='ocrx_word' id='word_1_161' title='bbox 891 1986 1011 2040; x_wconf 84' lang='lat' dir='ltr'>tempore,</span> <span class='ocrx_word' id='word_1_162' title='bbox 1031 1991 1125 2045; x_wconf 81' lang='lat' dir='ltr'>nempe</span> <span class='ocrx_word' id='word_1_163' title='bbox 1141 1993 1156 2028; x_wconf 93' lang='lat' dir='ltr'>a</span> <span class='ocrx_word' id='word_1_164' title='bbox 1174 1988 1259 2028; x_wconf 87' lang='lat' dir='ltr'>morte</span> <span class='ocrx_word' id='word_1_165' title='bbox 1280 1976 1391 2050; x_wconf 81' lang='lat' dir='ltr'>Phryxi.</span> <span class='ocrx_word' id='word_1_166' title='bbox 1403 2011 1436 2020; x_wconf 94' lang='lat'>—</span> 
     </span>
     <span class='ocr_line' id='line_1_19' title="bbox 368 2055 1435 2135; baseline 0.002 -22"><span class='ocrx_word' id='word_1_167' title='bbox 368 2063 430 2113; x_wconf 80' lang='lat' dir='ltr'>Solis</span> <span class='ocrx_word' id='word_1_168' title='bbox 439 2063 471 2111; x_wconf 79' lang='lat' dir='ltr'>ab</span> <span class='ocrx_word' id='word_1_169' title='bbox 486 2061 552 2110; x_wconf 81' lang='lat' dir='ltr'>urbe.</span> <span class='ocrx_word' id='word_1_170' title='bbox 565 2057 745 2118; x_wconf 87' lang='lat' dir='ltr'>Burmannus,</span> <span class='ocrx_word' id='word_1_171' title='bbox 756 2055 926 2127; x_wconf 77' lang='lat' dir='ltr'>Wagner-us,</span> <span class='ocrx_word' id='word_1_172' title='bbox 937 2056 1034 2127; x_wconf 87' lang='lat' dir='ltr'>aliique</span> <span class='ocrx_word' id='word_1_173' title='bbox 1044 2055 1140 2110; x_wconf 90' lang='lat' dir='ltr'>eruditi</span> <span class='ocrx_word' id='word_1_174' title='bbox 1147 2059 1197 2111; x_wconf 82' lang='lat' dir='ltr'>viri</span> <span class='ocrx_word' id='word_1_175' title='bbox 1205 2061 1300 2133; x_wconf 84' lang='lat' dir='ltr'>jubent</span> <span class='ocrx_word' id='word_1_176' title='bbox 1310 2062 1363 2135; x_wconf 76' lang='lat' dir='ltr'>legi</span> <span class='ocrx_word' id='word_1_177' title='bbox 1376 2068 1435 2114; x_wconf 77' lang='lat' dir='ltr'>Sou&#39;s</span> 
     </span>
     <span class='ocr_line' id='line_1_20' title="bbox 370 2137 1436 2217; baseline 0.002 -21"><span class='ocrx_word' id='word_1_178' title='bbox 370 2149 395 2196; x_wconf 84' lang='lat' dir='ltr'>in</span> <span class='ocrx_word' id='word_1_179' title='bbox 412 2147 484 2203; x_wconf 68' lang='lat' dir='ltr'>ame,</span> <span class='ocrx_word' id='word_1_180' title='bbox 501 2153 527 2195; x_wconf 86' lang='lat' dir='ltr'>et</span> <span class='ocrx_word' id='word_1_181' title='bbox 543 2141 690 2195; x_wconf 78' lang='lat' dir='ltr'>eishabent</span> <span class='ocrx_word' id='word_1_182' title='bbox 703 2137 806 2192; x_wconf 87' lang='lat' dir='ltr'>codices</span> <span class='ocrx_word' id='word_1_183' title='bbox 818 2151 843 2194; x_wconf 86' lang='lat' dir='ltr'>et</span> <span class='ocrx_word' id='word_1_184' title='bbox 856 2150 915 2192; x_wconf 86' lang='lat' dir='ltr'>ante</span> <span class='ocrx_word' id='word_1_185' title='bbox 926 2139 1078 2193; x_wconf 75' lang='lat' dir='ltr'>Carmonem</span> <span class='ocrx_word' id='word_1_186' title='bbox 1091 2141 1235 2196; x_wconf 84' lang='lat' dir='ltr'>editiones:</span> <span class='ocrx_word' id='word_1_187' title='bbox 1249 2164 1332 2217; x_wconf 86' lang='lat' dir='ltr'>qnam</span> <span class='ocrx_word' id='word_1_188' title='bbox 1344 2145 1436 2198; x_wconf 83' lang='lat' dir='ltr'>lectio·</span> 
     </span>
     <span class='ocr_line' id='line_1_21' title="bbox 369 2223 1435 2300; baseline 0.003 -20"><span class='ocrx_word' id='word_1_189' title='bbox 369 2247 448 2291; x_wconf 87' lang='lat' dir='ltr'>nem,</span> <span class='ocrx_word' id='word_1_190' title='bbox 467 2228 487 2279; x_wconf 89' lang='lat' dir='ltr'>si</span> <span class='ocrx_word' id='word_1_191' title='bbox 509 2241 576 2299; x_wconf 86' lang='lat' dir='ltr'>opus</span> <span class='ocrx_word' id='word_1_192' title='bbox 596 2236 662 2276; x_wconf 84' lang='lat' dir='ltr'>esset</span> <span class='ocrx_word' id='word_1_193' title='bbox 680 2223 847 2286; x_wconf 84' lang='lat' dir='ltr'>confirmari,</span> <span class='ocrx_word' id='word_1_194' title='bbox 865 2223 1116 2295; x_wconf 83' lang='lat' dir='ltr'>plane&#39;compmbat</span> <span class='ocrx_word' id='word_1_195' title='bbox 1134 2225 1179 2279; x_wconf 90' lang='lat' dir='ltr'>ille</span> <span class='ocrx_word' id='word_1_196' title='bbox 1196 2228 1269 2282; x_wconf 83' lang='lat' dir='ltr'>lucus</span> <span class='ocrx_word' id='word_1_197' title='bbox 1286 2228 1435 2300; x_wconf 82' lang='lat' dir='ltr'>Apollonii,</span> 
     </span>
     <span class='ocr_line' id='line_1_22' title="bbox 369 2305 1435 2384; baseline 0 -19"><span class='ocrx_word' id='word_1_198' title='bbox 369 2312 511 2382; x_wconf 73' lang='lat' dir='ltr'>Wagnero</span> <span class='ocrx_word' id='word_1_199' title='bbox 533 2306 668 2370; x_wconf 86' lang='lat' dir='ltr'>laudatus,</span> <span class='ocrx_word' id='word_1_200' title='bbox 691 2325 771 2376; x_wconf 85' lang='lat' dir='ltr'>quem</span> <span class='ocrx_word' id='word_1_201' title='bbox 793 2305 898 2359; x_wconf 80' lang='lat' dir='ltr'>ridetur</span> <span class='ocrx_word' id='word_1_202' title='bbox 922 2311 1078 2378; x_wconf 72' lang='lat' dir='ltr'>expressisse</span> <span class='ocrx_word' id='word_1_203' title='bbox 1096 2309 1225 2362; x_wconf 86' lang='lat' dir='ltr'>Valerius.</span> <span class='ocrx_word' id='word_1_204' title='bbox 1244 2310 1316 2364; x_wconf 87' lang='lat' dir='ltr'>Vide</span> <span class='ocrx_word' id='word_1_205' title='bbox 1336 2332 1435 2384; x_wconf 83' lang='lat' dir='ltr'>supra,</span> 
     </span>
     <span class='ocr_line' id='line_1_23' title="bbox 370 2390 622 2468; baseline -0.024 -20"><span class='ocrx_word' id='word_1_206' title='bbox 370 2415 397 2468; x_wconf 90' lang='lat' dir='ltr'>p.</span> <span class='ocrx_word' id='word_1_207' title='bbox 412 2395 479 2456; x_wconf 73' lang='lat'>345,</span> <span class='ocrx_word' id='word_1_208' title='bbox 493 2404 549 2445; x_wconf 88' lang='lat' dir='ltr'>not.</span> <span class='ocrx_word' id='word_1_209' title='bbox 563 2390 622 2444; x_wconf 77' lang='lat'>225.</span> 
     </span>
    </p>
   </div>
   <div class='ocr_carea' id='block_1_7' title="bbox 405 2502 1435 2576">
    <p class='ocr_par' dir='ltr' id='par_1_7' title="bbox 405 2502 1435 2576">
     <span class='ocr_line' id='line_1_24' title="bbox 405 2502 1435 2576; baseline 0.005 -17"><span class='ocrx_word' id='word_1_210' title='bbox 405 2507 440 2559; x_wconf 90' lang='lat' dir='ltr'>V.</span> <span class='ocrx_word' id='word_1_211' title='bbox 456 2506 516 2558; x_wconf 77' lang='lat'>230.</span> <span class='ocrx_word' id='word_1_212' title='bbox 527 2509 708 2556; x_wconf 76' lang='lat' dir='ltr'>Monumentum</span> <span class='ocrx_word' id='word_1_213' title='bbox 721 2505 817 2569; x_wconf 72' lang='lat' dir='ltr'>insigne</span> <span class='ocrx_word' id='word_1_214' title='bbox 825 2504 921 2569; x_wconf 75' lang='lat' dir='ltr'>pericli.</span> <span class='ocrx_word' id='word_1_215' title='bbox 930 2532 964 2542; x_wconf 93' lang='lat'>-</span> <span class='ocrx_word' id='word_1_216' title='bbox 977 2502 1039 2556; x_wconf 70' lang='lat' dir='ltr'>Huc</span> <span class='ocrx_word' id='word_1_217' title='bbox 1053 2515 1109 2556; x_wconf 88' lang='lat' dir='ltr'>erat</span> <span class='ocrx_word' id='word_1_218' title='bbox 1121 2503 1194 2576; x_wconf 90' lang='lat' dir='ltr'>apud</span> <span class='ocrx_word' id='word_1_219' title='bbox 1202 2511 1312 2561; x_wconf 84' lang='lat' dir='ltr'>Veteres</span> <span class='ocrx_word' id='word_1_220' title='bbox 1326 2528 1435 2564; x_wconf 87' lang='lat' dir='ltr'>oonsne-</span> 
     </span>
    </p>
   </div>
   <div class='ocr_carea' id='block_1_8' title="bbox 371 2583 1434 2665">
    <p class='ocr_par' dir='ltr' id='par_1_8' title="bbox 371 2583 1434 2665">
     <span class='ocr_line' id='line_1_25' title="bbox 371 2583 1434 2665; baseline 0.004 -22"><span class='ocrx_word' id='word_1_221' title='bbox 371 2589 453 2652; x_wconf 87' lang='lat' dir='ltr'>tudo,</span> <span class='ocrx_word' id='word_1_222' title='bbox 468 2601 497 2642; x_wconf 88' lang='lat' dir='ltr'>ut</span> <span class='ocrx_word' id='word_1_223' title='bbox 513 2588 532 2640; x_wconf 90' lang='lat' dir='ltr'>ii</span> <span class='ocrx_word' id='word_1_224' title='bbox 547 2587 595 2658; x_wconf 90' lang='lat' dir='ltr'>qui</span> <span class='ocrx_word' id='word_1_225' title='bbox 608 2583 713 2652; x_wconf 77' lang='lat' dir='ltr'>aliquod</span> <span class='ocrx_word' id='word_1_226' title='bbox 727 2584 873 2656; x_wconf 86' lang='lat' dir='ltr'>periculum</span> <span class='ocrx_word' id='word_1_227' title='bbox 889 2586 1048 2654; x_wconf 79' lang='lat' dir='ltr'>evasissent,</span> <span class='ocrx_word' id='word_1_228' title='bbox 1067 2587 1196 2659; x_wconf 83' lang='lat' dir='ltr'>quasdam</span> <span class='ocrx_word' id='word_1_229' title='bbox 1215 2609 1258 2644; x_wconf 85' lang='lat' dir='ltr'>res</span> <span class='ocrx_word' id='word_1_230' title='bbox 1274 2591 1310 2644; x_wconf 87' lang='lat' dir='ltr'>ad</span> <span class='ocrx_word' id='word_1_231' title='bbox 1328 2595 1434 2665; x_wconf 76' lang='lat' dir='ltr'>periculi</span> 
     </span>
    </p>
   </div>
   <div class='ocr_carea' id='block_1_9' title="bbox 371 2668 1437 2828">
    <p class='ocr_par' dir='ltr' id='par_1_9' title="bbox 371 2668 1437 2828">
     <span class='ocr_line' id='line_1_26' title="bbox 371 2668 1437 2745; baseline 0.006 -19"><span class='ocrx_word' id='word_1_232' title='bbox 371 2673 525 2726; x_wconf 81' lang='lat' dir='ltr'>memoriam</span> <span class='ocrx_word' id='word_1_233' title='bbox 535 2669 694 2742; x_wconf 71' lang='lat' dir='ltr'>pertinentes</span> <span class='ocrx_word' id='word_1_234' title='bbox 705 2668 756 2722; x_wconf 87' lang='lat' dir='ltr'>diis</span> <span class='ocrx_word' id='word_1_235' title='bbox 768 2680 919 2733; x_wconf 75' lang='lat' dir='ltr'>sacrarent,</span> <span class='ocrx_word' id='word_1_236' title='bbox 930 2689 970 2723; x_wconf 87' lang='lat' dir='ltr'>ex.</span> <span class='ocrx_word' id='word_1_237' title='bbox 981 2691 1019 2742; x_wconf 76' lang='lat' dir='ltr'>gr.</span> <span class='ocrx_word' id='word_1_238' title='bbox 1034 2683 1117 2726; x_wconf 84' lang='lat' dir='ltr'>vestes</span> <span class='ocrx_word' id='word_1_239' title='bbox 1126 2673 1222 2745; x_wconf 84' lang='lat' dir='ltr'>quibus</span> <span class='ocrx_word' id='word_1_240' title='bbox 1230 2675 1322 2731; x_wconf 89' lang='lat' dir='ltr'>induti</span> <span class='ocrx_word' id='word_1_241' title='bbox 1331 2679 1437 2732; x_wconf 83' lang='lat' dir='ltr'>nanlra·</span> 
     </span>
     <span class='ocr_line' id='line_1_27' title="bbox 371 2751 1005 2828; baseline -0.002 -19"><span class='ocrx_word' id='word_1_242' title='bbox 371 2758 444 2828; x_wconf 72' lang='lat' dir='ltr'>giam</span> <span class='ocrx_word' id='word_1_243' title='bbox 457 2755 577 2810; x_wconf 72' lang='lat' dir='ltr'>Iecusent</span> <span class='ocrx_word' id='word_1_244' title='bbox 589 2772 596 2817; x_wconf 86' lang='lat'><strong>;</strong></span> <span class='ocrx_word' id='word_1_245' title='bbox 606 2751 644 2807; x_wconf 87' lang='lat' dir='ltr'>aio</span> <span class='ocrx_word' id='word_1_246' title='bbox 651 2752 774 2805; x_wconf 87' lang='lat' dir='ltr'>Horatius</span> <span class='ocrx_word' id='word_1_247' title='bbox 784 2793 791 2818; x_wconf 90' lang='lat'>,</span> <span class='ocrx_word' id='word_1_248' title='bbox 801 2752 855 2806; x_wconf 94' lang='lat' dir='ltr'>Od.</span> <span class='ocrx_word' id='word_1_249' title='bbox 867 2753 897 2819; x_wconf 86' lang='lat'>1,</span> <span class='ocrx_word' id='word_1_250' title='bbox 912 2759 945 2820; x_wconf 85' lang='lat'>5,</span> <span class='ocrx_word' id='word_1_251' title='bbox 958 2757 1005 2810; x_wconf 80' lang='lat'>13:</span> 
     </span>
    </p>
   </div>
   <div class='ocr_carea' id='block_1_10' title="bbox 618 2866 990 3138">
    <p class='ocr_par' dir='ltr' id='par_1_10' title="bbox 618 2866 990 3138">
     <span class='ocr_line' id='line_1_28' title="bbox 621 2866 990 2914; baseline 0.008 -3"><span class='ocrx_word' id='word_1_252' title='bbox 621 2899 781 2912; x_wconf 91' lang='grc'>...........</span> <span class='ocrx_word' id='word_1_253' title='bbox 787 2866 914 2913; x_wconf 77' lang='lat' dir='ltr'>natabula</span> <span class='ocrx_word' id='word_1_254' title='bbox 926 2883 990 2914; x_wconf 82' lang='lat' dir='ltr'>aseer</span> 
     </span>
     <span class='ocr_line' id='line_1_29' title="bbox 618 2942 965 3004; baseline 0.006 -17"><span class='ocrx_word' id='word_1_255' title='bbox 618 2942 701 2989; x_wconf 83' lang='lat' dir='ltr'>Votira</span> <span class='ocrx_word' id='word_1_256' title='bbox 711 2942 786 3004; x_wconf 84' lang='lat' dir='ltr'>paries</span> <span class='ocrx_word' id='word_1_257' title='bbox 797 2942 885 2988; x_wconf 77' lang='lat' dir='ltr'>indicat</span> <span class='ocrx_word' id='word_1_258' title='bbox 896 2943 965 2990; x_wconf 80' lang='lat' dir='ltr'>uvida</span> 
     </span>
     <span class='ocr_line' id='line_1_30' title="bbox 690 3015 942 3078; baseline 0 -16"><span class='ocrx_word' id='word_1_259' title='bbox 690 3015 842 3078; x_wconf 82' lang='lat' dir='ltr'>Suspendisae</span> <span class='ocrx_word' id='word_1_260' title='bbox 851 3018 942 3078; x_wconf 91' lang='lat' dir='ltr'>potenti</span> 
     </span>
     <span class='ocr_line' id='line_1_31' title="bbox 661 3091 945 3138; baseline -0.004 -1"><span class='ocrx_word' id='word_1_261' title='bbox 661 3091 804 3138; x_wconf 83' lang='lat' dir='ltr'>Vestimenta</span> <span class='ocrx_word' id='word_1_262' title='bbox 815 3091 884 3136; x_wconf 85' lang='lat' dir='ltr'>maris</span> <span class='ocrx_word' id='word_1_263' title='bbox 893 3091 945 3138; x_wconf 87' lang='lat' dir='ltr'>deo.</span> 
     </span>
    </p>
   </div>
   <div class='ocr_carea' id='block_1_11' title="bbox 372 3189 1436 3346">
    <p class='ocr_par' dir='ltr' id='par_1_11' title="bbox 372 3189 1436 3346">
     <span class='ocr_line' id='line_1_32' title="bbox 372 3189 1436 3268; baseline -0.002 -18"><span class='ocrx_word' id='word_1_264' title='bbox 372 3199 487 3250; x_wconf 77' lang='lat' dir='ltr'>Aureum</span> <span class='ocrx_word' id='word_1_265' title='bbox 498 3193 581 3248; x_wconf 84' lang='lat' dir='ltr'>vellus</span> <span class='ocrx_word' id='word_1_266' title='bbox 590 3189 722 3263; x_wconf 86' lang='lat' dir='ltr'>pendebat</span> <span class='ocrx_word' id='word_1_267' title='bbox 736 3210 875 3263; x_wconf 85' lang='lat' dir='ltr'>equercu:</span> <span class='ocrx_word' id='word_1_268' title='bbox 889 3193 982 3246; x_wconf 90' lang='lat' dir='ltr'>arbore</span> <span class='ocrx_word' id='word_1_269' title='bbox 994 3211 1100 3264; x_wconf 86' lang='lat' dir='ltr'>quoque</span> <span class='ocrx_word' id='word_1_270' title='bbox 1115 3212 1311 3266; x_wconf 85' lang='lat' dir='ltr'>nonnunquam</span> <span class='ocrx_word' id='word_1_271' title='bbox 1327 3216 1436 3268; x_wconf 85' lang='lat' dir='ltr'>suspen-</span> 
     </span>
     <span class='ocr_line' id='line_1_33' title="bbox 372 3275 952 3346; baseline -0.01 -12"><span class='ocrx_word' id='word_1_272' title='bbox 372 3281 502 3334; x_wconf 81' lang='lat' dir='ltr'>debantur</span> <span class='ocrx_word' id='word_1_273' title='bbox 511 3288 610 3339; x_wconf 78' lang='lat' dir='ltr'>restes3</span> <span class='ocrx_word' id='word_1_274' title='bbox 624 3275 720 3346; x_wconf 78' lang='lat' dir='ltr'>Virgit.</span> <span class='ocrx_word' id='word_1_275' title='bbox 731 3277 793 3328; x_wconf 81' lang='lat' dir='ltr'>AEn.</span> <span class='ocrx_word' id='word_1_276' title='bbox 805 3276 874 3337; x_wconf 82' lang='grc' dir='ltr'>ΧΗ,</span> <span class='ocrx_word' id='word_1_277' title='bbox 885 3279 952 3346; x_wconf 86' lang='lat'><strong>766:</strong></span> 
     </span>
    </p>
   </div>
   <div class='ocr_carea' id='block_1_12' title="bbox 540 3389 1110 3675">
    <p class='ocr_par' dir='ltr' id='par_1_12' title="bbox 540 3389 1048 3438">
     <span class='ocr_line' id='line_1_34' title="bbox 540 3389 1048 3438; baseline -0.004 0"><span class='ocrx_word' id='word_1_278' title='bbox 540 3394 609 3438; x_wconf 83' lang='lat' dir='ltr'>Forte</span> <span class='ocrx_word' id='word_1_279' title='bbox 620 3405 684 3436; x_wconf 83' lang='lat' dir='ltr'>sacer</span> <span class='ocrx_word' id='word_1_280' title='bbox 692 3391 771 3436; x_wconf 77' lang='lat' dir='ltr'>Fauna</span> <span class='ocrx_word' id='word_1_281' title='bbox 782 3389 845 3436; x_wconf 77' lang='lat' dir='ltr'>loliis</span> <span class='ocrx_word' id='word_1_282' title='bbox 856 3390 956 3436; x_wconf 83' lang='lat' dir='ltr'>oleaster</span> <span class='ocrx_word' id='word_1_283' title='bbox 965 3389 1048 3436; x_wconf 79' lang='lat' dir='ltr'>amaris</span> 
     </span>
    </p>

    <p class='ocr_par' dir='ltr' id='par_1_13' title="bbox 540 3463 1110 3675">
     <span class='ocr_line' id='line_1_35' title="bbox 540 3463 1110 3526; baseline -0.004 -14"><span class='ocrx_word' id='word_1_284' title='bbox 540 3466 584 3512; x_wconf 84' lang='lat' dir='ltr'>IIic</span> <span class='ocrx_word' id='word_1_285' title='bbox 594 3474 698 3518; x_wconf 82' lang='lat' dir='ltr'>steterat,</span> <span class='ocrx_word' id='word_1_286' title='bbox 707 3463 783 3510; x_wconf 85' lang='lat' dir='ltr'>nautis</span> <span class='ocrx_word' id='word_1_287' title='bbox 794 3463 850 3510; x_wconf 83' lang='lat' dir='ltr'>olim</span> <span class='ocrx_word' id='word_1_288' title='bbox 862 3463 994 3511; x_wconf 82' lang='lat' dir='ltr'>venerabile</span> <span class='ocrx_word' id='word_1_289' title='bbox 1005 3464 1110 3526; x_wconf 70' lang='lat' dir='ltr'>lignum</span> 
     </span>
     <span class='ocr_line' id='line_1_36' title="bbox 541 3539 1068 3601; baseline -0.004 -15"><span class='ocrx_word' id='word_1_290' title='bbox 541 3540 629 3586; x_wconf 83' lang='lat' dir='ltr'>Servati</span> <span class='ocrx_word' id='word_1_291' title='bbox 637 3555 666 3586; x_wconf 86' lang='lat' dir='ltr'>ex</span> <span class='ocrx_word' id='word_1_292' title='bbox 676 3539 743 3585; x_wconf 85' lang='lat' dir='ltr'>undis</span> <span class='ocrx_word' id='word_1_293' title='bbox 754 3539 794 3585; x_wconf 89' lang='lat' dir='ltr'>ubi</span> <span class='ocrx_word' id='word_1_294' title='bbox 805 3540 876 3601; x_wconf 81' lang='lat' dir='ltr'>figere</span> <span class='ocrx_word' id='word_1_295' title='bbox 889 3539 950 3586; x_wconf 90' lang='lat' dir='ltr'>dona</span> <span class='ocrx_word' id='word_1_296' title='bbox 962 3540 1068 3586; x_wconf 84' lang='lat' dir='ltr'>solebant</span> 
     </span>
     <span class='ocr_line' id='line_1_37' title="bbox 540 3613 1080 3675; baseline -0.007 -14"><span class='ocrx_word' id='word_1_297' title='bbox 540 3615 649 3661; x_wconf 74' lang='lat' dir='ltr'>laurenti</span> <span class='ocrx_word' id='word_1_298' title='bbox 660 3613 727 3668; x_wconf 80' lang='lat' dir='ltr'>divo,</span> <span class='ocrx_word' id='word_1_299' title='bbox 741 3623 764 3659; x_wconf 90' lang='lat' dir='ltr'>et</span> <span class='ocrx_word' id='word_1_300' title='bbox 773 3623 837 3660; x_wconf 81' lang='lat' dir='ltr'>rotas</span> <span class='ocrx_word' id='word_1_301' title='bbox 849 3613 990 3675; x_wconf 84' lang='lat' dir='ltr'>suspendere</span> <span class='ocrx_word' id='word_1_302' title='bbox 1000 3623 1080 3660; x_wconf 82' lang='lat' dir='ltr'>vestes.</span> 
     </span>
    </p>
   </div>
   <div class='ocr_carea' id='block_1_13' title="bbox 371 3726 1435 3881">
    <p class='ocr_par' dir='ltr' id='par_1_14' title="bbox 371 3726 1435 3881">
     <span class='ocr_line' id='line_1_38' title="bbox 407 3726 1435 3800; baseline 0.003 -23"><span class='ocrx_word' id='word_1_303' title='bbox 407 3729 441 3778; x_wconf 87' lang='lat' dir='ltr'>V.</span> <span class='ocrx_word' id='word_1_304' title='bbox 457 3726 515 3779; x_wconf 77' lang='lat'>238.</span> <span class='ocrx_word' id='word_1_305' title='bbox 530 3731 608 3793; x_wconf 73' lang='lat' dir='ltr'>Rupta</span> <span class='ocrx_word' id='word_1_306' title='bbox 620 3738 733 3792; x_wconf 79' lang='lat' dir='ltr'>soporato</span> <span class='ocrx_word' id='word_1_307' title='bbox 744 3726 841 3792; x_wconf 72' lang='lat' dir='ltr'>[sierint</span> <span class='ocrx_word' id='word_1_308' title='bbox 852 3743 925 3791; x_wconf 87' lang='lat' dir='ltr'>quum</span> <span class='ocrx_word' id='word_1_309' title='bbox 937 3729 1032 3776; x_wconf 83' lang='lat' dir='ltr'>uellera</span> <span class='ocrx_word' id='word_1_310' title='bbox 1046 3728 1107 3774; x_wconf 83' lang='lat' dir='ltr'>luco.</span> <span class='ocrx_word' id='word_1_311' title='bbox 1119 3753 1154 3764; x_wconf 89' lang='lat'>-</span> <span class='ocrx_word' id='word_1_312' title='bbox 1165 3727 1285 3792; x_wconf 80' lang='lat' dir='ltr'>Sopomto</span> <span class='ocrx_word' id='word_1_313' title='bbox 1301 3731 1371 3786; x_wconf 77' lang='lat' dir='ltr'>Isaeo,</span> <span class='ocrx_word' id='word_1_314' title='bbox 1385 3747 1435 3800; x_wconf 83' lang='lat' dir='ltr'>pru</span> 
     </span>
     <span class='ocr_line' id='line_1_39' title="bbox 371 3805 1105 3881; baseline -0.008 -17"><span class='ocrx_word' id='word_1_315' title='bbox 371 3825 482 3881; x_wconf 82' lang='lat' dir='ltr'>soporato</span> <span class='ocrx_word' id='word_1_316' title='bbox 495 3813 604 3860; x_wconf 83' lang='lat' dir='ltr'>dracone</span> <span class='ocrx_word' id='word_1_317' title='bbox 611 3809 661 3860; x_wconf 83' lang='lat' dir='ltr'>luci</span> <span class='ocrx_word' id='word_1_318' title='bbox 667 3811 779 3867; x_wconf 84' lang='lat' dir='ltr'>custode,</span> <span class='ocrx_word' id='word_1_319' title='bbox 788 3806 880 3860; x_wconf 90' lang='lat' dir='ltr'>durior</span> <span class='ocrx_word' id='word_1_320' title='bbox 889 3807 984 3878; x_wconf 86' lang='lat' dir='ltr'>ellipsis</span> <span class='ocrx_word' id='word_1_321' title='bbox 994 3805 1105 3859; x_wconf 86' lang='lat' dir='ltr'>videtur.</span> 
     </span>
    </p>
   </div>
   <div class='ocr_carea' id='block_1_14' title="bbox 405 3920 1436 3998">
    <p class='ocr_par' dir='ltr' id='par_1_15' title="bbox 405 3920 1436 3998">
     <span class='ocr_line' id='line_1_40' title="bbox 405 3920 1436 3998; baseline 0 -20"><span class='ocrx_word' id='word_1_322' title='bbox 405 3928 438 3978; x_wconf 91' lang='lat' dir='ltr'>V.</span> <span class='ocrx_word' id='word_1_323' title='bbox 451 3931 510 3988; x_wconf 67' lang='lat' dir='ltr'>ado.</span> <span class='ocrx_word' id='word_1_324' title='bbox 520 3929 575 3976; x_wconf 75' lang='lat' dir='ltr'>Fen</span> <span class='ocrx_word' id='word_1_325' title='bbox 582 3938 662 3974; x_wconf 82' lang='lat' dir='ltr'>castos</span> <span class='ocrx_word' id='word_1_326' title='bbox 671 3927 761 3974; x_wconf 78' lang='lat' dir='ltr'>Medea</span> <span class='ocrx_word' id='word_1_327' title='bbox 771 3926 865 3974; x_wconf 72' lang='lat' dir='ltr'>riorus.</span> <span class='ocrx_word' id='word_1_328' title='bbox 875 3952 910 3963; x_wconf 89' lang='lat'><em>—</em></span> <span class='ocrx_word' id='word_1_329' title='bbox 920 3921 994 3976; x_wconf 84' lang='lat' dir='ltr'>Hanc</span> <span class='ocrx_word' id='word_1_330' title='bbox 1002 3920 1161 3974; x_wconf 83' lang='lat' dir='ltr'>locutionem</span> <span class='ocrx_word' id='word_1_331' title='bbox 1168 3958 1176 3984; x_wconf 90' lang='lat'>,</span> <span class='ocrx_word' id='word_1_332' title='bbox 1181 3923 1253 3990; x_wconf 79' lang='lat' dir='ltr'>sem</span> <span class='ocrx_word' id='word_1_333' title='bbox 1260 3927 1364 3986; x_wconf 71' lang='lat' dir='ltr'>choros,</span> <span class='ocrx_word' id='word_1_334' title='bbox 1377 3943 1436 3998; x_wconf 68' lang='lat' dir='ltr'>que</span> 
     </span>
    </p>
   </div>
   <div class='ocr_carea' id='block_1_15' title="bbox 369 4003 1434 4150">
    <p class='ocr_par' dir='ltr' id='par_1_16' title="bbox 369 4003 1434 4150">
     <span class='ocr_line' id='line_1_41' title="bbox 369 4003 1434 4083; baseline -0.004 -17"><span class='ocrx_word' id='word_1_335' title='bbox 369 4009 441 4083; x_wconf 88' lang='lat' dir='ltr'>apud</span> <span class='ocrx_word' id='word_1_336' title='bbox 457 4019 561 4061; x_wconf 74' lang='lat' dir='ltr'>ceteros</span> <span class='ocrx_word' id='word_1_337' title='bbox 576 4017 693 4060; x_wconf 84' lang='lat' dir='ltr'>auctores</span> <span class='ocrx_word' id='word_1_338' title='bbox 713 4025 844 4078; x_wconf 86' lang='lat' dir='ltr'>nusquam</span> <span class='ocrx_word' id='word_1_339' title='bbox 860 4005 993 4068; x_wconf 89' lang='lat' dir='ltr'>occurrit,</span> <span class='ocrx_word' id='word_1_340' title='bbox 1006 4003 1077 4076; x_wconf 89' lang='lat' dir='ltr'>apud</span> <span class='ocrx_word' id='word_1_341' title='bbox 1088 4006 1223 4059; x_wconf 86' lang='lat' dir='ltr'>Valerium</span> <span class='ocrx_word' id='word_1_342' title='bbox 1235 4010 1288 4080; x_wconf 83' lang='lat' dir='ltr'>jam</span> <span class='ocrx_word' id='word_1_343' title='bbox 1300 4008 1434 4072; x_wconf 81' lang='lat' dir='ltr'>vidimus,</span> 
     </span>
     <span class='ocr_line' id='line_1_42' title="bbox 369 4094 490 4150; baseline -0.033 -5"><span class='ocrx_word' id='word_1_344' title='bbox 369 4095 395 4145; x_wconf 95' lang='lat' dir='ltr'>II</span> <span class='ocrx_word' id='word_1_345' title='bbox 404 4132 411 4150; x_wconf 86' lang='lat'>.</span> <span class='ocrx_word' id='word_1_346' title='bbox 424 4094 473 4146; x_wconf 76' lang='lat' dir='ltr'>ndu</span> <span class='ocrx_word' id='word_1_347' title='bbox 482 4107 490 4141; x_wconf 72' lang='grc' dir='ltr'><strong><em>ε</em></strong></span> 
     </span>
    </p>
   </div>
   <div class='ocr_carea' id='block_1_16' title="bbox 533 4159 1161 4280">
    <p class='ocr_par' dir='ltr' id='par_1_17' title="bbox 533 4159 1161 4280">
     <span class='ocr_line' id='line_1_43' title="bbox 535 4159 1161 4222; baseline 0.003 -18"><span class='ocrx_word' id='word_1_348' title='bbox 535 4161 589 4204; x_wconf 81' lang='lat' dir='ltr'>Iton</span> <span class='ocrx_word' id='word_1_349' title='bbox 599 4159 682 4207; x_wconf 84' lang='lat' dir='ltr'>similes</span> <span class='ocrx_word' id='word_1_350' title='bbox 689 4163 738 4222; x_wconf 82' lang='lat' dir='ltr'>jam</span> <span class='ocrx_word' id='word_1_351' title='bbox 742 4162 810 4220; x_wconf 83' lang='lat' dir='ltr'>serre</span> <span class='ocrx_word' id='word_1_352' title='bbox 818 4160 909 4210; x_wconf 74' lang='lat' dir='ltr'>choros(</span> <span class='ocrx_word' id='word_1_353' title='bbox 914 4161 984 4208; x_wconf 85' lang='lat' dir='ltr'>semel</span> <span class='ocrx_word' id='word_1_354' title='bbox 993 4159 1058 4222; x_wconf 70' lang='lat' dir='ltr'>orgia</span> <span class='ocrx_word' id='word_1_355' title='bbox 1067 4159 1161 4218; x_wconf 75' lang='lat' dir='ltr'>saliunt)</span> 
     </span>
     <span class='ocr_line' id='line_1_44' title="bbox 533 4233 617 4280; baseline 0 -2"><span class='ocrx_word' id='word_1_356' title='bbox 533 4233 617 4280; x_wconf 76' lang='lat' dir='ltr'>Audet.</span> 
     </span>
    </p>
   </div>
   <div class='ocr_carea' id='block_1_17' title="bbox 0 0 1562 5102">
    <p class='ocr_par' dir='ltr' id='par_1_18' title="bbox 0 0 1562 5102">
     <span class='ocr_line' id='line_1_45' title="bbox 0 0 1562 5102; baseline 0 0"><span class='ocrx_word' id='word_1_357' title='bbox 0 0 1562 5102; x_wconf 95' lang='lat' dir='ltr'> </span> 
     </span>
    </p>
   </div>
  </div>
 </body>
</html>
