3122 5126
377 537 484 583 xxxvi
601 516 862 589 PRAEFATIO·
883 521 952 588 JO.
978 522 1114 590 BAPT.
1141 523 1211 592 PII

376 645 632 729 nominavimus,
646 649 770 736 primus
780 650 883 715 Musis
895 651 985 714 sinus
1001 651 1160 742 benignos
1176 653 1320 740 aperuit,
1334 655 1442 717 nerni-

377 771 520 838 nemque
535 753 570 816 in
591 759 797 843 quacumque
813 755 980 846 disciplina
999 757 1175 834 celebrem,
1188 758 1440 838 inhonoratum,

377 853 591 940 indonatum,
604 860 843 949 ingloriumque
857 859 990 926 dimisit.
1002 863 1071 926 Nec
1085 862 1216 926 erubuit
1230 864 1360 927 caelestis
1372 864 1442 927 ani·
1486 903 1492 912 ·

376 982 450 1025 mus
475 985 567 1046 eum,
588 987 606 1028 a
629 987 695 1054 quo
716 989 799 1056 saepe
821 969 986 1032 lacessitus
1009 967 1132 1050 fuerat,
1159 983 1193 1032 et
1212 991 1269 1033 ore
1286 969 1441 1057 improbo

375 1069 588 1152 praestrictus,
605 1087 767 1136 oratorem
795 1096 861 1137 non
883 1073 1020 1138 omnino
1043 1074 1183 1156 malurn,
1207 1075 1348 1138 Caesarea
1374 1075 1442 1140 cle·

375 1175 496 1238 mentia
518 1174 677 1260 delenire,
695 1179 882 1262 sublevare,
906 1180 941 1243 in
965 1202 1078 1245 sensus
1099 1179 1198 1243 animi
1222 1180 1440 1268 penitissimos

375 1281 564 1365 admittere,
584 1285 687 1349 sciens
703 1309 817 1350 verurn
834 1286 971 1352 deorum
988 1289 1162 1372 cultorem,
1176 1287 1271 1352 etiam
1290 1287 1441 1352 sacerdo·
1504 1303 1511 1310 '

376 1404 443 1452 tem
454 1389 611 1475 venerari.
622 1389 815 1454 Laurentius
829 1413 962 1479 quoque
974 1392 1133 1476 Medices,
1144 1408 1278 1481 patruus
1289 1408 1365 1456 tuus
1373 1441 1382 1475 ,
1391 1393 1441 1459 fe·

375 1494 532 1558 licissimae
547 1495 598 1560 vir
613 1497 796 1578 memoriae,
814 1498 867 1562 cui
882 1499 984 1564 Musae
1003 1498 1179 1586 concordes
1201 1500 1342 1564 lauream
1360 1499 1437 1562 Par-

376 1601 498 1664 nasiam
520 1617 779 1685 contexucnmt,
802 1603 882 1692 quid
903 1628 971 1668 non
990 1606 1142 1687 tentarit,
1163 1604 1242 1693 quid
1260 1628 1327 1668 non
1344 1604 1438 1684 fecit,

376 1705 457 1793 quid
475 1729 543 1770 non
568 1707 723 1795 perfecit,
748 1723 785 1772 ut
807 1724 915 1792 vates,
943 1733 1055 1775 curam
1073 1711 1232 1798 priorem,
1247 1708 1440 1796 deliciasque

375 1832 466 1894 suas,
483 1812 686 1878 beatissimos
709 1812 852 1878 videret?
873 1816 912 1878 In
931 1815 1023 1895 cujus
1042 1815 1211 1903 Apollinea
1228 1813 1319 1878 lauro
1341 1812 1440 1876 nidu-

375 1916 459 1980 latus
475 1932 524 1981 est
535 1917 668 2005 phcenix
683 1919 799 1984 unicus
816 1920 873 1984 aevi
893 1921 996 1986 nostri
1012 1920 1107 1984 Picus
1122 1919 1323 2000 Mirandula,
1343 1919 1440 2006 longe

374 2038 499 2110 septem
514 2024 627 2110 priscis
646 2024 843 2112 sapientibus
863 2026 1076 2114 eloquentior,
1095 2026 1220 2107 clarior,
1239 2025 1390 2106 sanctior,
1408 2039 1443 2088 et

375 2124 410 2188 in
424 2123 515 2187 omni
528 2123 600 2188 vitae
616 2123 836 2213 doctrinaeque
857 2148 974 2215 genere
991 2127 1115 2191 tersior.
1132 2127 1256 2191 Omitto
1271 2125 1439 2206 Ficinurn,

376 2227 476 2293 divini
492 2229 634 2294 Platonis
650 2231 807 2312 animam3
834 2230 1030 2295 Politianum
1049 2253 1150 2322 graece
1167 2232 1330 2318 latineque
1355 2230 1440 2318 poli-

374 2335 554 2418 tissimum,
566 2350 600 2399 et
612 2337 690 2400 alios
703 2335 911 2418 innumeros,
925 2359 1006 2424 qnos
1019 2337 1139 2400 referre
1152 2335 1440 2425 impraesentiarum

375 2465 480 2530 operte
489 2465 558 2506 non
568 2443 846 2531 estpretium.Hic
858 2445 955 2508 heros
971 2445 1114 2534 ingenio,
1124 2443 1308 2532 prudentia,
1323 2444 1441 2508 mentis

373 2549 541 2630 acumine,
554 2549 654 2613 animi
668 2550 1072 2652 presentia,liberatitate,
1088 2551 1269 2631 literatura,
1288 2550 1389 2636 qualis
1405 2549 1442 2612 in

287 2728 291 2738 ⁸
374 2654 621 2742 occupatissimo
632 2655 778 2744 principe
791 2677 860 2719 esse
872 2655 1000 2743 potuit,
1012 2655 1197 2742 caeterisque
1213 2654 1312 2718 animi
1325 2654 1441 2735 bonis,
1529 2689 1534 2698 =

375 2760 595 2824 excellentiam
611 2761 760 2825 omnium
776 2761 1009 2824 memoriarum
1025 2760 1179 2842 excessit,
1192 2775 1349 2848 patronus
1365 2783 1444 2848 poe-

373 2865 900 2955 tarumpcculiaris,etpraesidium
909 2867 1442 2956 unicum,patcrpecisetAusoniae
1492 2853 1499 2869 ’

374 2973 507 3060 quietis,
524 2974 615 3053 cujus
632 2973 716 3036 fame
732 2973 782 3037 his
800 2972 964 3054 terminis,
982 2973 1101 3061 quibus
1119 2971 1174 3036 hic
1192 2973 1352 3036 terrestris
1369 2973 1441 3061 glo·

373 3077 454 3160 bus,
466 3079 709 3144 terminabatur.
723 3079 811 3143 Felix
827 3077 906 3142 dum
916 3079 1011 3161 vivit,
1024 3079 1065 3143 ab
1077 3079 1171 3142 obitu
1184 3075 1319 3158 felicior,
1331 3077 1441 3142 Leone

374 3183 521 3265 Decimo,
532 3181 689 3248 Pontifice
704 3182 858 3265 Maximo,
872 3183 999 3271 gloriae,
1011 3183 1157 3266 virtutis,
1169 3182 1348 3265 modestice,
1362 3183 1442 3247 libe-

373 3289 522 3370 ralitatis,
541 3287 764 3371 continentiae,
784 3287 961 3376 sapientiae,
977 3311 1162 3353 successore
1185 3312 1222 3353 ac
1240 3287 1367 3352 haeredc
1388 3311 1441 3352 re-

374 3395 470 3459 licto:
489 3395 547 3482 qui
564 3394 732 3458 sanctitate
749 3410 875 3458 tantum
893 3394 966 3458 vitae
985 3393 1142 3458 thronum
1159 3393 1265 3476 Petri,
1283 3417 1392 3457 rarum
1409 3410 1442 3458 et

375 3499 560 3566 inauditum
582 3500 705 3565 saeculis
729 3501 865 3584 nostris,
880 3499 1034 3565 ascendit.
1051 3499 1100 3564 Ad
1118 3501 1209 3582 cujus
1228 3499 1392 3590 dignitatis
1410 3514 1442 3563 et

375 3607 532 3689 fortunae,
552 3623 590 3670 ut
615 3630 691 3671 cum
707 3608 806 3696 vulgo
830 3607 963 3696 loquar,
988 3607 1124 3689 famam,
1147 3607 1266 3688 Musae,
1282 3605 1350 3669 fere
1375 3605 1437 3669 sub

375 3728 467 3778 aetate
479 3712 582 3777 ferrea
595 3713 836 3795 intermortuae,
858 3714 1005 3777 laureum
1017 3730 1050 3777 et
1060 3735 1196 3776 aureum
1209 3712 1363 3776 saeculum
1376 3711 1437 3775 sibi

373 3818 641 3908 praesagiere.Sed
651 3842 718 3907 quo
727 3819 855 3908 piaculo
864 3819 1019 3909 genitoris
1031 3818 1080 3882 tui
1087 3841 1197 3883 manes
1205 3815 1353 3882 obticco?
1364 3817 1441 3898 Quo

374 3923 503 4014 ingrato
512 3925 640 3989 silentio
647 3923 688 3988 ad
695 3924 810 3990 siderei
815 3925 943 4005 juvenis
950 3925 1069 3988 famam
1077 3925 1255 4014 fulgentem
1262 3919 1442 3986 conniveo?

374 4029 408 4096 in
422 4052 488 4118 quo
503 4053 648 4119 praecox,
660 4054 869 4120 praecanaque
884 4031 987 4096 virtus
1005 4031 1154 4114 emicuit,
1167 4029 1306 4118 species,
1319 4028 1439 4110 robur,

374 4135 483 4227 gratia,
498 4134 680 4220 dexteritas,
693 4137 839 4218 comitas,
849 4153 882 4202 et
892 4159 1013 4201 serenae
1024 4136 1142 4200 frontis
1156 4134 1324 4199 aetherium
1334 4132 1440 4216 jubar,

376 4243 552 4332 singulares
568 4243 602 4307 in
617 4243 807 4308 mortalibus
826 4243 930 4308 dotes.
945 4243 1143 4331 Heupictas!
1154 4243 1214 4308 lacu
1221 4237 1442 4331 priscafidcs!
