3198 5106
313 486 805 556 THEOPfltnctlntss.
832 487 1042 557 HARLES.
1094 511 1222 576 cxxxx!

152 617 254 682 Gortii
276 615 519 682 emendationes
536 617 614 682 licet
629 633 762 706 paucas,
778 633 810 681 at
833 632 940 682 umen
960 618 1048 683 haud
1066 641 1222 707 spernen-

153 723 227 805 das,
244 723 387 810 primum
398 722 531 786 nomine
545 721 618 786 Vin·
624 723 711 788 docti
717 769 728 802 ,
746 721 820 787 dein
830 771 840 804 ,
851 723 983 812 cognito
996 740 1145 809 auctore,
1160 749 1222 790 no·

156 831 245 894 mine
255 827 358 894 conii
365 827 522 918 signatas,
538 827 606 892 suis
620 850 765 916 quasque
776 828 898 894 inserui
916 829 1005 895 locis.
1018 830 1089 894 Pari
1100 832 1224 922 ratione

154 1045 297 1118 cumspecti
309 1044 459 1118 interpretis
469 1045 695 1119 officiuimplevit.
705 1046 793 1100 Pauca
807 1063 870 1100 sane
882 1045 912 1099 in
924 1046 983 1119 ipso
992 1059 1115 1102 contextu
1123 1049 1220 1104 immu-

155 1131 231 1195 tarit,
241 1150 325 1203 eaque
339 1131 429 1187 omnia
442 1145 514 1188 certa
524 1145 551 1186 et
562 1133 633 1188 clara
646 1143 724 1200 sunt,
739 1130 823 1196 adeo,
837 1143 867 1185 ut
874 1132 984 1204 quilibet
993 1133 1120 1188 lectorum
1131 1136 1224 1192 adsen-

154 1238 212 1272 sum
226 1219 292 1274 dare
305 1233 425 1292 cogatur.
441 1223 482 1276 Ne
497 1221 525 1275 in
540 1220 755 1276 adnotationibus
768 1219 875 1293 quidem
886 1221 999 1276 nimium
1011 1229 1221 1290 conjecturarum

154 1328 294 1363 numerum
303 1311 411 1366 attulit:
429 1331 495 1384 quas
505 1331 559 1366 nou
570 1313 705 1385 experitur
713 1352 721 1379 ‚
730 1312 782 1364 nisi
793 1312 822 1364 in
835 1311 900 1366 locis
914 1313 1025 1384 pessime
1035 1314 1154 1379 effectis,
1174 1317 1221 1370 de·

154 1397 262 1468 ploratis
280 1410 361 1472 atque
378 1399 511 1474 depositis.
526 1400 673 1466 Crederm,
694 1419 749 1455 non
768 1411 872 1454 tantum
890 1403 1018 1474 temporit
1036 1403 1071 1456 el,
1086 1415 1221 1458 auctorem

154 1483 336 1539 commodasse
345 1486 471 1551 Valerio,
486 1499 616 1560 quantum
631 1487 756 1542 Pettunio
775 1499 822 1540 aut
841 1482 949 1543 Ovidis.
968 1489 1067 1544 Contra
1082 1510 1146 1546 vero
1161 1505 1223 1547 autc

154 1571 244 1644 viginti
258 1573 372 1645 emplius
385 1593 469 1628 anuos
482 1593 543 1628 eum
552 1575 617 1628 huic
630 1586 715 1650 poete
724 1575 854 1628 intentum
866 1575 962 1644 fuisse,
974 1578 1111 1633 manifesta
1128 1579 1225 1634 indicia

153 1656 372 1734 adsunt.»Sepius
384 1681 446 1717 cum
455 1663 562 1718 Greric
574 1676 655 1737 atque
664 1663 860 1726 Brouchbusio,
868 1681 952 1735 quum
962 1665 1002 1718 illi
1011 1666 1038 1720 in
1046 1668 1115 1722 rivis
1123 1682 1222 1732 essent,

154 1746 186 1800 de
198 1747 264 1802 locis
278 1749 350 1810 male
364 1751 436 1806 sanis
448 1771 507 1807 sese
517 1753 617 1826 egisse,
636 1753 733 1825 passim
752 1763 898 1818 memorat3
913 1766 1035 1826 excerpta
1045 1756 1125 1809 etiam
1138 1756 1224 1811 litera·

154 1839 339 1908 rum,quibus
358 1839 396 1894 illi
416 1841 531 1896 consulti
549 1841 692 1896 sententias
708 1859 769 1894 suas
784 1851 978 1912 exposuerant,
996 1841 1129 1916 inspersit.
1150 1843 1222 1898 Adiit

153 1928 231 1982 mem
247 1929 415 1997 Bentleium,
435 1937 512 2007 eujus
532 1938 660 2005 ιὺστοχίαν
676 1933 804 2006 praeclara
817 1929 1015 1988 declaraverunt
1029 1949 1201 1991 monumenta
1213 1957 1221 2001 ;

153 2028 182 2072 ut
193 2016 286 2072 videre
300 2031 340 2072 est
352 2040 384 2074 ex
395 2034 459 2076 nota
473 2021 509 2076 ad
522 2023 570 2076 lib.
584 2023 641 2089 111,
661 2022 722 2076 ns.
738 2019 842 2074 Alieubi
854 2021 935 2075 etiam
950 2021 1098 2095 praedicat,
1115 2043 1143 2078 se
1155 2026 1219 2080 olim

154 2104 235 2159 mtslta
247 2110 368 2181 exempla
382 2110 456 2165 verbi
467 2110 604 2183 cujusdam
614 2109 649 2164 ad
655 2109 794 2164 Valerium
803 2108 954 2175 adnotasse,
963 2129 1021 2183 quae
1031 2130 1116 2184 quum
1129 2125 1218 2186 postea

152 2193 220 2246 idem
242 2195 287 2248 ille
308 2197 441 2254 Bentleius
459 2200 613 2273 preceperit
633 2199 669 2254 ad
681 2199 841 2263 Horatium,
860 2217 932 2252 nunc
945 2199 1066 2254 omittere
1078 2199 1220 2258 debuisset.

154 2280 232 2336 Unde
242 2286 363 2357 patebit,
383 2307 438 2342 nou
449 2289 580 2360 tempori,
598 2288 645 2342 sed
658 2287 833 2342 moderationi
848 2287 883 2342 cl.
893 2288 1037 2342 Burmanni
1051 2288 1221 2346 tribuendum

155 2387 228 2434 esse,
245 2373 321 2444 qucd
330 2376 384 2439 ita,
405 2386 434 2428 ut
447 2375 575 2442 diximus,
589 2389 665 2431 caute
678 2376 707 2428 in
725 2374 879 2446 castigando
893 2389 970 2448 poeta
983 2394 1032 2430 suo
1048 2390 1165 2432 versatus
1177 2379 1220 2432 sit.

153 2455 267 2512 Eximiae
279 2461 388 2515 tandem
400 2463 528 2536 quasdam
540 2462 735 2518 emendationes
744 2501 752 2526 ,
762 2461 805 2514 cui
816 2462 912 2534 volupe
923 2473 962 2515 est
970 2462 1104 2534 inquirere
1114 2465 1201 2518 statim
1212 2506 1220 2533 ,

153 2541 198 2597 lib.
212 2546 243 2615 1,
264 2551 317 2620 39,
330 2568 394 2614 roo,
405 2552 470 2621 ⁵29,
490 2551 557 2620 590,
579 2551 646 2622 785,
660 2547 854 2622 deprehendet,
867 2549 1002 2622 exquibus
1015 2548 1050 2603 de
1063 2551 1171 2624 reliquis
1179 2555 1221 2624 ju.

153 2633 253 2692 dicium
267 2639 337 2692 ferre
350 2640 557 2710 poteritverum
567 2658 622 2692 non
632 2651 686 2692 tam
701 2649 824 2708 corrupta
835 2637 981 2708 scriptura,
991 2656 1071 2709 quam
1084 2639 1220 2694 intricatus

153 2735 178 2776 ct
192 2724 266 2779 haud
280 2745 343 2780 raro
357 2727 391 2780 ab
404 2727 468 2800 ipsis
480 2727 667 2799 interpretibus
683 2724 841 2798 depravatus
857 2742 966 2788 seusus,
985 2725 1120 2796 negotium
1139 2727 1220 2780 faces·

152 2814 208 2868 sirit
218 2815 254 2869 cl.
266 2815 373 2869 editori.
389 2815 501 2870 Flaccus
515 2817 586 2869 enim
600 2815 701 2887 ubique
714 2813 827 2881 nitidus,
838 2813 998 2878 vehemens,
1008 2814 1128 2867 sublimis
1138 2829 1219 2888 atquc

151 2901 281 2957 facundus
292 2902 434 2970 incedens,
447 2905 591 2976 imperitis,
604 2903 686 2957 tardis
702 2907 728 2956 e't
744 2900 820 2954 humi
840 2901 995 2972 repentibus
1013 2901 1126 2972 ingeniis
1142 2902 1218 2956 haud

152 3011 211 3045 raro
222 2993 398 3066 imposuerat;
412 2993 485 3068 quod
497 2973 587 3059 Balbi,
601 2993 656 3055 Pii,
672 2993 794 3055 ldaserii,
806 2989 940 3045 Carrionis
951 2989 1117 3062 aliorumque
1129 3011 1215 3047 exem·
1240 3055 1243 3066 1

151 3081 199 3151 plis
212 3081 296 3136 facile
306 3081 482 3138 demonstrari
494 3094 591 3156 posset.
607 3083 649 3136 Cl.
660 3095 749 3136 autem
763 3082 931 3140 Burmannus
945 3098 998 3132 nou
1009 3078 1091 3133 modo
1102 3098 1133 3134 ea
1142 3081 1216 3147 loca,

152 3170 196 3223 ubi
211 3171 252 3222 illi
269 3171 440 3237 haesitarent,
459 3172 585 3244 pleraque
606 3172 696 3225 omnia
710 3170 822 3224 feliciter
835 3166 965 3239 expedivit
977 3185 985 3232 ς
1000 3167 1047 3220 sed
1059 3166 1104 3222 illa
1119 3169 1217 3236 etiam,

152 3277 208 3330 quas
221 3278 276 3312 non
287 3271 356 3313 tacta
370 3259 404 3312 ab
415 3260 472 3313 aliis
479 3260 625 3326 ‚lectorem
633 3271 720 3314 tamen
729 3277 834 3318 vexare,
848 3268 894 3311 aut
904 3255 1002 3309 morari
1011 3269 1134 3328 possent,
1143 3277 1216 3330 egre-

151 3346 192 3416 gie
209 3347 345 3422 explicuit.
364 3347 403 3400 Ex
422 3366 454 3400 ec
470 3366 566 3421 genere
584 3348 699 3419 placebit
716 3346 841 3402 studiosis
857 3344 1036 3417 interpretatio
1054 3343 1102 3398 lib.
1113 3345 1145 3413 Ι,
1169 3365 1215 3410 ¹⁰3

152 3437 222 3502 Eripe
230 3456 269 3488 me
275 3439 371 3506 populis
381 3450 406 3487 et
413 3438 513 3488 labenti
519 3439 603 3488 nubila
613 3451 698 3497 terrm
707 3456 733 3488 v.
744 3439 803 3499 aba,
812 3453 979 3503 inagnumqus
987 3447 1104 3485 sonantes
1113 3439 1201 3487 Haurit
1207 3457 1217 3496 ,·

151 3540 177 3573 v.
190 3523 258 3587 428,
269 3528 338 3591 prad
343 3527 445 3593 gemina
454 3539 533 3580 mater
539 3527 670 3593 spectabile
680 3528 730 3576 tela
739 3525 819 3576 Duxit
829 3542 906 3591 opus,·
916 3520 985 3575 adde
994 3540 1020 3574 v.
1030 3524 1082 3593 767
1091 3542 1100 3588 ς
1118 3521 1163 3576 lib.
1172 3524 1214 3590 II,

151 3627 175 3662 r.
191 3613 259 3678 620;
271 3607 331 3678 m,
349 3612 464 3677 ts;1v,
478 3612 544 3678 105,
557 3611 595 3678 V,
608 3615 669 3682 167,
687 3622 712 3664 et
734 3611 840 3664 infinita
861 3610 926 3676 alia,
946 3610 974 3662 in
994 3609 1090 3682 quibus
1106 3611 1219 3666 rarioris

149 3700 369 3763 constructionis,
392 3711 438 3752 aut
457 3699 537 3753 unius
554 3719 621 3771 sepe
635 3699 757 3753 vocabuli
777 3697 893 3752 dilucida
912 3695 1081 3770 explanatio,
1098 3697 1171 3770 quod
1185 3701 1214 3750 in

150 3785 195 3836 tali
211 3798 290 3858 poeta
307 3805 411 3840 summe
429 3799 486 3840 erat
497 3785 692 3850 necessarium,
711 3785 885 3858 gratissimam
899 3785 986 3838 ltrcem
1001 3783 1142 3839 feneratur.
1157 3785 1213 3840 Nec

150 3875 229 3929 rerba
248 3875 358 3940 saltem,
378 3875 425 3930 sed
447 3876 518 3948 ipsas
536 3894 578 3928 res
599 3886 625 3927 et
642 3873 780 3928 historiam
800 3875 1003 3946 interpretatum
1026 3885 1055 3926 ut
1077 3893 1160 3946 quum
1178 3876 1212 3929 ad

148 3961 195 4014 lib.
207 3964 264 4027 111,
278 3971 329 4035 479
340 4004 348 4030 ,
362 3963 494 4030 ostendit,
505 3982 553 4018 our
564 3963 690 4018 Hercules
700 3981 716 4016 a
726 3961 885 4036 quibusdam
895 3961 1003 4015 humilis
1015 3974 1116 4016 sutura
1130 3963 1213 4036 finga-

150 4061 206 4112 tur3
222 4052 314 4126 qualia
328 4053 396 4106 bene
408 4053 492 4108 multa
505 4052 579 4105 nullo
591 4052 697 4124 negotio
719 4051 839 4105 invenire
857 4069 948 4122 queas.
968 4050 1043 4123 Saepe
1063 4063 1164 4118 umen,
1183 4067 1212 4105 ut

149 4139 262 4210 ingenue
274 4139 365 4194 omnia
379 4139 544 4205 indicemus,
559 4140 677 4212 optimus
691 4139 735 4192 ille
747 4139 876 4212 interpres
889 4139 945 4212 ipse
958 4138 1078 4205 astillat,
1096 4151 1139 4201 et,
1158 4159 1210 4211 qua

149 4237 187 4279 est
199 4226 314 4300 ingenua
326 4229 432 4292 fronte,
450 4243 507 4282 sese
521 4227 656 4294 haesitare,
669 4227 809 4298 ignorare,
821 4225 888 4298 ,quid
900 4226 982 4280 verba
992 4225 1092 4289 velint,
1108 4227 1214 4297 prolite-
