3226 5114
465 487 592 551 novt
624 477 866 554 nunccius
896 491 1055 558 uouAE.
1196 475 1292 582 '247

232 607 372 682 Ingeniose
383 605 491 680 quidem
505 628 596 677 sequar
614 613 717 678 agruim
732 629 783 682 pro
797 629 847 679 qna
865 614 975 681 tegmina
988 615 1100 687 conjecit
1114 615 1162 668 cel.
1182 621 1294 666 Jacobs:

233 695 280 748 sed
293 693 464 766 posteriorem
473 711 564 746 rerem
577 703 677 763 partem
687 713 703 748 a
715 693 796 765 priori
810 695 939 760 abscidit,
952 715 1018 769 qnae
1029 717 1113 770 quum
1127 698 1214 751 malim
1229 701 1291 772 jun-

233 791 289 834 ctas
296 779 407 850 legere,
424 776 531 830 Heinsio
544 776 666 830 libentius
677 778 830 831 accesserim
844 779 880 832 sic
893 780 1058 834 emendanti:
1080 802 1178 850 quaque
1190 786 1294 850 agmina

226 865 297 933 serm
306 867 379 914 Plura
391 876 488 914 metam.
501 862 532 912 in
545 865 605 914 Vnt.
619 859 679 914 eod.
693 861 729 914 sie
740 860 830 943 incipit
839 880 947 916 tersus:
962 867 1050 933 lit'ego
1061 879 1092 917 et.
1100 865 1222 918 Heinsius
1232 883 1293 936 pro·

232 947 321 1019 ponit,
334 965 365 998 ea
376 959 486 1016 egomet:
500 943 566 996 mihi
576 944 662 1016 mngis
670 944 787 1017 placeat:
804 949 843 996 En
857 963 919 1013 ego,
934 967 964 998 en
980 967 1131 1016 quocumque
1143 964 1229 1000 voces.

268 1080 304 1132 V.
316 1097 376 1149 707.
389 1084 461 1130 Hanc
473 1097 537 1147 ego,
553 1081 706 1147 magnanimi
719 1081 820 1147 spolium
832 1080 1010 1146 Didymaonis,
1022 1083 1133 1141 taam,

391 1165 451 1228 Qua
461 1181 539 1230 neque
546 1165 602 1232 jam
607 1161 733 1230 fiendas,
749 1165 842 1214 virides
853 1182 898 1214 nec
903 1163 1012 1231 proferet
1021 1167 1130 1226 scabras,

388 1250 418 1296 ta
426 1250 501 1297 semel
509 1260 546 1296 est
556 1249 639 1297 evulsa
642 1249 713 1314 jugis
719 1284 728 1308 ,
741 1266 772 1296 ac
787 1261 864 1298 ruane
872 1263 1011 1316 perempta,

391 1331 452 1380 aaa
465 1333 613 1393 ministeria,
623 1342 647 1380 et
658 1333 733 1381 duras
743 1332 793 1381 obit
803 1332 903 1382 horrida
909 1349 1021 1398 pugnas.

234 1439 354 1492 Decertat
362 1437 413 1491 hoc
426 1436 485 1490 loon
494 1437 618 1491 Valerius
629 1456 690 1491 enm
703 1437 835 1510 Virgilio,
846 1441 908 1492 AEn.
923 1439 994 1503 ΧΗ,
1010 1443 1075 1492 206:

386 1547 419 1593 tJt
428 1553 545 1607 sceptrum
556 1546 707 1610 hoe(de1tra
719 1555 837 1608 sceptrum
848 1563 902 1594 nam
913 1545 974 1594 forts
986 1547 1095 1610 gerebat)

354 1667 356 1683 Ι
386 1622 512 1683 Nunquam
523 1620 607 1668 fronde
617 1621 662 1668 leri
675 1621 759 1668 fundet
766 1623 879 1686 virgulta,
891 1639 969 1685 neque
979 1623 1086 1676 nrnbras,

387 1698 467 1754 Quum
477 1695 548 1743 semel
561 1697 586 1744 in
599 1696 662 1743 silvis
672 1696 720 1744 lmo
732 1697 763 1744 de
773 1697 845 1760 stirps
859 1697 957 1744 recisum

385 1773 462 1818 Matre
473 1781 548 1827 earet,
559 1771 684 1834 posuitque
694 1787 773 1818 comas
784 1781 807 1819 et
819 1771 912 1819 brachia
926 1772 1001 1826 ferm

386 1845 450 1894 Olim
460 1847 543 1902 arbos,
558 1862 622 1894 nnuc
632 1846 725 1910 u‘dficis
735 1862 818 1896 manus
829 1863 874 1894 tere
886 1846 974 1894 decoro
1051 1875 1053 1879 -

389 1921 499 1977 lnelnsit‚
511 1911 663 1984 patribusqtie
672 1921 737 1969 dedit
746 1922 838 1984 gestare
847 1921 942 1969 latinis.

234 2018 267 2072 In
278 2017 324 2070 illo
337 2018 480 2071 certamine
491 2018 626 2092 propriam
640 2031 750 2092 uterque
765 2017 871 2072 landem
883 2017 994 2078 retinnit
1007 2018 1133 2082 aemulus,
1149 2035 1197 2072 nec
1212 2017 1298 2071 victor

234 2113 279 2154 ant
289 2101 373 2154 rictus
387 2100 496 2153 omnino
517 2099 627 2155 discedit
646 2103 779 2156 alteruter.
792 2102 901 2174 Singula
912 2103 935 2156 si
946 2101 1087 2174 dispicias,
1107 2101 1252 2174 elegantior
1263 2120 1297 2156 nc
1348 2111 1365 2136 ⁶

233 2186 338 2239 mollior
348 2184 488 2256 Virgilius:
502 2185 589 2258 placet
606 2186 728 2238 Valerius
743 2186 861 2240 novitate
881 2186 1012 2257 quadam,
1029 2185 1184 2239 recentioris
1196 2184 1295 2256 ingenii

234 2283 296 2322 nota
303 2285 310 2321 :
318 2271 415 2320 umbras
421 2279 524 2320 tautum
533 2267 740 2340 dixitVirgilins‚
750 2285 778 2322 at
785 2271 880 2322 virides
889 2271 985 2322 umbras
991 2267 1276 2341 excogitaritanerius
1286 2284 1294 2320 τ

235 2371 308 2418 quum
317 2355 393 2403 sane!
400 2369 437 2405 est
446 2354 602 2420 evulsajugis
611 2371 668 2404 rem
681 2371 735 2405 uon
745 2351 826 2405 modo
839 2353 937 2425 pingit,
949 2353 995 2406 sed
1007 2352 1126 2406 imitatur
1134 2353 1212 2406 etiam
1221 2370 1299 2425 aspe-

232 2435 310 2488 ritate
325 2434 391 2486 eoni.
402 2439 483 2485 Mater
495 2438 582 2503 sceptri
593 2453 649 2487 non
663 2436 745 2508 magis
760 2435 825 2488 mihi
839 2437 923 2507 placet
941 2457 1022 2509 quam
1033 2441 1110 2490 lasea
1122 2452 1219 2490 mater:
1234 2436 1296 2509 quis

234 2528 322 2570 autem
331 2516 400 2569 hanc
414 2515 555 2570 dictionem
568 2537 636 2588 segre
649 2517 716 2572 ierat
727 2556 734 2582 ,
744 2519 787 2572 cni
800 2517 909 2572 debetur
923 2520 1032 2573 eximius
1045 2519 1207 2585 dierectus,

351 2677 356 2686 ,
387 2637 464 2681 Matre
473 2645 547 2690 caret,
558 2635 683 2697 posuitque
693 2651 771 2683 comas
784 2647 807 2682 et
818 2636 911 2683 brachia
923 2637 1001 2684 ferro?

235 2763 315 2816 quem
324 2744 345 2797 si
357 2744 417 2816 quis
427 2763 545 2797 seorsum
560 2763 575 2798 a
588 2745 687 2798 esteris
699 2745 818 2799 versibus
831 2763 902 2798 nunc
916 2745 1031 2818 primum
1047 2747 1131 2817 legat,
1146 2747 1231 2800 vicem
1243 2747 1293 2799 ali·

235 2829 325 2901 cujus,
337 2847 391 2880 non
402 2827 503 2881 arboris
513 2838 599 2891 certe,
612 2826 700 2880 doleat
711 2845 719 2892 3
737 2827 803 2881 adeo
814 2847 919 2882 sensum
929 2848 959 2882 ac
972 2830 1052 2882 vitam
1067 2830 1203 2901 descriptis
1215 2831 1296 2882 rebus

234 2924 327 2966 auctor
337 2913 372 2965 ita
384 2910 519 2976 infundit,
528 2911 567 2964 nti
577 2911 726 2964 nullatcnus
736 2909 876 2964 videantur
885 2911 1049 2965 inanimatae!
1064 2913 1103 2964 De
1114 2931 1217 2966 summa
1230 2911 1295 2984 quid

236 2995 330 3049 sentiat
338 3003 402 3064 Papa
415 3014 500 3068 operas
518 2995 631 3066 pretium
649 2994 699 3048 erit
712 3013 879 3067 cognoscere.
895 2996 1086 3050 celeberrimus
1100 2995 1145 3048 ille
1157 2995 1298 3050 Britannus

234 3091 312 3150 poeta
323 3080 482 3151 precipuum
493 3079 601 3132 Valerio
615 3077 719 3132 laudem
731 3080 822 3134 amerit
831 3120 839 3147 ,
849 3078 922 3153 quod
932 3099 1029 3151 ,quum
1035 3077 1221 3152 jusjurandum
1229 3080 1295 3132 illud

234 3163 351 3216 solemne
365 3161 513 3216 vehementi
526 3160 643 3234 quodam
652 3174 726 3233 egent
737 3163 852 3227 affectu,
867 3162 1019 3216 incitatione
1029 3174 1118 3215 tamen
1129 3175 1200 3214 caret
1211 3162 1295 3234 Virgi-

234 3246 320 3299 lianos
334 3246 361 3300 ἰι
372 3265 426 3320 qno
435 3245 576 3305 adhibetur
588 3245 676 3311 locus,
695 3264 753 3318 quse
763 3245 790 3298 in
801 3246 946 3300 Valeriano
956 3258 1026 3300 certe
1035 3265 1087 3298 non
1099 3237 1272 3298 desideratur.

271 3386 307 3437 V.
319 3384 379 3453 730.
393 3387 464 3436 Ilicet
474 3389 576 3437 exrema·
588 3405 641 3438 noa
654 3388 723 3437 litare
736 3387 794 3438 solis
808 3387 892 3437 [derat

396 3469 507 3520 Condidit
519 3473 571 3520 alta
586 3473 688 3529 domos,
701 3482 724 3519 et
735 3471 818 3520 sidem
826 3470 922 3518 susatlit
932 3470 1013 3518 astris.

236 3585 365 3632 Extremus
377 3582 415 3629 sot
422 3596 470 3648 pro
477 3581 592 3630 occiduus
605 3581 653 3630 sol.
662 3577 725 3630 Haec
733 3576 834 3630 locutio
844 3573 986 3647 respondet
994 3573 1046 3629 illis
1055 3610 1064 3637 ,
1072 3576 1166 3641 primas
1179 3578 1230 3635 sol,
1244 3593 1295 3625 me·

236 3665 291 3714 dias
300 3666 352 3722 sol,
366 3679 424 3732 qun
438 3678 506 3730 supe
519 3658 591 3730 apud
600 3658 737 3712 Valerium
756 3658 875 3730 aliosque
887 3667 1039 3712 ocatumnt.
1054 3657 1104 3708 Pro
1116 3660 1204 3718 asnis,
1218 3657 1297 3710 variae

237 3757 297 3800 sunt
306 3743 430 3798 lectiones
439 3761 446 3795 :
456 3744 543 3816 potior
551 3741 628 3796 nobis
637 3741 744 3795 ridettu
750 3745 824 3804 acis,
838 3759 919 3814 qnam
930 3739 1003 3794 dedit
1015 3742 1050 3794 Is.
1064 3739 1183 3793 Vossius.

233 3923 237 3928 .
272 3879 307 3929 V.
318 3879 369 3947 734
372 3912 700 3930 ...................
705 3878 798 3926 cannas
809 3875 922 3944 uersata
929 3878 1049 3944 perempti

378 3967 439 4030 Qttoe
445 3962 548 4031 reserat,
559 3962 639 4021 uidet,
651 3961 780 4010 cursorios
794 3979 845 4027 qua
856 3971 935 4010 mente
944 3961 1042 4011 revisat.

236 4069 352 4142 Uterque
368 4069 444 4141 regite
468 4067 633 4122 bibliothecas
656 4065 756 4131 codex,
778 4079 888 4138 utraque
908 4063 1097 4126 Bononiensis,
1114 4076 1139 4115 ct
1160 4062 1294 4128 venetiis,

236 4171 307 4208 anno
319 4153 386 4216 tto,
396 4153 464 4226 typis
473 4153 599 4225 impressa
609 4151 707 4216 editio,
720 4170 779 4224 qun
794 4165 846 4204 tres
861 4161 923 4205 sunt
932 4149 1039 4221 reliquis
1053 4147 1210 4203 editionibus
1223 4158 1296 4200 ante·

236 4234 317 4286 riores
323 4272 331 4298 ,
341 4234 439 4287 habent
449 4240 555 4304 parenti.
565 4239 681 4304 Perempti
694 4235 733 4289 Pii
743 4237 894 4308 conjectura
903 4245 941 4288 est
951 4271 960 4298 ‚
973 4252 1032 4306 qun
1047 4234 1076 4285 in
1085 4229 1198 4285 editione
1209 4231 1295 4284 luntre
