3198 5106
371 545 476 593 ccvnr
643 521 813 594 INDEX
847 521 1166 592 EDlTIONUM

851 655 951 748 1724.

338 811 341 816 ·
411 775 589 855 Trajectina
607 773 1014 855 Heinsio-Burmanniana,
1028 776 1134 839 in·12.

848 927 860 971 1
892 905 950 987 24.

408 1015 656 1079 Burmanniana.
685 1015 723 1078 C.
747 929 1002 1079 Valerii7Flacci
1031 1013 1325 1102 Argonauticorum
1358 1014 1433 1078 libri

366 1137 452 1202 octo,
463 1143 538 1185 cum
551 1119 635 1183 notis
644 1119 778 1208 integris
789 1119 872 1184 Lud.
884 1109 1058 1201 Carrionis,
1068 1119 1163 1184 Laur.
1176 1117 1264 1181 Balbi
1274 1116 1431 1200 Liliensis,

365 1228 447 1293 lusti
478 1227 701 1315 Zinzerlingii,
725 1225 912 1316 christoph.
941 1226 1055 1308 Bulaei,
1084 1224 1160 1290 Ger.
1177 1224 1283 1290 Vossii
1305 1242 1338 1290 et
1358 1227 1429 1290 Nic.

365 1333 506 1415 Heinsii,
528 1349 561 1396 et
578 1333 702 1397 selectis
721 1332 796 1422 AEg.
813 1332 958 1409 Meceni,
979 1331 1028 1401 Jo.
1044 1334 1136 1419 Bapt.
1159 1331 1224 1411 Pii,
1241 1332 1290 1396 lo.
1302 1331 1430 1395 Weitzii

365 1454 396 1502 et
410 1439 500 1504 alior.
516 1453 649 1502 curante
665 1439 763 1502 Petro
776 1439 982 1517 Burmanno,
997 1437 1055 1524 qui
1069 1453 1101 1501 et
1114 1459 1187 1500 suas
1202 1436 1431 1506 adnotationes

364 1544 487 1625 adjecit.
503 1543 609 1622 Leidas
621 1544 709 1632 apud
726 1545 810 1610 Sam.
827 1546 1032 1626 Luchtman,
1050 1545 1130 1622 inni.
1221 1563 1235 1598 t

855 1656 957 1754 1731.

408 1775 446 1836 ln
466 1775 612 1860 Corpore
633 1772 782 1842 omniurn
799 1787 953 1836 veterum*
969 1787 1140 1860 poetarum
1156 1772 1330 1838 latinorum
1353 1795 1429 1842 cum

364 1879 469 1946 italica
495 1877 642 1944 versione
667 1900 685 1939 a
707 1879 771 1942 los.
791 1877 903 1943 Ricch.
925 1877 1110 1960 Malatesta,
1131 1894 1168 1942 et
1192 1878 1251 1944 Ph.
1268 1879 1431 1967 Argelati‚

364 1983 540 2050 Mediolani
559 1981 763 2070 1731·1765,
783 1983 1003 2050 voluminibus
1023 1982 1080 2065 35,
1102 1985 1196 2066 in·4,
1216 1983 1431 2066 edito,Vale·

366 2092 433 2156 rius
457 2107 563 2154 tomos
584 2093 623 2166 14
647 2105 679 2151 et
700 2085 738 2152 15
759 2089 873 2176 explet.

850 2199 950 2300 1776.

409 2318 559 2395 Verome,
577 2313 795 2402 Argonautica
810 2315 917 2384 italice
936 2312 1061 2378 reddita
1082 2337 1158 2378 cum
1180 2329 1270 2382 textu
1286 2337 1304 2378 a
1320 2315 1431 2379 Marco

367 2419 513 2489 Antonio
528 2417 763 2501 Pindemonte,
779 2418 858 2495 inni.
875 2419 935 2483 En.
1072 2467 1077 2477 ,

848 2534 950 2629 1781.

412 2649 611 2729 Harlesiana,
626 2670 701 2711 cum
718 2647 803 2711 notis
820 2647 907 2716 Petri
930 2648 1110 2711 Burmanni
1129 2648 1145 2710 Ι
1167 2647 1316 2737 integris,
1332 2665 1366 2712 et
1382 2672 1432 2712 se-

367 2756 455 2822 lectis
469 2752 595 2818 Ludov.
604 2752 781 2834 Carrionis,
791 2767 853 2818 etc.
863 2754 1040 2820 Recensuit
1052 2775 1191 2840 suasque
1206 2753 1432 2820 adnotationes

367 2861 483 2942 adjecit
500 2858 649 2946 Theoph.
677 2857 864 2946 Christoph.
892 2848 1066 2924 Harlesius.
1089 2859 1281 2950 Altenburgi
1308 2883 1348 2926 ex
1374 2861 1431 2926 oli.

367 2966 545 3047 Richteria,
561 2963 645 3029 in-8.

854 3053 955 3148 1786.

411 3169 602 3258 Bipontina,
620 3189 692 3254 quae
707 3167 926 3230 Harlesianam
943 3168 1101 3254 sequitur.

410 3337 583 3402 Versiones
591 3334 707 3398 Valerii
720 3333 818 3397 nullae
830 3333 911 3397 mihi
923 3332 1141 3398 innotuerunt
1154 3350 1269 3422 praeter
1283 3335 1432 3416 italicam,

363 3449 399 3508 in
427 3443 526 3508 modo
549 3455 730 3504 memorato
749 3441 896 3528 Corpore
919 3455 1042 3527 poetar.
1057 3440 1313 3522 Mediolanensi,
1341 3441 1432 3521 cujus

366 3565 480 3614 auctor
500 3547 562 3611 fuit
576 3545 813 3610 Maximilianus
829 3545 958 3610 anius.
980 3544 1049 3609 Nec
1070 3546 1155 3609 inter
1173 3545 1351 3611 Germanos
1374 3545 1432 3610 ad-

367 3653 512 3720 hucdum
530 3653 681 3716 inventus
697 3668 764 3733 est,
783 3652 840 3738 qui
867 3652 1015 3726 nondum
1039 3653 1114 3716 satis
1135 3670 1313 3742 expurgato
1328 3661 1432 3741 poetae

368 3783 500 3826 manum
514 3759 610 3822 vellet
627 3756 819 3842 admovere,
838 3758 884 3822 nil
900 3759 965 3821 nisi
977 3758 1149 3848 particulas
1163 3757 1329 3846 quasdam,
1343 3757 1432 3846 quod

367 3890 419 3931 me
436 3863 548 3928 docuit
567 3863 672 3927 clarus
686 3861 810 3950 Degen.
834 3862 868 3925 in
890 3863 1069 3938 Literatura
1086 3863 1321 3950 interpretum,
1343 3861 1433 3928 dedit

366 3974 402 4038 C.
415 3973 456 4036 H.
466 3967 650 4034 Schmidius
666 3967 861 4049 Giessensis,
880 3969 1134 4057 interpretationi
1154 3967 1301 4032 Crusiani
1323 3968 1364 4032 de
1386 3971 1431 4034 la·

366 4079 443 4142 tinis
462 4073 566 4162 poetis
582 4071 656 4135 libri
676 4070 824 4151 adjectas.

409 4184 528 4246 Praeter
544 4179 601 4242 has
615 4178 755 4267 integras
770 4179 887 4243 Valerii
908 4178 1081 4256 editiones,
1100 4177 1238 4241 delectas
1261 4178 1356 4243 etiam
1374 4179 1431 4242 ha-

359 4292 475 4356 bemus
497 4284 637 4372 singulas
653 4283 835 4370 particulas.
851 4284 921 4348 Jam
933 4282 1010 4346 olim
1022 4281 1092 4348 Nic.
1107 4283 1293 4349 Reusnerus
1309 4283 1343 4350 in
1363 4283 1431 4350 llo·
