3198 5106
364 554 441 602 ctvr
666 525 818 598 PETRI
846 523 1123 594 BURMANNI

364 661 425 726 sibi
441 659 552 724 deesse
568 657 692 738 sciunt,
709 653 940 740 relinquerent.
957 649 1022 716 Sed
1039 671 1175 716 manum
1190 649 1232 714 de
1248 625 1375 736 tabula,
1400 667 1436 721 et

363 765 533 832 redeamus
547 761 678 835 tandem
692 759 734 824 ad
745 758 864 824 Valerii
878 757 984 822 Flacci
995 756 1159 852 edititmes
1165 755 1389 825 recensendas.

407 869 591 936 Proximam
607 890 626 931 a
645 866 695 931 Pii
712 864 856 930 editione
874 863 1072 928 Bononiensi
1088 878 1171 952 puto
1186 884 1255 928 esse
1274 863 1434 929 Venetam

364 979 401 1043 Α.
415 997 567 1055 noxum,
588 993 661 1062 quae
685 972 719 1036 in
735 971 858 1036 aedibus
876 969 951 1036 Aldi
968 986 1001 1034 et
1019 968 1154 1034 Andreae
1170 969 1303 1034 melani
1324 970 1433 1064 Soceri

362 1081 523 1171 producta
542 1078 605 1143 fuit
621 1077 655 1140 in
670 1075 848 1165 publicum.
871 1077 920 1140 De
932 1075 1037 1162 pretio
1053 1091 1086 1138 et
1103 1075 1224 1141 meritis
1242 1074 1433 1141 Aldinarunr

363 1189 545 1256 editionum
572 1186 627 1250 hie
648 1182 835 1272 disputandi
853 1183 944 1246 locus
967 1197 1066 1246 esset:
1086 1180 1143 1247 sed
1161 1183 1237 1272 quia
1255 1182 1343 1248 idem
1364 1183 1433 1248 fere

364 1295 406 1360 de
422 1296 613 1373 luntarum',
635 1289 868 1369 Colinaeorum,
893 1286 1115 1375 Gryphiorum
1132 1303 1164 1351 et
1180 1289 1333 1353 similium
1345 1287 1434 1370 judi-

362 1402 450 1466 cium
470 1399 547 1463 ferri
565 1397 682 1486 possit,
696 1395 738 1460 de
748 1393 810 1458 illis
827 1393 1021 1458 sententiam
1038 1409 1182 1460 nostram
1196 1417 1272 1459 mox
1289 1397 1323 1459 in
1342 1396 1432 1460 Coli-

281 1589 283 1596 Ι
362 1507 424 1569 naei
446 1519 479 1568 et
496 1501 636 1591 Gryphii
652 1499 831 1564 editionum
849 1498 996 1562 examine
1014 1500 1225 1587 proferemus.
1247 1500 1330 1581 Quis
1347 1501 1433 1565 hanc

363 1611 437 1676 Aldi
460 1609 546 1699 typis
570 1626 752 1695 expressam
775 1604 957 1687 curaverit,
977 1605 1096 1694 ignoro
1118 1627 1127 1670 τ
1150 1606 1208 1672 sed
1231 1607 1432 1695 quicumque

362 1717 482 1798 fuerit,
501 1735 569 1777 non
593 1731 611 1775 e
632 1713 732 1801 vulgo
750 1725 973 1776 correctorum
989 1712 1105 1793 luisse,
1129 1711 1187 1777 sed
1202 1712 1308 1777 virum
1325 1711 1433 1778 erudi-

362 1839 454 1903 tum,
470 1821 547 1886 licet
561 1813 702 1884 audaciae
716 1834 749 1882 et
762 1818 952 1882 temeritatis
968 1833 1079 1884 notun
1098 1820 1152 1884 rix
1163 1820 1307 1908 effugere
1320 1819 1432 1907 possit,

361 1925 572 2016 deprehendi.
592 1924 695 1989 Multa
716 1923 804 1988 enim
828 1924 891 1988 sibi
907 1924 1071 2013 permisit,
1094 1939 1128 1990 et
1148 1924 1283 1990 infinitis
1304 1925 1338 1989 in
1354 1925 1433 1990 locis

361 2034 404 2101 ab
413 2031 612 2098 editionibus
621 2029 785 2120 prioribus
797 2029 944 2094 discessit
952 2051 960 2093 τ
968 2051 1008 2094 an
1019 2029 1235 2112 considerate,
1243 2053 1283 2095 an
1294 2046 1434 2112 temere,

363 2160 403 2203 ex
420 2136 506 2202 notis
531 2124 744 2225 Zinzerlingi,
758 2131 885 2217 Vossii',
900 2135 1084 2200 Heinsianis
1100 2121 1135 2199 et
1155 2137 1273 2201 nostris
1291 2137 1434 2225 singula·

363 2245 422 2312 tim
439 2241 643 2307 existimandi
664 2242 726 2306 erit
750 2241 894 2306 facultas.
917 2242 957 2304 In
975 2241 1040 2305 hoc
1056 2241 1126 2308 sine
1148 2241 1251 2306 dubio
1269 2242 1432 2330 peccavit,

364 2348 511 2438 quisquis
528 2348 645 2428 fuerit,
669 2345 760 2435 quod
774 2347 902 2412 nullum
918 2347 1055 2435 posteris
1073 2347 1231 2412 indicium
1247 2347 1432 2435 reliquerit,

364 2478 406 2520 an
422 2455 476 2518 illa
488 2501 498 2536 ,
512 2475 584 2542 quae
598 2452 753 2534 mutavit,
768 2475 807 2516 ert
823 2450 944 2516 codicis
960 2453 1095 2534 alicujus
1110 2453 1317 2533 auctoritate,
1333 2473 1376 2516 an
1394 2475 1434 2517 cx

364 2561 550 2640 conjectura
570 2579 645 2640 sua,
664 2557 888 2648 profluxerint.
913 2558 1133 2648 Zinzerlingus
1152 2575 1185 2624 et
1200 2560 1354 2639 Vossius,
1376 2559 1434 2648 qui

363 2665 549 2756 diligentius
561 2665 682 2730 ceteris
696 2662 928 2752 interpretibus
938 2687 1009 2730 eam
1020 2664 1198 2730 editionem
1212 2679 1433 2748 excusserunt,

363 2774 484 2861 spuria,
499 2789 541 2854 et,
558 2787 597 2837 ut
611 2773 805 2859 loquuntur,
820 2770 862 2834 ab
877 2769 1012 2836 homine
1028 2771 1111 2835 mue
1128 2771 1242 2837 feriato
1258 2771 1434 2861 excogitata

360 2899 445 2966 saepe
460 2879 495 2942 in
510 2879 571 2942 hae
582 2876 725 2942 editione
739 2875 814 2966 legi,
828 2892 1034 2942 notaverunt.
1051 2877 1205 2944 Heinsius
1219 2899 1303 2965 saepe
1316 2877 1350 2941 in
1364 2895 1435 2941 cor

362 2985 503 3074 ruptelas
526 2983 624 3064 hujus
643 2981 795 3048 editionis
812 2982 988 3064 invehitur,
1005 2999 1039 3046 et
1056 2982 1098 3048 ad
1113 2983 1168 3047 lib.
1181 2984 1213 3065 1,
1228 2983 1311 3069 829,
1333 2983 1434 3047 inter-

361 3091 516 3181 polatoris
533 3112 669 3154 manum
689 3089 858 3177 aliquoties
875 3111 909 3154 se
925 3089 1178 3178 deprehendisse
1197 3091 1316 3172 credit3
1334 3113 1433 3180 quem

361 3214 395 3262 et
408 3194 534 3262 vidend
549 3195 605 3261 lib.
619 3197 669 3276 Il,
684 3193 767 3280 439,
779 3210 813 3258 et
827 3195 955 3281 passim.
970 3195 1035 3260 Sed
1048 3194 1090 3260 de
1109 3196 1179 3277 ejus
1196 3198 1334 3279 meritis,
1357 3198 1433 3262 satis

362 3325 401 3368 ex
416 3303 620 3393 singulorum
636 3301 872 3387 interpretum,
891 3289 923 3365 et
938 3302 1019 3366 meis
1030 3304 1117 3368 notis
1129 3304 1242 3370 lectori
1254 3303 1432 3386 constabit,

362 3424 398 3474 et
411 3429 489 3473 mox
503 3409 596 3496 plura
607 3405 777 3470 dicentur:
792 3403 933 3493 ideoque
945 3406 987 3471 ad
1000 3407 1060 3472 alia
1072 3409 1293 3474 transibimus.

406 3515 505 3577 Anno
526 3509 675 3598 sequenti
692 3509 792 3587 1524,
809 3512 975 3599 Compluti
989 3511 1091 3580 edidit
1101 3515 1265 3579 Valerium
1280 3513 1432 3577 Flaccum

365 3639 441 3682 cum
460 3617 546 3681 notis
558 3616 751 3680 Laurentius
767 3617 884 3681 Bnlbus
900 3615 1066 3701 Liliensis,
1082 3618 1125 3684 de
1136 3638 1204 3708 quo
1220 3619 1341 3708 elogia,
1360 3641 1433 3706 qum
1462 3609 1466 3624 '

366 3745 426 3788 nos
447 3721 488 3787 ex
509 3722 618 3810 priore
637 3719 991 3807 editioneadjecimus,
1015 3723 1151 3791 edocere
1167 3740 1316 3815 possunt.
1339 3725 1433 3788 Hanc

365 3827 561 3909 editionem,
575 3826 735 3892 rarissime
757 3829 791 3891 in
815 3831 937 3894 nostris
958 3832 1024 3896 eris
1046 3832 1166 3913 deam,
1181 3845 1214 3896 et
1228 3831 1267 3896 cl.
1284 3829 1433 3895 Fabricio

332 3959 341 3977 ⁸
365 3934 577 4023 preteritum,
588 3931 629 3998 ad
644 3955 722 3998 usus
737 3951 865 4001 nostros
882 3937 1100 4028 suppeditavit
1109 3938 1159 4002 vir
1168 3937 1432 4020 humanissimus,

367 4040 534 4108 Gosuinus
554 4039 856 4130 Uylenbroeekius,
877 4045 935 4132 qui
954 4043 1183 4110 Amstdodami
1200 4059 1305 4110 servat
1324 4043 1432 4108 incre-

366 4141 499 4208 dibiletn
528 4164 740 4207 nummorum
768 4159 801 4207 et
822 4146 1032 4234 reliquiarum
1056 4145 1172 4210 veteris
1198 4145 1257 4208 aevi
1283 4144 1433 4208 multitu·

366 4243 497 4327 dinem,
519 4244 573 4308 eui
588 4243 868 4310 instructissimam
889 4245 1036 4328 adjunxit
1057 4245 1308 4331 bibliothecam,
1333 4267 1431 4333 quam
