3192 5128
145 591 717 614 mmmmfflmmmmw
721 584 1230 612 ΜΜΜΜΜΨἎΜΜ

478 839 625 910 PETRI
653 839 927 910 BURMANNI

459 983 964 1153 nantelmo

635 1313 762 1382 VIRO

466 1509 653 1552 nosmsstlo
673 1511 711 1550 tt·
731 1507 902 1554 OEUSSIHO

297 1675 515 1758 PETRO
549 1675 767 1756 HAECK
803 1675 884 1754 DE
919 1673 1103 1770 JONG,

196 1896 289 1937 unns
313 1895 541 1936 utrumnum
561 1894 721 1948 sturton,
746 1894 784 1932 BT
805 1893 891 1943 QUU!
912 1893 1026 1932 utxtlts
1047 1891 1191 1940 consum,

645 2073 679 2143 S.
705 2073 749 2143 D.

421 2279 618 2350 PETRUS
648 2277 980 2349 BURMANNUS.

546 2545 793 2572 .---o>-

163 2758 398 2868 Vsunsrou
424 2801 633 2881 Futooort,
665 2799 819 2863 eximium
844 2817 877 2864 et
904 2800 1058 2864 omnibus
1086 2801 1231 2865 numeris

165 2908 352 2974 absolutum
371 2921 520 2994 poetam,
544 2905 624 2987 tibi,
639 2904 690 2967 vir
711 2903 927 2992 amplissime,
950 2921 988 2968 ut
1004 2927 1084 2967 meae
1101 2927 1176 2994 erga
1201 2921 1233 2970 te

165 3013 376 3080 observantiae
387 3028 420 3078 et
432 3028 529 3101 gratae
545 3010 720 3075 voluntatis
737 3025 820 3075 esset
834 3023 1097 3086 monumentum,
1109 3031 1232 3074 sacrare

165 3121 270 3183 risum
297 3119 370 3184 fuit
392 3118 522 3183 Parabit
537 3118 607 3205 ipse
631 3117 693 3180 sibi
716 3116 842 3182 facilem
858 3116 899 3180 ad
918 3133 949 3181 te
973 3115 1111 3200 aditum,
1128 3139 1233 3205 quum

165 3225 262 3290 nullis
286 3223 442 3290 libentius
458 3222 542 3288 aedes
560 3239 593 3288 et
614 3245 708 3288 aures
722 3239 812 3307 tuas,
829 3245 928 3312 quam
951 3223 1085 3289 eruditis
1107 3224 1232 3311 scriptis

164 3345 197 3394 et
213 3330 435 3412 sermonibus,
452 3343 562 3418 patere
577 3328 665 3394 velis.
686 3329 729 3393 Et
746 3330 891 3418 quamvis
908 3343 964 3394 tua
979 3344 1010 3393 te
1025 3327 1184 3394 industria
1200 3345 1233 3394 et

163 3436 267 3500 virtus
283 3435 392 3501 arduis
409 3433 593 3524 reipublicae
608 3449 726 3500 nostrae
742 3436 881 3525 negotiis
900 3435 1098 3519 admoverit,
1122 3451 1155 3500 et
1172 3436 1234 3498 im·

164 3567 275 3610 mensa
291 3545 345 3610 illa
358 3546 565 3636 negotiorum
581 3546 703 3629 moles,
721 3568 793 3633 quse
808 3545 998 3611 difficillimo
1011 3547 1075 3612 hoc
1087 3563 1235 3635 tempore

161 3666 303 3717 rectores
324 3651 502 3716 civitatium
520 3667 705 3717 nostrarum
725 3652 845 3740 premit
868 3669 901 3717 et
916 3675 1009 3741 paene
1033 3652 1161 3734 obruit,
1177 3653 1230 3715 vix
1256 3669 1260 3678 ’

163 3757 313 3846 patiamur,
330 3773 371 3822 ut·
381 3757 432 3822 vel
448 3759 617 3846 paululum
631 3781 650 3823 a
666 3759 776 3822 salutis
797 3772 830 3823 et
844 3757 1007 3849 dignitatis
1026 3757 1163 3847 publicae
1179 3781 1234 3822 cu-

163 3861 267 3926 stodia
281 3863 397 3928 oculos
410 3862 598 3946 demoveas,
613 3863 722 3929 nullus
736 3879 844 3928 tamen
860 3857 994 3946 dubito,
1006 3865 1103 3953 quin,
1114 3864 1172 3929 ubi
1182 3865 1233 3928 vel

162 3987 263 4031 unam
281 3968 322 4032 ab
339 3968 528 4059 ingentibus
549 3969 611 4034 illis
627 3971 713 4035 curis
729 3970 844 4035 horam
864 3993 998 4036 vacuam
1018 3971 1232 4051 nanciscaris,

162 4093 233 4136 eam
253 4074 289 4137 in
311 4074 542 4162 perlustrandis
558 4075 684 4164 antiqui
701 4077 759 4140 aevi
776 4077 999 4141 monumentis
1023 4075 1233 4140 libentissime

161 4201 284 4267 ponas,
306 4195 340 4243 et
360 4179 393 4243 in
414 4180 561 4246 maximis
581 4182 850 4271 occupationibus
874 4205 1054 4270 numquam
1078 4180 1233 4245 doctrinae

159 4283 267 4350 studia
288 4285 493 4355 intermittas.
510 4287 588 4368 Ejus
605 4287 691 4354 enim
708 4289 873 4356 sententio
896 4313 914 4353 a
932 4288 1044 4377 primis
1061 4288 1125 4369 jam
1141 4285 1237 4352 aunis
