3192 5128
751 833 825 921 IN
870 833 1153 925 LAUDEM

579 1079 868 1152 LAURENTII
900 1079 1051 1150 BALBI
1078 1081 1333 1150 LILIENSIS

669 1304 777 1340 ΡΟΕΤΙ
801 1305 836 1338 tc
861 1303 1025 1340 ΟΜΤΟΙῙΕ
1047 1305 1238 1342 claranum

613 1499 1031 1572 CONSTANTINI
1074 1501 1285 1572 FONTII

874 1705 1017 1760 SILVA.

761 1956 1155 1990 ...ηας-..-

556 2191 677 2264 Corytias
689 2188 814 2254 umbras,
827 2186 898 2240 ludis
907 2187 928 2240 si
942 2188 1010 2242 forte
1023 2188 1075 2241 sub
1088 2189 1154 2250 illis,

556 2277 746 2349 Pieridumque
756 2276 853 2332 choros
863 2275 983 2347 lugiens,
999 2287 1025 2328 et
1034 2275 1157 2330 Phocidis
1168 2277 1253 2331 undas
1262 2317 1270 2342 ‚

557 2367 617 2420 lluc
628 2383 755 2438 propera,
768 2365 846 2417 Paenn
857 2381 863 2416 ε
876 2364 979 2436 plectro
993 2375 1126 2438 cantuque
1139 2383 1244 2439 sonorc¹

557 2456 687 2509 Versibus
698 2453 808 2524 indulge
818 2473 826 2520 3
837 2465 891 2505 ncn
904 2470 958 2524 quc
969 2450 1027 2506 dun
1035 2451 1163 2507 horridus
1173 2452 1237 2507 olim

556 2543 692 2597 lllulcebas
703 2553 808 2607 taurus,
819 2539 926 2593 Admeti
938 2553 1030 2612 captus
1042 2559 1148 2608 umore,

555 2631 607 2688 sed
617 2650 688 2704 quc,
701 2641 813 2684 cuntutre
825 2629 921 2682 flerent
934 2629 999 2683 dum
1013 2629 1109 2683 munis
1117 2631 1220 2704 Trojn,

555 2720 674 2792 Cogebas
685 2719 769 2774 muris
777 2717 900 2791 Phrygiis
910 2715 1038 2771 accedere
1047 2735 1119 2772 saxa.

556 2810 600 2862 Tu
610 2826 718 2882 quoque
731 2807 821 2879 sopitis
833 2805 920 2878 aspira
933 2805 1075 2870 centibus,
1087 2807 1179 2872 Erec,

558 2899 590 2951 Et
604 2898 745 2971 conjumtu
757 2897 868 2950 veniant
880 2893 909 2948 in
922 2894 1043 2950 carmina
1054 2894 1132 2949 sires.

555 2989 623 3044 Nem
636 3005 692 3040 non
703 3003 787 3058 psrrs
798 3004 883 3049 cano,
894 3003 979 3058 psrvo
989 3005 1040 3039 uec
1049 2986 1159 3040 numine
1167 2983 1248 3057 dignu
1259 3021 1267 3050 ‚

558 3076 610 3132 sed
623 3094 678 3147 quo
690 3073 794 3127 veloces
804 3085 945 3145 properent
958 3093 974 3127 s
987 3073 1060 3128 fonte
1073 3091 1185 3128 sorores.

554 3165 639 3218 Notus
649 3163 678 3214 in
688 3161 820 3232 Hesperio
830 3161 936 3214 canitur
944 3163 1108 3216 Laurentius
1119 3163 1199 3226 orbe,

554 3251 609 3316 Qui
622 3251 665 3302 vix
674 3267 794 3320 egressus
804 3249 906 3320 primm
919 3248 1029 3304 feliciter
1038 3268 1138 3315 annor,

556 3339 616 3392 Non
626 3336 690 3390 estis
702 3353 758 3390 esre
769 3347 847 3408 putat
857 3336 953 3390 nostris
961 3339 1128 3392 contermina
1141 3338 1218 3392 terris

556 3427 645 3478 Litora
658 3423 787 3496 paulatim
797 3423 872 3478 Latin
885 3425 997 3479 lustrare
1008 3427 1117 3492 curium

555 3513 598 3566 Ad
608 3513 674 3565 lrets
686 3512 752 3584 quin
766 3511 845 3565 etism
857 3513 958 3566 cunctis
971 3515 1100 3586 impervia
1112 3514 1200 3567 nentis

557 3599 651 3670 Dirigit
663 3597 708 3651 ille
720 3609 804 3652 retem
814 3636 822 3663 ,
833 3600 1024 3673 Scythicusque
1033 3601 1069 3654 sd
1077 3601 1204 3655 Phasidos
1216 3619 1292 3661 ores,

555 3687 670 3744 Gerrula
683 3688 729 3740 ubi
738 3688 852 3761 puppis,
866 3689 942 3744 nullo
953 3689 1068 3744 ducente
1076 3691 1216 3764 magistro,

555 3779 694 3851 Mergitur,
708 3791 734 3832 et
746 3780 822 3852 periit
835 3781 920 3834 ventis
933 3782 1029 3852 agitatu
1042 3781 1170 3854 malignis.

554 3867 709 3921 Exclamant
719 3879 823 3932 nauta,
838 3867 987 3940 tolluntque
999 3868 1034 3922 ad
1047 3869 1131 3924 sidera
1142 3887 1221 3921 voces
1235 3907 1243 3933 ,

556 3955 692 4009 Florentes
699 3955 814 4028 Tiphym
822 3957 878 4028 jum
884 3956 1000 4010 Tartara
1009 3958 1084 4028 nigre
1096 3955 1237 4012 videntem.

554 4044 656 4117 Tiphyn
668 4042 742 4097 ndest
752 4044 828 4108 alter,
839 4044 912 4097 nulls
925 4055 963 4098 est
969 4047 1075 4118 jactura
1084 4043 1195 4117 prioris,

552 4133 607 4198 Qui
620 4142 710 4202 reget,
724 4141 750 4183 et
760 4129 840 4185 ducat
850 4131 924 4185 nullo
934 4129 1085 4185 discrimine
1094 4131 1224 4204 puppim,
1327 4134 1330 4140 '

555 4220 605 4274 Per
619 4217 742 4293 Scythica
749 4236 837 4283 sums,
847 4239 895 4292 per
907 4219 1093 4275 concurrentis
1106 4238 1181 4285 saxa,
