<?xml version="1.0" encoding="UTF-8"?>
<!DOCTYPE html PUBLIC "-//W3C//DTD XHTML 1.0 Transitional//EN"
    "http://www.w3.org/TR/xhtml1/DTD/xhtml1-transitional.dtd">
<html xmlns="http://www.w3.org/1999/xhtml" xml:lang="en" lang="en">
 <head>
  <title>
</title>
<meta http-equiv="Content-Type" content="text/html;charset=utf-8" />
  <meta name='ocr-system' content='tesseract 3.04.00' />
  <meta name='ocr-capabilities' content='ocr_page ocr_carea ocr_par ocr_line ocrx_word'/>
</head>
<body>
  <div class='ocr_page' id='page_1' title='image "./cvaleriiflaccis00apolgoog_0380.png"; bbox 0 0 3196 5120; ppageno 0'>
   <div class='ocr_carea' id='block_1_1' title="bbox 415 452 1001 520">
    <p class='ocr_par' dir='ltr' id='par_1_1' title="bbox 415 452 1001 520">
     <span class='ocr_line' id='line_1_1' title="bbox 415 452 1001 520; baseline 0.003 -2"><span class='ocrx_word' id='word_1_1' title='bbox 415 452 815 519; x_wconf 81' lang='lat' dir='ltr'><strong>ARGONAUTICON</strong></span> <span class='ocrx_word' id='word_1_2' title='bbox 845 456 929 520; x_wconf 79' lang='lat' dir='ltr'><strong>Llll.</strong></span> <span class='ocrx_word' id='word_1_3' title='bbox 955 458 1001 520; x_wconf 95' lang='grc' dir='ltr'><strong>ΙΙ.</strong></span> 
     </span>
    </p>
   </div>
   <div class='ocr_carea' id='block_1_2' title="bbox 1183 455 1242 541">
    <p class='ocr_par' dir='ltr' id='par_1_2' title="bbox 1183 455 1242 541">
     <span class='ocr_line' id='line_1_2' title="bbox 1183 455 1242 541; baseline 0 -21"><span class='ocrx_word' id='word_1_4' title='bbox 1183 455 1242 541; x_wconf 83' lang='lat'><strong>157</strong></span> 
     </span>
    </p>
   </div>
   <div class='ocr_carea' id='block_1_3' title="bbox 220 583 1239 779">
    <p class='ocr_par' dir='ltr' id='par_1_3' title="bbox 220 583 1239 779">
     <span class='ocr_line' id='line_1_3' title="bbox 222 583 1239 675; baseline -0.008 -25"><span class='ocrx_word' id='word_1_5' title='bbox 222 585 302 650; x_wconf 89' lang='lat' dir='ltr'><strong>Inde</strong></span> <span class='ocrx_word' id='word_1_6' title='bbox 321 584 454 664; x_wconf 85' lang='lat' dir='ltr'><strong>ubijarn</strong></span> <span class='ocrx_word' id='word_1_7' title='bbox 472 583 570 648; x_wconf 90' lang='lat' dir='ltr'><strong>medii</strong></span> <span class='ocrx_word' id='word_1_8' title='bbox 589 601 724 648; x_wconf 89' lang='lat' dir='ltr'><strong>tenuere</strong></span> <span class='ocrx_word' id='word_1_9' title='bbox 739 585 864 649; x_wconf 88' lang='lat' dir='ltr'><strong>silentia</strong></span> <span class='ocrx_word' id='word_1_10' title='bbox 880 588 991 675; x_wconf 91' lang='lat' dir='ltr'><strong>ponti,</strong></span> <span class='ocrx_word' id='word_1_11' title='bbox 1204 605 1239 643; x_wconf 82' lang='lat' dir='ltr'><strong>nt</strong></span> 
     </span>
     <span class='ocr_line' id='line_1_4' title="bbox 220 690 1049 779; baseline 0.002 -24"><span class='ocrx_word' id='word_1_12' title='bbox 220 690 464 779; x_wconf 79' lang='lat' dir='ltr'><strong>Stridentesque</strong></span> <span class='ocrx_word' id='word_1_13' title='bbox 476 691 593 770; x_wconf 87' lang='lat' dir='ltr'><strong>juvant</strong></span> <span class='ocrx_word' id='word_1_14' title='bbox 608 713 710 770; x_wconf 51' lang='lat' dir='ltr'><strong>autres,</strong></span> <span class='ocrx_word' id='word_1_15' title='bbox 729 690 877 778; x_wconf 81' lang='lat' dir='ltr'><strong>Phryxou</strong></span> <span class='ocrx_word' id='word_1_16' title='bbox 895 693 1049 758; x_wconf 84' lang='lat' dir='ltr'>subibant</span> 
     </span>
    </p>
   </div>
   <div class='ocr_carea' id='block_1_4' title="bbox 129 801 1160 1121">
    <p class='ocr_par' dir='ltr' id='par_1_4' title="bbox 129 801 1160 1121">
     <span class='ocr_line' id='line_1_5' title="bbox 221 801 1160 895; baseline 0.002 -25"><span class='ocrx_word' id='word_1_17' title='bbox 221 807 384 892; x_wconf 85' lang='lat' dir='ltr'><strong>AEquora,</strong></span> <span class='ocrx_word' id='word_1_18' title='bbox 402 821 435 868; x_wconf 90' lang='lat' dir='ltr'><strong>et</strong></span> <span class='ocrx_word' id='word_1_19' title='bbox 448 821 601 895; x_wconf 84' lang='lat' dir='ltr'><strong>angustas</strong></span> <span class='ocrx_word' id='word_1_20' title='bbox 620 801 787 892; x_wconf 80' lang='lat' dir='ltr'><strong>quondam</strong></span> <span class='ocrx_word' id='word_1_21' title='bbox 806 805 875 870; x_wconf 88' lang='lat' dir='ltr'><strong>sine</strong></span> <span class='ocrx_word' id='word_1_22' title='bbox 891 808 1024 871; x_wconf 88' lang='lat' dir='ltr'><strong>nomine</strong></span> <span class='ocrx_word' id='word_1_23' title='bbox 1041 805 1160 872; x_wconf 82' lang='lat' dir='ltr'><strong>fauces.</strong></span> 
     </span>
     <span class='ocr_line' id='line_1_6' title="bbox 129 918 1081 1006; baseline 0.003 -23"><span class='ocrx_word' id='word_1_24' title='bbox 129 949 133 956; x_wconf 92' lang='lat'>·</span> <span class='ocrx_word' id='word_1_25' title='bbox 220 921 303 984; x_wconf 84' lang='lat' dir='ltr'><strong>Ecce</strong></span> <span class='ocrx_word' id='word_1_26' title='bbox 319 935 427 984; x_wconf 83' lang='lat' dir='ltr'><strong>autern</strong></span> <span class='ocrx_word' id='word_1_27' title='bbox 445 919 548 1006; x_wconf 87' lang='lat' dir='ltr'><strong>prima</strong></span> <span class='ocrx_word' id='word_1_28' title='bbox 564 919 730 982; x_wconf 84' lang='lat' dir='ltr'><strong>volucrem</strong></span> <span class='ocrx_word' id='word_1_29' title='bbox 745 918 807 983; x_wconf 89' lang='lat' dir='ltr'><strong>suh</strong></span> <span class='ocrx_word' id='word_1_30' title='bbox 825 919 898 984; x_wconf 88' lang='lat' dir='ltr'><strong>luce</strong></span> <span class='ocrx_word' id='word_1_31' title='bbox 913 918 1081 986; x_wconf 83' lang='lat' dir='ltr'><strong>dehiscens</strong></span> 
     </span>
     <span class='ocr_line' id='line_1_7' title="bbox 221 1033 1066 1121; baseline 0.001 -22"><span class='ocrx_word' id='word_1_32' title='bbox 221 1036 351 1099; x_wconf 86' lang='lat' dir='ltr'><strong>Terruit</strong></span> <span class='ocrx_word' id='word_1_33' title='bbox 366 1033 454 1098; x_wconf 91' lang='lat' dir='ltr'><strong>unda</strong></span> <span class='ocrx_word' id='word_1_34' title='bbox 469 1049 589 1109; x_wconf 89' lang='lat' dir='ltr'><strong>ratem,</strong></span> <span class='ocrx_word' id='word_1_35' title='bbox 606 1034 782 1121; x_wconf 82' lang='lat' dir='ltr'><strong>vittataque</strong></span> <span class='ocrx_word' id='word_1_36' title='bbox 798 1035 944 1099; x_wconf 87' lang='lat' dir='ltr'><strong>constitit</strong></span> <span class='ocrx_word' id='word_1_37' title='bbox 959 1035 1066 1119; x_wconf 88' lang='lat' dir='ltr'><strong>Helle,</strong></span> 
     </span>
    </p>
   </div>
   <div class='ocr_carea' id='block_1_5' title="bbox 221 1147 1244 1238">
    <p class='ocr_par' dir='ltr' id='par_1_5' title="bbox 221 1147 1244 1238">
     <span class='ocr_line' id='line_1_8' title="bbox 221 1147 1244 1238; baseline 0.004 -22"><span class='ocrx_word' id='word_1_38' title='bbox 221 1153 290 1216; x_wconf 81' lang='lat' dir='ltr'><strong>Jarn</strong></span> <span class='ocrx_word' id='word_1_39' title='bbox 305 1151 451 1238; x_wconf 85' lang='lat' dir='ltr'><strong>Panopes</strong></span> <span class='ocrx_word' id='word_1_40' title='bbox 467 1147 679 1238; x_wconf 84' lang='lat' dir='ltr'><strong>Thetidisque</strong></span> <span class='ocrx_word' id='word_1_41' title='bbox 697 1172 807 1232; x_wconf 87' lang='lat' dir='ltr'><strong>soror,</strong></span> <span class='ocrx_word' id='word_1_42' title='bbox 822 1151 955 1238; x_wconf 86' lang='lat' dir='ltr'><strong>jamque</strong></span> <span class='ocrx_word' id='word_1_43' title='bbox 969 1173 1063 1216; x_wconf 86' lang='lat' dir='ltr'><strong>aurea</strong></span> <span class='ocrx_word' id='word_1_44' title='bbox 1079 1153 1154 1218; x_wconf 79' lang='lat' dir='ltr'><strong>laeva</strong></span> <span class='ocrx_word' id='word_1_45' title='bbox 1205 1170 1244 1220; x_wconf 74' lang='lat'><strong>⁵9⁰</strong></span> 
     </span>
    </p>
   </div>
   <div class='ocr_carea' id='block_1_6' title="bbox 221 1249 1242 1468">
    <p class='ocr_par' dir='ltr' id='par_1_6' title="bbox 221 1249 1242 1468">
     <span class='ocr_line' id='line_1_9' title="bbox 221 1249 1242 1356; baseline 0.001 -25"><span class='ocrx_word' id='word_1_46' title='bbox 221 1268 352 1355; x_wconf 86' lang='lat' dir='ltr'><strong>Sceptra</strong></span> <span class='ocrx_word' id='word_1_47' title='bbox 361 1282 490 1348; x_wconf 80' lang='lat' dir='ltr'><strong>tenens3</strong></span> <span class='ocrx_word' id='word_1_48' title='bbox 502 1282 571 1329; x_wconf 90' lang='lat' dir='ltr'><strong>tum</strong></span> <span class='ocrx_word' id='word_1_49' title='bbox 583 1266 698 1330; x_wconf 82' lang='lat' dir='ltr'><strong>sternit</strong></span> <span class='ocrx_word' id='word_1_50' title='bbox 708 1287 807 1354; x_wconf 85' lang='lat' dir='ltr'><strong>aquas</strong></span> <span class='ocrx_word' id='word_1_51' title='bbox 816 1313 825 1346; x_wconf 92' lang='lat'><strong>,</strong></span> <span class='ocrx_word' id='word_1_52' title='bbox 833 1287 1049 1355; x_wconf 85' lang='lat' dir='ltr'><strong>proceresque</strong></span> <span class='ocrx_word' id='word_1_53' title='bbox 1060 1249 1242 1356; x_wconf 85' lang='lat' dir='ltr'><strong>ducemque</strong></span> 
     </span>
     <span class='ocr_line' id='line_1_10' title="bbox 221 1379 1000 1468; baseline -0.001 -22"><span class='ocrx_word' id='word_1_54' title='bbox 221 1381 360 1468; x_wconf 85' lang='lat' dir='ltr'><strong>Aspicit,</strong></span> <span class='ocrx_word' id='word_1_55' title='bbox 373 1395 407 1444; x_wconf 92' lang='lat' dir='ltr'><strong>et</strong></span> <span class='ocrx_word' id='word_1_56' title='bbox 421 1379 553 1468; x_wconf 81' lang='lat' dir='ltr'><strong>placidis</strong></span> <span class='ocrx_word' id='word_1_57' title='bbox 569 1380 740 1468; x_wconf 88' lang='lat' dir='ltr'><strong>compellat</strong></span> <span class='ocrx_word' id='word_1_58' title='bbox 755 1383 871 1445; x_wconf 83' lang='lat' dir='ltr'><strong>lasona</strong></span> <span class='ocrx_word' id='word_1_59' title='bbox 887 1379 1000 1445; x_wconf 78' lang='lat' dir='ltr'><strong>thetis:</strong></span> 
     </span>
    </p>
   </div>
   <div class='ocr_carea' id='block_1_7' title="bbox 204 1495 1242 2270">
    <p class='ocr_par' dir='ltr' id='par_1_7' title="bbox 221 1495 1146 1700">
     <span class='ocr_line' id='line_1_11' title="bbox 222 1495 1146 1585; baseline 0 -25"><span class='ocrx_word' id='word_1_60' title='bbox 222 1529 233 1550; x_wconf 76' lang='grc' dir='ltr'><strong>ιι</strong></span> <span class='ocrx_word' id='word_1_61' title='bbox 246 1499 293 1560; x_wconf 85' lang='lat' dir='ltr'><strong>Te</strong></span> <span class='ocrx_word' id='word_1_62' title='bbox 307 1517 440 1584; x_wconf 90' lang='lat' dir='ltr'><strong>quoque</strong></span> <span class='ocrx_word' id='word_1_63' title='bbox 454 1495 494 1558; x_wconf 88' lang='lat' dir='ltr'><strong>ab</strong></span> <span class='ocrx_word' id='word_1_64' title='bbox 512 1495 688 1558; x_wconf 82' lang='lat' dir='ltr'><strong>Haemouiis</strong></span> <span class='ocrx_word' id='word_1_65' title='bbox 706 1495 817 1584; x_wconf 85' lang='lat' dir='ltr'><strong>ignota</strong></span> <span class='ocrx_word' id='word_1_66' title='bbox 832 1518 891 1585; x_wconf 93' lang='lat' dir='ltr'><strong>per</strong></span> <span class='ocrx_word' id='word_1_67' title='bbox 907 1517 1037 1583; x_wconf 82' lang='lat' dir='ltr'><strong>aequore</strong></span> <span class='ocrx_word' id='word_1_68' title='bbox 1054 1497 1146 1560; x_wconf 90' lang='lat' dir='ltr'><strong>terris</strong></span> 
     </span>
     <span class='ocr_line' id='line_1_12' title="bbox 221 1607 1083 1700; baseline 0 -26"><span class='ocrx_word' id='word_1_69' title='bbox 221 1613 332 1700; x_wconf 80' lang='lat' dir='ltr'><strong>Regna</strong></span> <span class='ocrx_word' id='word_1_70' title='bbox 347 1609 463 1673; x_wconf 86' lang='lat' dir='ltr'><strong>infesta</strong></span> <span class='ocrx_word' id='word_1_71' title='bbox 479 1607 617 1689; x_wconf 89' lang='lat' dir='ltr'><strong>domus,</strong></span> <span class='ocrx_word' id='word_1_72' title='bbox 634 1609 771 1697; x_wconf 84' lang='lat' dir='ltr'><strong>fatisque</strong></span> <span class='ocrx_word' id='word_1_73' title='bbox 788 1609 948 1674; x_wconf 89' lang='lat' dir='ltr'><strong>simillima</strong></span> <span class='ocrx_word' id='word_1_74' title='bbox 965 1613 1083 1674; x_wconf 84' lang='lat' dir='ltr'><strong>nostris</strong></span> 
     </span>
    </p>

    <p class='ocr_par' dir='ltr' id='par_1_8' title="bbox 204 1721 1242 2154">
     <span class='ocr_line' id='line_1_13' title="bbox 221 1721 1242 1810; baseline 0.001 -23"><span class='ocrx_word' id='word_1_75' title='bbox 221 1727 296 1788; x_wconf 86' lang='lat' dir='ltr'><strong>Fata</strong></span> <span class='ocrx_word' id='word_1_76' title='bbox 312 1724 440 1804; x_wconf 72' lang='lat' dir='ltr'><strong>ferunt,</strong></span> <span class='ocrx_word' id='word_1_77' title='bbox 461 1724 580 1786; x_wconf 88' lang='lat' dir='ltr'><strong>iterum</strong></span> <span class='ocrx_word' id='word_1_78' title='bbox 598 1721 723 1786; x_wconf 85' lang='lat' dir='ltr'><strong>AEolios</strong></span> <span class='ocrx_word' id='word_1_79' title='bbox 742 1723 887 1786; x_wconf 85' lang='lat' dir='ltr'><strong>Fortuna</strong></span> <span class='ocrx_word' id='word_1_80' title='bbox 903 1739 1035 1810; x_wconf 86' lang='lat' dir='ltr'><strong>penates</strong></span> <span class='ocrx_word' id='word_1_81' title='bbox 1205 1749 1242 1800; x_wconf 73' lang='lat'><strong>⁵9⁵</strong></span> 
     </span>
     <span class='ocr_line' id='line_1_14' title="bbox 220 1828 1153 1926; baseline 0 -24"><span class='ocrx_word' id='word_1_82' title='bbox 220 1837 364 1926; x_wconf 83' lang='lat' dir='ltr'><strong>Spargit,</strong></span> <span class='ocrx_word' id='word_1_83' title='bbox 381 1852 414 1899; x_wconf 90' lang='lat' dir='ltr'><strong>et</strong></span> <span class='ocrx_word' id='word_1_84' title='bbox 429 1834 540 1900; x_wconf 81' lang='lat' dir='ltr'><strong>infelix</strong></span> <span class='ocrx_word' id='word_1_85' title='bbox 554 1828 745 1923; x_wconf 83' lang='lat' dir='ltr'><strong>Scythicum&#39;</strong></span> <span class='ocrx_word' id='word_1_86' title='bbox 760 1857 840 1923; x_wconf 85' lang='lat' dir='ltr'><strong>gens</strong></span> <span class='ocrx_word' id='word_1_87' title='bbox 854 1836 995 1922; x_wconf 85' lang='lat' dir='ltr'><strong>quaeritis</strong></span> <span class='ocrx_word' id='word_1_88' title='bbox 1013 1859 1153 1902; x_wconf 80' lang='lat' dir='ltr'><strong>amnem.</strong></span> 
     </span>
     <span class='ocr_line' id='line_1_15' title="bbox 222 1945 1053 2039; baseline -0.001 -24"><span class='ocrx_word' id='word_1_89' title='bbox 222 1953 317 2015; x_wconf 84' lang='lat' dir='ltr'><strong>Vasta</strong></span> <span class='ocrx_word' id='word_1_90' title='bbox 333 1973 430 2039; x_wconf 88' lang='lat' dir='ltr'><strong>super</strong></span> <span class='ocrx_word' id='word_1_91' title='bbox 443 1949 557 2031; x_wconf 90' lang='lat' dir='ltr'><strong>tellus,</strong></span> <span class='ocrx_word' id='word_1_92' title='bbox 573 1949 727 2037; x_wconf 82' lang='lat' dir='ltr'><strong>longum,</strong></span> <span class='ocrx_word' id='word_1_93' title='bbox 744 1971 786 2011; x_wconf 91' lang='lat' dir='ltr'><strong>ne</strong></span> <span class='ocrx_word' id='word_1_94' title='bbox 804 1945 907 2014; x_wconf 88' lang='lat' dir='ltr'><strong>defice</strong></span> <span class='ocrx_word' id='word_1_95' title='bbox 924 1951 1053 2038; x_wconf 87' lang='lat' dir='ltr'><strong>coeptis,</strong></span> 
     </span>
     <span class='ocr_line' id='line_1_16' title="bbox 204 2061 1121 2154; baseline -0.003 -21"><span class='ocrx_word' id='word_1_96' title='bbox 204 2103 206 2108; x_wconf 35' lang='lat' dir='ltr'>v</span> <span class='ocrx_word' id='word_1_97' title='bbox 221 2067 359 2154; x_wconf 85' lang='lat' dir='ltr'><strong>AEquor‚</strong></span> <span class='ocrx_word' id='word_1_98' title='bbox 375 2081 406 2130; x_wconf 89' lang='lat' dir='ltr'><strong>et</strong></span> <span class='ocrx_word' id='word_1_99' title='bbox 419 2066 488 2153; x_wconf 92' lang='lat' dir='ltr'><strong>ipse</strong></span> <span class='ocrx_word' id='word_1_100' title='bbox 502 2064 634 2153; x_wconf 93' lang='lat' dir='ltr'><strong>procul,</strong></span> <span class='ocrx_word' id='word_1_101' title='bbox 648 2086 762 2127; x_wconf 85' lang='lat' dir='ltr'><strong>verum</strong></span> <span class='ocrx_word' id='word_1_102' title='bbox 781 2061 871 2127; x_wconf 86' lang='lat' dir='ltr'><strong>dabit</strong></span> <span class='ocrx_word' id='word_1_103' title='bbox 888 2065 984 2146; x_wconf 84' lang='lat' dir='ltr'><strong>ostia,</strong></span> <span class='ocrx_word' id='word_1_104' title='bbox 999 2065 1121 2132; x_wconf 87' lang='lat' dir='ltr'><strong>Phasis.</strong></span> 
     </span>
    </p>

    <p class='ocr_par' dir='ltr' id='par_1_9' title="bbox 221 2179 1094 2270">
     <span class='ocr_line' id='line_1_17' title="bbox 221 2179 1094 2270; baseline -0.002 -22"><span class='ocrx_word' id='word_1_105' title='bbox 221 2183 281 2248; x_wconf 90' lang='lat' dir='ltr'><strong>Hic</strong></span> <span class='ocrx_word' id='word_1_106' title='bbox 298 2205 414 2262; x_wconf 73' lang='lat' dir='ltr'><strong>nemus</strong></span> <span class='ocrx_word' id='word_1_107' title='bbox 432 2203 604 2260; x_wconf 87' lang='lat' dir='ltr'><strong>arcanum,</strong></span> <span class='ocrx_word' id='word_1_108' title='bbox 622 2179 823 2270; x_wconf 81' lang='lat' dir='ltr'><strong>geminaeque</strong></span> <span class='ocrx_word' id='word_1_109' title='bbox 838 2179 1017 2244; x_wconf 84' lang='lat' dir='ltr'><strong>virentibus</strong></span> <span class='ocrx_word' id='word_1_110' title='bbox 1034 2205 1094 2246; x_wconf 74' lang='lat' dir='ltr'><strong>arae</strong></span> 
     </span>
    </p>
   </div>
   <div class='ocr_carea' id='block_1_8' title="bbox 207 2377 1262 2442">
    <p class='ocr_par' dir='ltr' id='par_1_10' title="bbox 207 2377 1262 2442">
     <span class='ocr_line' id='line_1_18' title="bbox 207 2377 1262 2442; baseline -0.002 -14"><span class='ocrx_word' id='word_1_111' title='bbox 207 2383 259 2442; x_wconf 80' lang='lat'><strong>587.</strong></span> <span class='ocrx_word' id='word_1_112' title='bbox 270 2383 376 2427; x_wconf 76' lang='lat' dir='ltr'><strong>Nuntios.</strong></span> <span class='ocrx_word' id='word_1_113' title='bbox 387 2381 453 2425; x_wconf 79' lang='lat' dir='ltr'><strong>Cas-r.</strong></span> <span class='ocrx_word' id='word_1_114' title='bbox 467 2378 520 2424; x_wconf 84' lang='lat' dir='ltr'><strong>eod.</strong></span> <span class='ocrx_word' id='word_1_115' title='bbox 536 2379 613 2438; x_wconf 76' lang='lat' dir='ltr'><strong>Gryp.</strong></span> <span class='ocrx_word' id='word_1_116' title='bbox 626 2404 656 2411; x_wconf 93' lang='lat'>-</span> <span class='ocrx_word' id='word_1_117' title='bbox 671 2377 725 2438; x_wconf 80' lang='lat'><strong>595.</strong></span> <span class='ocrx_word' id='word_1_118' title='bbox 739 2379 843 2438; x_wconf 77' lang='lat' dir='ltr'><strong>Nepotes.</strong></span> <span class='ocrx_word' id='word_1_119' title='bbox 855 2377 931 2424; x_wconf 68' lang='lat' dir='ltr'><strong>Vstici</strong></span> <span class='ocrx_word' id='word_1_120' title='bbox 942 2381 1032 2426; x_wconf 84' lang='lat' dir='ltr'><strong>Bouou.</strong></span> <span class='ocrx_word' id='word_1_121' title='bbox 1047 2380 1117 2426; x_wconf 84' lang='lat' dir='ltr'><strong>codd.</strong></span> <span class='ocrx_word' id='word_1_122' title='bbox 1132 2383 1219 2427; x_wconf 79' lang='lat' dir='ltr'><strong>Boron.</strong></span> <span class='ocrx_word' id='word_1_123' title='bbox 1233 2385 1241 2426; x_wconf 92' lang='grc' dir='ltr'>Ι</span> <span class='ocrx_word' id='word_1_124' title='bbox 1260 2393 1262 2398; x_wconf 92' lang='grc'><strong><em>·</em></strong></span> 
     </span>
    </p>
   </div>
   <div class='ocr_carea' id='block_1_9' title="bbox 178 2457 432 2506">
    <p class='ocr_par' dir='ltr' id='par_1_11' title="bbox 178 2457 432 2506">
     <span class='ocr_line' id='line_1_19' title="bbox 178 2457 432 2506; baseline -0.012 0"><span class='ocrx_word' id='word_1_125' title='bbox 178 2471 200 2505; x_wconf 87' lang='lat' dir='ltr'><strong>et</strong></span> <span class='ocrx_word' id='word_1_126' title='bbox 212 2462 241 2506; x_wconf 91' lang='lat' dir='ltr'><strong>ll.</strong></span> <span class='ocrx_word' id='word_1_127' title='bbox 251 2463 262 2504; x_wconf 86' lang='lat' dir='ltr'>J</span> <span class='ocrx_word' id='word_1_128' title='bbox 267 2468 316 2505; x_wconf 84' lang='lat' dir='ltr'><strong>unt.</strong></span> <span class='ocrx_word' id='word_1_129' title='bbox 326 2457 378 2504; x_wconf 80' lang='lat' dir='ltr'><strong>ttd.</strong></span> <span class='ocrx_word' id='word_1_130' title='bbox 388 2459 432 2503; x_wconf 83' lang='lat' dir='ltr'><strong>Eo.</strong></span> 
     </span>
    </p>
   </div>
   <div class='ocr_carea' id='block_1_10' title="bbox 169 2627 687 4288">
    <p class='ocr_par' dir='ltr' id='par_1_12' title="bbox 169 2627 685 3256">
     <span class='ocr_line' id='line_1_20' title="bbox 169 2627 684 2702; baseline -0.008 -18"><span class='ocrx_word' id='word_1_131' title='bbox 169 2637 239 2702; x_wconf 83' lang='lat' dir='ltr'><strong>fessa</strong></span> <span class='ocrx_word' id='word_1_132' title='bbox 270 2636 381 2691; x_wconf 78' lang='lat' dir='ltr'><strong>vident,</strong></span> <span class='ocrx_word' id='word_1_133' title='bbox 407 2627 548 2701; x_wconf 78' lang='lat' dir='ltr'><strong>pervigilia</strong></span> <span class='ocrx_word' id='word_1_134' title='bbox 567 2627 684 2681; x_wconf 84' lang='lat' dir='ltr'><strong>hilariter</strong></span> 
     </span>
     <span class='ocr_line' id='line_1_21' title="bbox 177 2706 684 2784; baseline -0.014 -19"><span class='ocrx_word' id='word_1_135' title='bbox 177 2712 310 2784; x_wconf 80' lang='lat' dir='ltr'><strong>egentium</strong></span> <span class='ocrx_word' id='word_1_136' title='bbox 320 2711 355 2762; x_wconf 89' lang='lat' dir='ltr'><strong>ob</strong></span> <span class='ocrx_word' id='word_1_137' title='bbox 363 2709 478 2762; x_wconf 85' lang='lat' dir='ltr'><strong>belluam</strong></span> <span class='ocrx_word' id='word_1_138' title='bbox 489 2706 618 2771; x_wconf 65' lang='lat' dir='ltr'><strong>occisam</strong></span> <span class='ocrx_word' id='word_1_139' title='bbox 628 2710 684 2758; x_wconf 77' lang='lat' dir='ltr'><strong>ltine</strong></span> 
     </span>
     <span class='ocr_line' id='line_1_22' title="bbox 177 2786 685 2854; baseline -0.008 -13"><span class='ocrx_word' id='word_1_140' title='bbox 177 2795 259 2852; x_wconf 83' lang='lat' dir='ltr'><strong>unda,</strong></span> <span class='ocrx_word' id='word_1_141' title='bbox 273 2791 367 2853; x_wconf 83' lang='lat' dir='ltr'><strong>litora,</strong></span> <span class='ocrx_word' id='word_1_142' title='bbox 381 2792 438 2840; x_wconf 81' lang='lat' dir='ltr'><strong>ltine</strong></span> <span class='ocrx_word' id='word_1_143' title='bbox 454 2790 532 2838; x_wconf 86' lang='lat' dir='ltr'><strong>sacris</strong></span> <span class='ocrx_word' id='word_1_144' title='bbox 547 2789 642 2854; x_wconf 77' lang='lat' dir='ltr'><strong>ignibus</strong></span> <span class='ocrx_word' id='word_1_145' title='bbox 656 2786 685 2838; x_wconf 86' lang='lat' dir='ltr'><strong>iu</strong></span> 
     </span>
     <span class='ocr_line' id='line_1_23' title="bbox 176 2863 683 2943; baseline -0.016 -20"><span class='ocrx_word' id='word_1_146' title='bbox 176 2870 287 2943; x_wconf 86' lang='lat' dir='ltr'><strong>Cybeles</strong></span> <span class='ocrx_word' id='word_1_147' title='bbox 306 2869 436 2920; x_wconf 87' lang='lat' dir='ltr'><strong>honorem</strong></span> <span class='ocrx_word' id='word_1_148' title='bbox 453 2871 502 2918; x_wconf 79' lang='lat' dir='ltr'><strong>Ida</strong></span> <span class='ocrx_word' id='word_1_149' title='bbox 519 2868 606 2917; x_wconf 74' lang='lat' dir='ltr'><strong>vibras</strong></span> <span class='ocrx_word' id='word_1_150' title='bbox 616 2863 683 2932; x_wconf 82' lang='lat' dir='ltr'><strong>(vid.</strong></span> 
     </span>
     <span class='ocr_line' id='line_1_24' title="bbox 176 2947 684 3018; baseline -0.01 -18"><span class='ocrx_word' id='word_1_151' title='bbox 176 2951 323 3013; x_wconf 78' lang='lat' dir='ltr'><strong>v111,306‚</strong></span> <span class='ocrx_word' id='word_1_152' title='bbox 335 2947 553 3018; x_wconf 81' lang='lat' dir='ltr'><strong>vibrataflanunis</strong></span> <span class='ocrx_word' id='word_1_153' title='bbox 562 2947 684 3014; x_wconf 84' lang='lat' dir='ltr'><strong>oequora),</strong></span> 
     </span>
     <span class='ocr_line' id='line_1_25' title="bbox 177 3028 683 3095; baseline -0.016 -15"><span class='ocrx_word' id='word_1_154' title='bbox 177 3043 199 3080; x_wconf 81' lang='lat' dir='ltr'><strong>rt</strong></span> <span class='ocrx_word' id='word_1_155' title='bbox 225 3031 359 3080; x_wconf 74' lang='lat' dir='ltr'><strong>horrisonas</strong></span> <span class='ocrx_word' id='word_1_156' title='bbox 382 3029 528 3095; x_wconf 82' lang='lat' dir='ltr'><strong>respondent</strong></span> <span class='ocrx_word' id='word_1_157' title='bbox 551 3028 683 3091; x_wconf 74' lang='lat' dir='ltr'><strong>Gargara,</strong></span> 
     </span>
     <span class='ocr_line' id='line_1_26' title="bbox 177 3100 685 3179; baseline -0.014 -19"><span class='ocrx_word' id='word_1_158' title='bbox 177 3107 229 3160; x_wconf 75' lang='lat' dir='ltr'><strong>Ide</strong></span> <span class='ocrx_word' id='word_1_159' title='bbox 241 3125 301 3179; x_wconf 78' lang='lat' dir='ltr'><strong>pers</strong></span> <span class='ocrx_word' id='word_1_160' title='bbox 310 3145 318 3169; x_wconf 92' lang='lat'>‚</span> <span class='ocrx_word' id='word_1_161' title='bbox 327 3110 408 3166; x_wconf 73' lang='lat' dir='ltr'><strong>buxo,</strong></span> <span class='ocrx_word' id='word_1_162' title='bbox 422 3113 547 3157; x_wconf 81' lang='lat' dir='ltr'><strong>resonant</strong></span> <span class='ocrx_word' id='word_1_163' title='bbox 560 3101 595 3154; x_wconf 82' lang='lat' dir='ltr'><strong>ad</strong></span> <span class='ocrx_word' id='word_1_164' title='bbox 608 3100 685 3154; x_wconf 82' lang='lat' dir='ltr'><strong>tibia·</strong></span> 
     </span>
     <span class='ocr_line' id='line_1_27' title="bbox 176 3183 648 3256; baseline -0.017 -15"><span class='ocrx_word' id='word_1_165' title='bbox 176 3205 234 3240; x_wconf 87' lang='lat' dir='ltr'><strong>rum</strong></span> <span class='ocrx_word' id='word_1_166' title='bbox 253 3199 279 3239; x_wconf 88' lang='lat' dir='ltr'><strong>et</strong></span> <span class='ocrx_word' id='word_1_167' title='bbox 298 3196 487 3256; x_wconf 84' lang='lat' dir='ltr'><strong>tympanorum</strong></span> <span class='ocrx_word' id='word_1_168' title='bbox 500 3183 648 3254; x_wconf 84' lang='lat' dir='ltr'><strong>strepitum.</strong></span> 
     </span>
    </p>

    <p class='ocr_par' dir='ltr' id='par_1_13' title="bbox 175 3261 687 3655">
     <span class='ocr_line' id='line_1_28' title="bbox 212 3261 687 3332; baseline -0.011 -15"><span class='ocrx_word' id='word_1_169' title='bbox 212 3267 274 3320; x_wconf 79' lang='lat'><strong>585.</strong></span> <span class='ocrx_word' id='word_1_170' title='bbox 300 3263 366 3316; x_wconf 83' lang='lat' dir='ltr'><strong>lude</strong></span> <span class='ocrx_word' id='word_1_171' title='bbox 382 3262 411 3314; x_wconf 84' lang='lat' dir='ltr'><strong>in</strong></span> <span class='ocrx_word' id='word_1_172' title='bbox 438 3261 516 3316; x_wconf 85' lang='lat' dir='ltr'><strong>altius</strong></span> <span class='ocrx_word' id='word_1_173' title='bbox 534 3279 607 3313; x_wconf 81' lang='lat' dir='ltr'><strong>mare</strong></span> <span class='ocrx_word' id='word_1_174' title='bbox 625 3280 687 3332; x_wconf 92' lang='lat' dir='ltr'><strong>pro·</strong></span> 
     </span>
     <span class='ocr_line' id='line_1_29' title="bbox 176 3345 687 3418; baseline -0.012 -21"><span class='ocrx_word' id='word_1_175' title='bbox 176 3345 269 3418; x_wconf 78' lang='lat' dir='ltr'><strong>gressi,</strong></span> <span class='ocrx_word' id='word_1_176' title='bbox 278 3348 391 3408; x_wconf 66' lang='lat' dir='ltr'><strong>Phrynen</strong></span> <span class='ocrx_word' id='word_1_177' title='bbox 401 3345 513 3393; x_wconf 80' lang='lat' dir='ltr'><strong>subibant</strong></span> <span class='ocrx_word' id='word_1_178' title='bbox 520 3361 630 3408; x_wconf 64' lang='lat' dir='ltr'><strong>aequora,</strong></span> <span class='ocrx_word' id='word_1_179' title='bbox 641 3359 687 3411; x_wconf 84' lang='lat' dir='ltr'><strong>up-</strong></span> 
     </span>
     <span class='ocr_line' id='line_1_30' title="bbox 176 3420 686 3495; baseline -0.014 -19"><span class='ocrx_word' id='word_1_180' title='bbox 176 3422 387 3495; x_wconf 85' lang='lat' dir='ltr'><strong>propinquabsnt</strong></span> <span class='ocrx_word' id='word_1_181' title='bbox 400 3459 407 3484; x_wconf 93' lang='lat'><strong>,</strong></span> <span class='ocrx_word' id='word_1_182' title='bbox 421 3432 450 3473; x_wconf 86' lang='lat' dir='ltr'><strong>et</strong></span> <span class='ocrx_word' id='word_1_183' title='bbox 463 3435 584 3488; x_wconf 79' lang='lat' dir='ltr'><strong>angustas</strong></span> <span class='ocrx_word' id='word_1_184' title='bbox 594 3420 686 3488; x_wconf 83' lang='lat' dir='ltr'><strong>fauces</strong></span> 
     </span>
     <span class='ocr_line' id='line_1_31' title="bbox 177 3499 686 3572; baseline -0.012 -16"><span class='ocrx_word' id='word_1_185' title='bbox 177 3507 301 3572; x_wconf 77' lang='lat' dir='ltr'><strong>qnondam</strong></span> <span class='ocrx_word' id='word_1_186' title='bbox 312 3505 365 3554; x_wconf 78' lang='lat' dir='ltr'><strong>stite</strong></span> <span class='ocrx_word' id='word_1_187' title='bbox 379 3504 490 3561; x_wconf 87' lang='lat' dir='ltr'><strong>nomine,</strong></span> <span class='ocrx_word' id='word_1_188' title='bbox 502 3519 574 3552; x_wconf 88' lang='lat' dir='ltr'><strong>nunc</strong></span> <span class='ocrx_word' id='word_1_189' title='bbox 585 3499 686 3551; x_wconf 85' lang='lat' dir='ltr'><strong>Helles-</strong></span> 
     </span>
     <span class='ocr_line' id='line_1_32' title="bbox 175 3595 297 3655; baseline -0.016 -20"><span class='ocrx_word' id='word_1_190' title='bbox 175 3595 297 3655; x_wconf 86' lang='lat' dir='ltr'><strong>pontum.</strong></span> 
     </span>
    </p>

    <p class='ocr_par' dir='ltr' id='par_1_14' title="bbox 174 3656 686 4288">
     <span class='ocr_line' id='line_1_33' title="bbox 212 3656 685 3715; baseline -0.017 0"><span class='ocrx_word' id='word_1_191' title='bbox 212 3663 273 3715; x_wconf 80' lang='lat'><strong>588.</strong></span> <span class='ocrx_word' id='word_1_192' title='bbox 291 3660 380 3712; x_wconf 88' lang='lat' dir='ltr'><strong>Primo</strong></span> <span class='ocrx_word' id='word_1_193' title='bbox 396 3659 484 3712; x_wconf 86' lang='lat' dir='ltr'><strong>statim</strong></span> <span class='ocrx_word' id='word_1_194' title='bbox 503 3656 622 3710; x_wconf 84' lang='lat' dir='ltr'><strong>diluculo</strong></span> <span class='ocrx_word' id='word_1_195' title='bbox 640 3661 685 3708; x_wconf 82' lang='lat' dir='ltr'><strong>de-</strong></span> 
     </span>
     <span class='ocr_line' id='line_1_34' title="bbox 175 3736 684 3806; baseline -0.01 -15"><span class='ocrx_word' id='word_1_196' title='bbox 175 3743 293 3800; x_wconf 71' lang='lat' dir='ltr'><strong>hiscentes</strong></span> <span class='ocrx_word' id='word_1_197' title='bbox 312 3743 388 3790; x_wconf 83' lang='lat' dir='ltr'><strong>subito</strong></span> <span class='ocrx_word' id='word_1_198' title='bbox 407 3742 487 3788; x_wconf 73' lang='lat' dir='ltr'><strong>tendas</strong></span> <span class='ocrx_word' id='word_1_199' title='bbox 505 3736 684 3806; x_wconf 88' lang='lat' dir='ltr'><strong>conspiciunt,</strong></span> 
     </span>
     <span class='ocr_line' id='line_1_35' title="bbox 177 3817 686 3886; baseline -0.008 -16"><span class='ocrx_word' id='word_1_200' title='bbox 177 3831 201 3870; x_wconf 83' lang='lat' dir='ltr'><strong>et</strong></span> <span class='ocrx_word' id='word_1_201' title='bbox 217 3823 306 3871; x_wconf 78' lang='lat' dir='ltr'><strong>vittata</strong></span> <span class='ocrx_word' id='word_1_202' title='bbox 326 3817 508 3878; x_wconf 72' lang='lat' dir='ltr'><strong>adnnente,</strong></span> <span class='ocrx_word' id='word_1_203' title='bbox 521 3817 576 3886; x_wconf 81' lang='lat' dir='ltr'><strong>jam</strong></span> <span class='ocrx_word' id='word_1_204' title='bbox 591 3833 686 3885; x_wconf 83' lang='lat' dir='ltr'><strong>nempe</strong></span> 
     </span>
     <span class='ocr_line' id='line_1_36' title="bbox 176 3895 685 3970; baseline -0.01 -21"><span class='ocrx_word' id='word_1_205' title='bbox 176 3905 285 3967; x_wconf 83' lang='lat' dir='ltr'><strong>Panopes</strong></span> <span class='ocrx_word' id='word_1_206' title='bbox 294 3895 434 3970; x_wconf 67' lang='lat' dir='ltr'><strong>nympha,</strong></span> <span class='ocrx_word' id='word_1_207' title='bbox 444 3897 475 3958; x_wconf 89' lang='lat' dir='ltr'><strong>I,</strong></span> <span class='ocrx_word' id='word_1_208' title='bbox 487 3896 537 3959; x_wconf 63' lang='lat'><strong>134</strong></span> <span class='ocrx_word' id='word_1_209' title='bbox 548 3933 555 3957; x_wconf 91' lang='lat'><strong>,</strong></span> <span class='ocrx_word' id='word_1_210' title='bbox 568 3897 685 3946; x_wconf 79' lang='lat' dir='ltr'><strong>Thetidis-</strong></span> 
     </span>
     <span class='ocr_line' id='line_1_37' title="bbox 178 3976 685 4046; baseline -0.01 -18"><span class='ocrx_word' id='word_1_211' title='bbox 178 3999 224 4046; x_wconf 81' lang='lat' dir='ltr'><strong>que</strong></span> <span class='ocrx_word' id='word_1_212' title='bbox 237 3998 312 4038; x_wconf 79' lang='lat' dir='ltr'><strong>sotor,</strong></span> <span class='ocrx_word' id='word_1_213' title='bbox 328 3976 377 4029; x_wconf 86' lang='lat' dir='ltr'><strong>deu</strong></span> <span class='ocrx_word' id='word_1_214' title='bbox 391 3976 491 4029; x_wconf 83' lang='lat' dir='ltr'><strong>marina</strong></span> <span class='ocrx_word' id='word_1_215' title='bbox 502 4017 509 4041; x_wconf 97' lang='lat'><strong>,</strong></span> <span class='ocrx_word' id='word_1_216' title='bbox 521 3993 621 4026; x_wconf 79' lang='lat' dir='ltr'><strong>aureum</strong></span> <span class='ocrx_word' id='word_1_217' title='bbox 631 3994 685 4024; x_wconf 84' lang='lat' dir='ltr'><strong>sce-</strong></span> 
     </span>
     <span class='ocr_line' id='line_1_38' title="bbox 174 4053 685 4126; baseline -0.002 -19"><span class='ocrx_word' id='word_1_218' title='bbox 174 4072 252 4124; x_wconf 80' lang='lat' dir='ltr'><strong>ptrum</strong></span> <span class='ocrx_word' id='word_1_219' title='bbox 264 4062 326 4109; x_wconf 81' lang='lat' dir='ltr'><strong>Ioeva</strong></span> <span class='ocrx_word' id='word_1_220' title='bbox 339 4057 400 4126; x_wconf 83' lang='lat' dir='ltr'><strong>(isac</strong></span> <span class='ocrx_word' id='word_1_221' title='bbox 411 4057 499 4119; x_wconf 91' lang='lat' dir='ltr'><strong>enim,</strong></span> <span class='ocrx_word' id='word_1_222' title='bbox 512 4073 567 4108; x_wconf 88' lang='lat' dir='ltr'><strong>uon</strong></span> <span class='ocrx_word' id='word_1_223' title='bbox 579 4053 685 4116; x_wconf 80' lang='lat' dir='ltr'><strong>dextra,</strong></span> 
     </span>
     <span class='ocr_line' id='line_1_39' title="bbox 178 4133 686 4206; baseline -0.006 -18"><span class='ocrx_word' id='word_1_224' title='bbox 178 4147 307 4206; x_wconf 83' lang='lat' dir='ltr'><strong>sceptrum</strong></span> <span class='ocrx_word' id='word_1_225' title='bbox 318 4148 420 4206; x_wconf 82' lang='lat' dir='ltr'><strong>gestare</strong></span> <span class='ocrx_word' id='word_1_226' title='bbox 429 4135 548 4188; x_wconf 82' lang='lat' dir='ltr'><strong>solebant</strong></span> <span class='ocrx_word' id='word_1_227' title='bbox 558 4133 636 4206; x_wconf 87' lang='lat' dir='ltr'><strong>prisci</strong></span> <span class='ocrx_word' id='word_1_228' title='bbox 645 4153 686 4186; x_wconf 89' lang='lat' dir='ltr'><strong>re-</strong></span> 
     </span>
     <span class='ocr_line' id='line_1_40' title="bbox 178 4219 340 4288; baseline -0.006 -22"><span class='ocrx_word' id='word_1_229' title='bbox 178 4219 234 4288; x_wconf 81' lang='lat' dir='ltr'><strong>ges)</strong></span> <span class='ocrx_word' id='word_1_230' title='bbox 246 4231 340 4266; x_wconf 84' lang='lat' dir='ltr'><strong>tenens.</strong></span> 
     </span>
    </p>
   </div>
   <div class='ocr_carea' id='block_1_11' title="bbox 729 2627 1243 2779">
    <p class='ocr_par' dir='ltr' id='par_1_15' title="bbox 729 2627 1243 2779">
     <span class='ocr_line' id='line_1_41' title="bbox 767 2627 1242 2697; baseline 0.017 -19"><span class='ocrx_word' id='word_1_231' title='bbox 767 2627 919 2697; x_wconf 61' lang='lat' dir='ltr'><strong>591.,&#39;1&#39;um</strong></span> <span class='ocrx_word' id='word_1_232' title='bbox 931 2631 1016 2690; x_wconf 83' lang='lat' dir='ltr'><strong>sternis¹</strong></span> <span class='ocrx_word' id='word_1_233' title='bbox 1028 2649 1121 2696; x_wconf 82' lang='lat' dir='ltr'><strong>aquas,</strong></span> <span class='ocrx_word' id='word_1_234' title='bbox 1138 2633 1242 2685; x_wconf 89' lang='lat' dir='ltr'><strong>silentio</strong></span> 
     </span>
     <span class='ocr_line' id='line_1_42' title="bbox 729 2705 1243 2779; baseline 0.016 -21"><span class='ocrx_word' id='word_1_235' title='bbox 729 2705 852 2760; x_wconf 88' lang='lat' dir='ltr'><strong>fluctibus</strong></span> <span class='ocrx_word' id='word_1_236' title='bbox 863 2707 1002 2778; x_wconf 90' lang='lat' dir='ltr'><strong>imposito,</strong></span> <span class='ocrx_word' id='word_1_237' title='bbox 1012 2709 1177 2779; x_wconf 79' lang='lat' dir='ltr'><strong>Argonautas</strong></span> <span class='ocrx_word' id='word_1_238' title='bbox 1185 2751 1193 2776; x_wconf 91' lang='lat'>‚</span> <span class='ocrx_word' id='word_1_239' title='bbox 1200 2714 1243 2766; x_wconf 85' lang='lat' dir='ltr'><strong>Jo-</strong></span> 
     </span>
    </p>
   </div>
   <div class='ocr_carea' id='block_1_12' title="bbox 709 2786 1243 2864">
    <p class='ocr_par' dir='ltr' id='par_1_16' title="bbox 709 2786 1243 2864">
     <span class='ocr_line' id='line_1_43' title="bbox 709 2786 1243 2864; baseline 0.011 -26"><span class='ocrx_word' id='word_1_240' title='bbox 709 2797 714 2809; x_wconf 86' lang='lat'><strong>·</strong></span> <span class='ocrx_word' id='word_1_241' title='bbox 730 2803 821 2838; x_wconf 88' lang='lat' dir='ltr'><strong>sonem</strong></span> <span class='ocrx_word' id='word_1_242' title='bbox 835 2786 862 2837; x_wconf 92' lang='lat' dir='ltr'><strong>in</strong></span> <span class='ocrx_word' id='word_1_243' title='bbox 873 2787 966 2858; x_wconf 87' lang='lat' dir='ltr'><strong>primis</strong></span> <span class='ocrx_word' id='word_1_244' title='bbox 977 2787 1089 2859; x_wconf 85' lang='lat' dir='ltr'><strong>placidie</strong></span> <span class='ocrx_word' id='word_1_245' title='bbox 1100 2793 1243 2864; x_wconf 84' lang='lat' dir='ltr'><strong>compellat</strong></span> 
     </span>
    </p>
   </div>
   <div class='ocr_carea' id='block_1_13' title="bbox 728 2864 1271 4280">
    <p class='ocr_par' dir='ltr' id='par_1_17' title="bbox 728 2864 1289 3492">
     <span class='ocr_line' id='line_1_44' title="bbox 729 2864 1271 2936; baseline 0.009 -19"><span class='ocrx_word' id='word_1_246' title='bbox 729 2864 832 2917; x_wconf 83' lang='lat' dir='ltr'><strong>verbis:</strong></span> <span class='ocrx_word' id='word_1_247' title='bbox 842 2865 881 2917; x_wconf 89' lang='lat' dir='ltr'><strong>Te</strong></span> <span class='ocrx_word' id='word_1_248' title='bbox 890 2883 998 2936; x_wconf 89' lang='lat' dir='ltr'><strong>quoque</strong></span> <span class='ocrx_word' id='word_1_249' title='bbox 1007 2868 1042 2918; x_wconf 81' lang='lat' dir='ltr'><strong>ab</strong></span> <span class='ocrx_word' id='word_1_250' title='bbox 1052 2873 1185 2920; x_wconf 79' lang='lat' dir='ltr'><strong>Haemoniis</strong></span> <span class='ocrx_word' id='word_1_251' title='bbox 1194 2886 1242 2922; x_wconf 79' lang='lat' dir='ltr'><strong>ser-</strong></span> <span class='ocrx_word' id='word_1_252' title='bbox 1269 2929 1271 2934; x_wconf 25' lang='lat'><strong><em>¹</em></strong></span> 
     </span>
     <span class='ocr_line' id='line_1_45' title="bbox 729 2943 1242 3016; baseline 0.016 -22"><span class='ocrx_word' id='word_1_253' title='bbox 729 2945 776 3004; x_wconf 82' lang='lat' dir='ltr'><strong>ris,</strong></span> <span class='ocrx_word' id='word_1_254' title='bbox 797 2943 949 3006; x_wconf 79' lang='lat' dir='ltr'><strong>Thessalia,</strong></span> <span class='ocrx_word' id='word_1_255' title='bbox 968 2965 1016 3012; x_wconf 83' lang='lat' dir='ltr'><strong>per</strong></span> <span class='ocrx_word' id='word_1_256' title='bbox 1034 2965 1136 3013; x_wconf 69' lang='lat' dir='ltr'><strong>aquom</strong></span> <span class='ocrx_word' id='word_1_257' title='bbox 1156 2953 1242 3016; x_wconf 78' lang='lat' dir='ltr'><strong>ignota</strong></span> 
     </span>
     <span class='ocr_line' id='line_1_46' title="bbox 728 3022 1242 3090; baseline 0.012 -16"><span class='ocrx_word' id='word_1_258' title='bbox 728 3041 809 3090; x_wconf 73' lang='lat' dir='ltr'><strong>regna</strong></span> <span class='ocrx_word' id='word_1_259' title='bbox 832 3022 921 3090; x_wconf 82' lang='lat' dir='ltr'><strong>insessa</strong></span> <span class='ocrx_word' id='word_1_260' title='bbox 945 3025 1047 3085; x_wconf 77' lang='lat' dir='ltr'><strong>doinus,</strong></span> <span class='ocrx_word' id='word_1_261' title='bbox 1068 3043 1114 3076; x_wconf 81' lang='lat' dir='ltr'><strong>rex</strong></span> <span class='ocrx_word' id='word_1_262' title='bbox 1137 3027 1242 3080; x_wconf 71' lang='lat' dir='ltr'><strong>familie</strong></span> 
     </span>
     <span class='ocr_line' id='line_1_47' title="bbox 729 3101 1243 3178; baseline 0.008 -23"><span class='ocrx_word' id='word_1_263' title='bbox 729 3113 825 3155; x_wconf 74' lang='lat' dir='ltr'><strong>nostre</strong></span> <span class='ocrx_word' id='word_1_264' title='bbox 845 3101 973 3167; x_wconf 86' lang='lat' dir='ltr'><strong>infestus,</strong></span> <span class='ocrx_word' id='word_1_265' title='bbox 996 3101 1159 3174; x_wconf 80' lang='lat' dir='ltr'><strong>eademque,</strong></span> <span class='ocrx_word' id='word_1_266' title='bbox 1185 3125 1243 3178; x_wconf 74' lang='lat' dir='ltr'><strong>qus·</strong></span> 
     </span>
     <span class='ocr_line' id='line_1_48' title="bbox 729 3183 1243 3252; baseline 0.01 -19"><span class='ocrx_word' id='word_1_267' title='bbox 729 3201 790 3244; x_wconf 84' lang='lat' dir='ltr'><strong>sne,</strong></span> <span class='ocrx_word' id='word_1_268' title='bbox 804 3183 860 3234; x_wconf 82' lang='lat' dir='ltr'><strong>fata</strong></span> <span class='ocrx_word' id='word_1_269' title='bbox 871 3193 971 3252; x_wconf 61' lang='lat' dir='ltr'><strong>agnou</strong></span> <span class='ocrx_word' id='word_1_270' title='bbox 985 3185 1071 3234; x_wconf 78' lang='lat' dir='ltr'><strong>iterem</strong></span> <span class='ocrx_word' id='word_1_271' title='bbox 1082 3188 1176 3236; x_wconf 80' lang='lat' dir='ltr'><strong>AEolios</strong></span> <span class='ocrx_word' id='word_1_272' title='bbox 1186 3193 1243 3238; x_wconf 80' lang='lat' dir='ltr'><strong>For·</strong></span> 
     </span>
     <span class='ocr_line' id='line_1_49' title="bbox 730 3263 1242 3334; baseline 0.009 -22"><span class='ocrx_word' id='word_1_273' title='bbox 730 3277 791 3313; x_wconf 85' lang='lat' dir='ltr'><strong>tuna</strong></span> <span class='ocrx_word' id='word_1_274' title='bbox 803 3275 907 3330; x_wconf 74' lang='lat' dir='ltr'><strong>periotes</strong></span> <span class='ocrx_word' id='word_1_275' title='bbox 928 3265 1040 3330; x_wconf 76' lang='lat' dir='ltr'><strong>spargit,</strong></span> <span class='ocrx_word' id='word_1_276' title='bbox 1060 3281 1127 3326; x_wconf 83' lang='lat' dir='ltr'><strong>nos,</strong></span> <span class='ocrx_word' id='word_1_277' title='bbox 1145 3266 1191 3334; x_wconf 84' lang='lat' dir='ltr'><strong>qui</strong></span> <span class='ocrx_word' id='word_1_278' title='bbox 1208 3263 1242 3316; x_wconf 78' lang='lat' dir='ltr'><strong>sd</strong></span> 
     </span>
     <span class='ocr_line' id='line_1_50' title="bbox 732 3341 1241 3412; baseline 0.012 -20"><span class='ocrx_word' id='word_1_279' title='bbox 732 3341 827 3393; x_wconf 80' lang='lat' dir='ltr'><strong>reolum</strong></span> <span class='ocrx_word' id='word_1_280' title='bbox 842 3359 925 3412; x_wconf 82' lang='lat' dir='ltr'><strong>genus</strong></span> <span class='ocrx_word' id='word_1_281' title='bbox 938 3342 1093 3405; x_wconf 82' lang='lat' dir='ltr'><strong>referimus,</strong></span> <span class='ocrx_word' id='word_1_282' title='bbox 1112 3343 1201 3396; x_wconf 89' lang='lat' dir='ltr'><strong>denuo</strong></span> <span class='ocrx_word' id='word_1_283' title='bbox 1213 3345 1241 3400; x_wconf 89' lang='lat' dir='ltr'><strong>in</strong></span> 
     </span>
     <span class='ocr_line' id='line_1_51' title="bbox 731 3419 1106 3492; baseline 0.008 -22"><span class='ocrx_word' id='word_1_284' title='bbox 731 3419 884 3491; x_wconf 77' lang='lat' dir='ltr'><strong>peregrinas</strong></span> <span class='ocrx_word' id='word_1_285' title='bbox 894 3431 979 3473; x_wconf 82' lang='lat' dir='ltr'><strong>terras</strong></span> <span class='ocrx_word' id='word_1_286' title='bbox 992 3421 1106 3492; x_wconf 85' lang='lat' dir='ltr'><strong>projicit.</strong></span> 
     </span>
    </p>

    <p class='ocr_par' dir='ltr' id='par_1_18' title="bbox 730 3500 1245 4280">
     <span class='ocr_line' id='line_1_52' title="bbox 768 3500 1242 3573; baseline 0.011 -19"><span class='ocrx_word' id='word_1_287' title='bbox 768 3500 828 3570; x_wconf 82' lang='lat'><strong>597.</strong></span> <span class='ocrx_word' id='word_1_288' title='bbox 849 3500 977 3572; x_wconf 79' lang='lat' dir='ltr'><strong>Magnum</strong></span> <span class='ocrx_word' id='word_1_289' title='bbox 991 3501 1039 3552; x_wconf 87' lang='lat' dir='ltr'><strong>tibi</strong></span> <span class='ocrx_word' id='word_1_290' title='bbox 1059 3500 1166 3573; x_wconf 88' lang='lat' dir='ltr'><strong>quidem</strong></span> <span class='ocrx_word' id='word_1_291' title='bbox 1186 3503 1242 3558; x_wconf 89' lang='lat' dir='ltr'><strong>lon-</strong></span> 
     </span>
     <span class='ocr_line' id='line_1_53' title="bbox 731 3583 1243 3652; baseline 0.014 -22"><span class='ocrx_word' id='word_1_292' title='bbox 731 3597 848 3650; x_wconf 80' lang='lat' dir='ltr'><strong>gensque</strong></span> <span class='ocrx_word' id='word_1_293' title='bbox 857 3583 1243 3652; x_wconf 65' lang='lat' dir='ltr'><strong>equor,ned95eecoepsis,-noli</strong></span> 
     </span>
     <span class='ocr_line' id='line_1_54' title="bbox 731 3659 1243 3733; baseline 0.014 -23"><span class='ocrx_word' id='word_1_294' title='bbox 731 3670 820 3712; x_wconf 83' lang='lat' dir='ltr'><strong>tamen</strong></span> <span class='ocrx_word' id='word_1_295' title='bbox 834 3659 952 3711; x_wconf 84' lang='lat' dir='ltr'><strong>anitnusn</strong></span> <span class='ocrx_word' id='word_1_296' title='bbox 970 3660 1151 3732; x_wconf 87' lang='lat' dir='ltr'><strong>despondere,</strong></span> <span class='ocrx_word' id='word_1_297' title='bbox 1172 3685 1243 3733; x_wconf 80' lang='lat' dir='ltr'><strong>snpe-</strong></span> 
     </span>
     <span class='ocr_line' id='line_1_55' title="bbox 730 3740 1243 3815; baseline 0.018 -28"><span class='ocrx_word' id='word_1_298' title='bbox 730 3742 849 3800; x_wconf 82' lang='lat' dir='ltr'><strong>randum,</strong></span> <span class='ocrx_word' id='word_1_299' title='bbox 870 3751 897 3792; x_wconf 84' lang='lat' dir='ltr'><strong>et</strong></span> <span class='ocrx_word' id='word_1_300' title='bbox 910 3740 967 3811; x_wconf 85' lang='lat' dir='ltr'><strong>ipse</strong></span> <span class='ocrx_word' id='word_1_301' title='bbox 977 3740 1069 3792; x_wconf 82' lang='lat' dir='ltr'><strong>Phasis</strong></span> <span class='ocrx_word' id='word_1_302' title='bbox 1087 3742 1133 3796; x_wconf 86' lang='lat' dir='ltr'><strong>tihi</strong></span> <span class='ocrx_word' id='word_1_303' title='bbox 1151 3746 1243 3815; x_wconf 79' lang='lat' dir='ltr'><strong>procul</strong></span> 
     </span>
     <span class='ocr_line' id='line_1_56' title="bbox 731 3821 1240 3891; baseline 0.016 -24"><span class='ocrx_word' id='word_1_304' title='bbox 731 3827 784 3880; x_wconf 84' lang='lat' dir='ltr'><strong>est;</strong></span> <span class='ocrx_word' id='word_1_305' title='bbox 809 3839 894 3870; x_wconf 73' lang='lat' dir='ltr'><strong>vesum</strong></span> <span class='ocrx_word' id='word_1_306' title='bbox 923 3823 1005 3881; x_wconf 77' lang='lat' dir='ltr'><strong>dabit,</strong></span> <span class='ocrx_word' id='word_1_307' title='bbox 1029 3821 1142 3891; x_wconf 73' lang='lat' dir='ltr'><strong>aperiet,</strong></span> <span class='ocrx_word' id='word_1_308' title='bbox 1168 3828 1240 3876; x_wconf 79' lang='lat' dir='ltr'><strong>ostie.</strong></span> 
     </span>
     <span class='ocr_line' id='line_1_57' title="bbox 730 3897 1241 3970; baseline 0.018 -24"><span class='ocrx_word' id='word_1_309' title='bbox 730 3897 817 3960; x_wconf 86' lang='lat' dir='ltr'><strong>Quem</strong></span> <span class='ocrx_word' id='word_1_310' title='bbox 826 3897 922 3962; x_wconf 82' lang='lat' dir='ltr'><strong>Phasin</strong></span> <span class='ocrx_word' id='word_1_311' title='bbox 935 3900 956 3951; x_wconf 86' lang='lat' dir='ltr'><strong>si</strong></span> <span class='ocrx_word' id='word_1_312' title='bbox 965 3899 1094 3970; x_wconf 80' lang='lat' dir='ltr'><strong>attigeris,</strong></span> <span class='ocrx_word' id='word_1_313' title='bbox 1104 3919 1188 3954; x_wconf 82' lang='lat' dir='ltr'><strong>nemus</strong></span> <span class='ocrx_word' id='word_1_314' title='bbox 1198 3925 1241 3955; x_wconf 81' lang='lat' dir='ltr'><strong>ar·</strong></span> 
     </span>
     <span class='ocr_line' id='line_1_58' title="bbox 731 3975 1243 4052; baseline 0.021 -28"><span class='ocrx_word' id='word_1_315' title='bbox 731 3993 836 4036; x_wconf 65' lang='lat' dir='ltr'><strong>carten,</strong></span> <span class='ocrx_word' id='word_1_316' title='bbox 848 3975 937 4029; x_wconf 87' lang='lat' dir='ltr'><strong>lncum</strong></span> <span class='ocrx_word' id='word_1_317' title='bbox 944 3979 1065 4032; x_wconf 79' lang='lat' dir='ltr'><strong>menibus</strong></span> <span class='ocrx_word' id='word_1_318' title='bbox 1076 3980 1173 4052; x_wconf 80' lang='lat' dir='ltr'><strong>Phryxi</strong></span> <span class='ocrx_word' id='word_1_319' title='bbox 1180 4001 1243 4035; x_wconf 89' lang='lat' dir='ltr'><strong>con·</strong></span> 
     </span>
     <span class='ocr_line' id='line_1_59' title="bbox 731 4056 1242 4130; baseline 0.012 -23"><span class='ocrx_word' id='word_1_320' title='bbox 731 4067 861 4107; x_wconf 76' lang='lat' dir='ltr'><strong>secretum</strong></span> <span class='ocrx_word' id='word_1_321' title='bbox 870 4056 937 4124; x_wconf 80' lang='lat' dir='ltr'><strong>(vid.</strong></span> <span class='ocrx_word' id='word_1_322' title='bbox 950 4057 1014 4111; x_wconf 88' lang='lat' dir='ltr'><strong>Hor.</strong></span> <span class='ocrx_word' id='word_1_323' title='bbox 1026 4058 1080 4111; x_wconf 90' lang='lat' dir='ltr'><strong>Od.</strong></span> <span class='ocrx_word' id='word_1_324' title='bbox 1092 4059 1148 4124; x_wconf 86' lang='lat'><strong>111,</strong></span> <span class='ocrx_word' id='word_1_325' title='bbox 1161 4069 1187 4124; x_wconf 74' lang='grc'><strong>4,</strong></span> <span class='ocrx_word' id='word_1_326' title='bbox 1198 4066 1242 4130; x_wconf 86' lang='lat'><strong>7),</strong></span> 
     </span>
     <span class='ocr_line' id='line_1_60' title="bbox 730 4137 1245 4204; baseline 0.021 -20"><span class='ocrx_word' id='word_1_327' title='bbox 730 4137 894 4204; x_wconf 73' lang='lat' dir='ltr'><strong>geminasque</strong></span> <span class='ocrx_word' id='word_1_328' title='bbox 904 4141 1038 4190; x_wconf 79' lang='lat' dir='ltr'><strong>virsnn&#39;bns</strong></span> <span class='ocrx_word' id='word_1_329' title='bbox 1048 4145 1158 4201; x_wconf 76' lang='lat' dir='ltr'><strong>enmnds,</strong></span> <span class='ocrx_word' id='word_1_330' title='bbox 1169 4144 1245 4195; x_wconf 77' lang='lat' dir='ltr'><strong>arlio-</strong></span> 
     </span>
     <span class='ocr_line' id='line_1_61' title="bbox 732 4213 1226 4280; baseline 0.02 -16"><span class='ocrx_word' id='word_1_331' title='bbox 732 4213 806 4266; x_wconf 85' lang='lat' dir='ltr'><strong>ribus</strong></span> <span class='ocrx_word' id='word_1_332' title='bbox 818 4215 1008 4280; x_wconf 84' lang='lat' dir='ltr'><strong>circumdatus,</strong></span> <span class='ocrx_word' id='word_1_333' title='bbox 1023 4239 1081 4270; x_wconf 82' lang='lat' dir='ltr'><strong>aras</strong></span> <span class='ocrx_word' id='word_1_334' title='bbox 1099 4219 1226 4274; x_wconf 84' lang='lat' dir='ltr'><strong>invenies.</strong></span> 
     </span>
    </p>
   </div>
   <div class='ocr_carea' id='block_1_14' title="bbox 0 0 1602 5120">
    <p class='ocr_par' dir='ltr' id='par_1_19' title="bbox 0 0 1602 5120">
     <span class='ocr_line' id='line_1_62' title="bbox 0 0 1602 5120; baseline 0 0"><span class='ocrx_word' id='word_1_335' title='bbox 0 0 1602 5120; x_wconf 95' lang='lat' dir='ltr'><strong> </strong></span> 
     </span>
    </p>
   </div>
  </div>
 </body>
</html>
