3192 5128
371 555 454 600 nxvr
507 531 883 600 EXPEDITIONIS
908 529 1298 600 ARGONAUTICAE

668 731 717 796 De
731 733 827 794 AEcta
843 729 1031 796 Colchorum
1045 752 1126 818 rege.

414 909 579 976 Diodorus
603 911 637 974 in
662 910 795 998 quinto,
822 911 1000 1000 Dionysius
1027 909 1172 974 Milesius
1198 909 1233 973 in
1258 909 1365 998 primo
1391 927 1440 974 τῶν

370 1018 566 1098 lausanense,
584 1015 732 1081 scribunt
747 1017 856 1080 Solem
876 1015 959 1081 duos
975 1015 1127 1080 habuisse
1146 1013 1247 1097 filios,
1266 1015 1394 1080 AEetam
1408 1033 1442 1081 et

370 1121 546 1203 Perseum,
563 1144 661 1209 quem
679 1122 733 1186 alii
755 1121 874 1186 Persen
896 1137 1034 1202 vocant,
1052 1144 1089 1185 ac
1105 1119 1233 1185 AEetam
1253 1120 1384 1210 quidem
1404 1122 1439 1185 in

370 1227 524 1292 Colchide
543 1245 577 1293 et
595 1227 767 1312 Maeotide,
790 1229 946 1294 Perseum
967 1251 1045 1294 vcro
1061 1227 1096 1292 in
1112 1227 1249 1292 'saurics
1269 1251 1438 1318 regnasse,

368 1350 465 1421 atquc
485 1356 522 1398 ex
540 1333 700 1424 indigenis
715 1335 871 1399 feminam
891 1333 1066 1423 quamdam
1083 1332 1213 1398 duxisse
1231 1357 1383 1416 uxorem,
1399 1358 1436 1401 ex

369 1458 432 1522 qua
449 1437 592 1500 Hecaten
612 1437 808 1525 susceperit,
826 1459 897 1524 quse
914 1459 1019 1524 quum
1035 1435 1232 1518 venationis,
1246 1435 1318 1524 plus
1340 1459 1437 1525 quarn

368 1541 559 1604 muliebrem
572 1564 686 1606 sexum
700 1539 854 1621 decebat,
869 1557 953 1604 esset
964 1537 1125 1621 studiosa,
1137 1538 1215 1604 dum
1228 1540 1262 1602 in
1277 1541 1385 1606 lustris
1400 1565 1438 1605 ec

368 1646 536 1710 montibus
559 1645 617 1710 diu
634 1663 791 1722 versatur,
808 1645 924 1710 herbas
940 1646 1065 1710 invenit
1082 1645 1281 1733 complures,
1300 1669 1439 1734 praesen·

369 1753 454 1816 tanei
470 1753 587 1818 multas
603 1769 702 1840 atque
717 1750 928 1817 efficacissimi
941 1753 1077 1834 veneni,
1096 1753 1215 1816 multas
1234 1753 1329 1818 etiam
1352 1752 1438 1816 salu·

368 1859 534 1924 berrimes.
557 1857 622 1923 Sed
635 1879 739 1946 quum
755 1875 872 1922 natura
896 1859 1029 1922 immitis
1051 1875 1137 1922 esset
1157 1874 1255 1945 atque
1279 1857 1439 1939 crudelis,

368 1964 512 2050 primum
536 1986 664 2028 veneno
689 1981 813 2052 patrem
839 1964 994 2029 Perseum
1019 1963 1171 2045 sustulit,
1196 1979 1230 2028 et
1251 1962 1293 2028 ad
1311 1962 1438 2026 AEetom

368 2086 522 2156 patruum
548 2071 716 2159 confugit3
737 2071 791 2134 cui
816 2086 917 2159 nupta
940 2071 1067 2134 Circem
1088 2084 1122 2132 et
1140 2069 1289 2134 Medeam
1312 2070 1436 2160 genuit.

367 2175 575 2264 Epimenides
599 2175 808 2240 Corinthium
829 2198 946 2264 genere
962 2177 1062 2240 fuisse
1085 2174 1183 2240 trudit
1201 2175 1349 2260 AEetsm,
1364 2177 1438 2242 Sole

367 2296 458 2368 patre
480 2297 577 2369 atque
597 2281 729 2370 Ephyre
762 2297 864 2346 matre
889 2298 1018 2364 natum,
1043 2281 1228 2368 Diophanes
1242 2305 1336 2364 vero,
1352 2283 1438 2346 libro

313 2400 319 2423 ·
366 2385 574 2452 Ponticarum
593 2386 802 2453 historiarum
816 2389 937 2476 primo,
949 2410 989 2452 ex
1000 2387 1075 2452 Sole
1092 2403 1125 2452 et
1138 2389 1277 2476 Antiope
1289 2388 1435 2478 genitum

365 2485 516 2570 allirmat,
535 2489 588 2554 cui
605 2489 701 2554 etiam
714 2488 890 2552 subscribit
904 2489 1060 2553 Eumelus
1076 2487 1208 2577 quidam
1222 2505 1315 2576 poeto
1332 2490 1437 2552 histo-

365 2594 463 2678 ricus,
475 2612 514 2660 ut
527 2619 567 2661 ex
580 2595 649 2676 ejus
665 2595 874 2677 carminibus,
884 2617 957 2682 quae
968 2595 1135 2674 subjiciam
1145 2643 1154 2676 ,
1164 2596 1297 2684 intelligi
1310 2609 1435 2683 potest:

505 2741 563 2813 im·
574 2759 614 2812 ὅτι
630 2755 663 2815 dh
681 2754 708 2810 δ’
722 2740 814 2820 huicne
830 2757 871 2810 καὶ
886 2741 982 2819 Ᾰλωνῖνς
1002 2758 1139 2829 dimissuro

504 2833 591 2906 llshlco
609 2853 652 2905 καὶ
666 2835 803 2916 Ᾰντνόπης,
820 2853 877 2904 edre
892 2847 919 2903 d·
932 2845 1025 2919 ἄνδιχα
1040 2851 1119 2921 χώρην

507 2945 608 2998 Adesto
624 2944 710 2998 παιαὶν
728 2946 774 3004 ἑοῖς
789 2933 915 3015 implores
932 2945 1022 3015 ἀγλαὸς
1036 2946 1105 3006 υἱός·

503 3021 539 3090 ils
551 3037 595 3107 ph
609 3034 646 3104 [χ’
658 3020 777 3098 deusde,
793 3037 887 3093 rubrus
900 3038 960 3109 tts'pt
973 3035 1023 3106 llo
1033 3019 1119 3090 huon?

505 3130 555 3186 rto
568 3125 595 3183 δ’
606 3110 698 3199 iusuper
715 3129 848 3182 srsdrscc'
860 3128 936 3186 Δῖνὶτη
950 3125 1031 3181 δῦνεν
1045 3130 1160 3182 ἅπασαν.
1254 3169 1258 3181 .

396 3257 398 3262 ·
504 3221 597 3282 Αἰήτης
612 3215 640 3270 d*
651 3221 689 3290 ἄρ’
699 3220 759 3272 διιὼν
772 3221 853 3291 Βούνῳ
865 3218 999 3292 stupidum
1014 3222 1162 3291 φυλάσσιιν,

503 3314 602 3366 utetur
618 3313 691 3373 αὐτὸς
704 3314 788 3378 ἵκοιτ’,
800 3314 816 3369 ἢ
829 3313 854 3376 li
864 3314 948 3366 abtric'
959 3333 997 3374 τις
1008 3315 1095 3376 ἄλλος,

501 3391 524 3457 it
538 3408 615 3468 παῖς,
635 3403 652 3462 ἢ
664 3401 691 3456 d‘
701 3405 801 3468 υἱωνὸς,
814 3399 854 3457 ld*
866 3405 932 3457 {xero
945 3401 1061 3474 Κολχίδα
1071 3411 1157 3477 γαῖαν.

503 3503 587 3556 Natus
598 3503 645 3555 ubi
658 3509 744 3557 AEetss
757 3515 783 3556 et
792 3503 878 3557 Aloeus
888 3505 1017 3576 sanguine
1028 3505 1120 3557 Phoebi

505 3591 677 3663 Pulchroeque
689 3592 829 3663 Antiopen
842 3591 977 3663 regionem
987 3593 1038 3644 rite
1048 3593 1102 3646 suis
1114 3605 1177 3645 tunc
1276 3592 1283 3604 ⁸

504 3679 598 3732 Divisit
608 3679 678 3733 nutis
691 3679 805 3733 Phoebns
818 3699 825 3730 ε
838 3678 950 3734 donavit
960 3679 1026 3733 Alei

503 3763 592 3829 Quum
602 3774 677 3834 pater
686 3765 789 3835 Asopus
804 3761 895 3816 nitidis
909 3763 1069 3818 circumfluit
1080 3762 1159 3818 undis
1170 3784 1177 3826 3

503 3853 551 3904 Ast
562 3851 689 3926 Ephyren
703 3849 776 3906 dedit
787 3857 883 3916 AEetse,
894 3871 975 3926 quam
987 3864 1080 3924 sponte
1089 3852 1195 3924 reliquit

503 3935 580 3989 Buno
591 3935 718 3989 Mercurii
729 3933 905 3998 servandum,
919 3933 984 3988 dum
995 3935 1051 4009 ipse
1061 3934 1175 3995 rediret,

502 4025 557 4078 Aut
570 4023 682 4096 uliquis,
699 4036 809 4078 iratusve
818 4042 951 4095 neposve,
965 4035 1012 4076 sut
1021 4023 1152 4095 sanguine
1161 4019 1272 4074 taudem

502 4111 516 4164 l
519 4123 613 4165 unctus
622 4151 630 4179 ,
640 4124 667 4165 st
677 4112 733 4184 ipse
742 4109 852 4183 quidem
862 4111 992 4166 concessit
1005 4110 1135 4166 Colchide
1147 4121 1255 4163 terrum.

406 4265 438 4330 ls
451 4285 554 4351 quum
568 4279 688 4330 sortem
703 4265 895 4353 accepisset,
910 4288 944 4329 se
958 4281 1038 4328 tunc
1051 4265 1233 4354 petiturum
1245 4312 1254 4346 ,
1266 4285 1370 4350 quum
1383 4285 1435 4325 cx·
