3226 5114
430 494 822 560 ARGONAUTICON
851 496 936 560 Llll.
962 495 1021 560 IV.
1201 495 1262 584 275

237 628 339 694 Solvit
356 626 469 692 dextra
484 627 598 716 gratis.
618 626 794 692 Labentem
810 629 957 716 propulit
970 628 1085 710 beros,

235 747 283 810 Ac
299 766 399 832 super
414 744 587 810 insistens:
602 773 614 799 ·
628 743 743 808 Pollux
758 766 820 833 ego
838 745 956 811 missus
971 746 1132 834 Ammlis,

237 860 279 924 Et
293 859 372 924 Jove
387 874 501 940 natus,
516 859 578 940 θὴς
594 880 717 924 nomen
733 859 927 924 mirantibus
947 860 1073 926 umbris

237 977 310 1040 Hoc
325 973 465 1058 referes,
479 974 525 1040 sic
542 988 576 1038 et
590 973 728 1038 memori
743 995 878 1038 noscere
897 976 1082 1063 sepulcro».

282 1091 445 1178 Rebrycas
462 1087 624 1178 extemplo
642 1088 765 1178 spargit
779 1087 873 1179 iuga3
892 1090 1003 1154 nullus
1018 1089 1159 1180 adempti
1229 1110 1266 1148 ns

243 1205 339 1305 Regis
357 1227 467 1284 amor,
484 1217 631 1270 montem
647 1203 765 1268 celeres
780 1203 960 1292 silvamque
976 1224 1157 1294 capessunt.

242 1322 319 1386 Haec
337 1341 424 1400 sors,
443 1318 512 1383 baec
530 1321 692 1407 Amycum
709 1317 839 1382 tandem
856 1341 972 1383 manns
987 1322 1094 1410 arguit
1108 1324 1178 1386 nusi

240 1437 349 1502 Effera
367 1449 548 1500 servantem
562 1433 663 1500 Ponti
677 1435 764 1515 loca,
781 1435 913 1523 umque
926 1434 1067 1515 juventae

240 1552 456 1632 Continuam,
474 1567 507 1614 et
526 1549 636 1637 magni
653 1565 835 1638 sperantem
853 1566 999 1639 tempora
1016 1552 1125 1642 patris.

242 1667 402 1734 Tenditur
418 1667 471 1730 ille
487 1666 602 1756 ingens
621 1665 795 1730 bominum
815 1689 932 1754 pavor,
950 1690 1089 1756 arvaque
1108 1670 1171 1734 latr
1234 1690 1269 1726 ιω

244 1784 410 1872 Occupet,
426 1780 542 1846 annoti
557 1781 658 1846 veluti
672 1781 699 1845 si
716 1779 844 1846 decidat
861 1781 939 1845 olim

242 1898 319 1962 Pars
337 1895 467 1984 Erycis,
482 1894 533 1960 vel
550 1909 639 1960 totus
653 1893 774 1978 Athos3
793 1917 858 1983 qna
874 1896 960 1960 mole
975 1896 1110 1975 jacentis

243 2013 316 2100 Ipse
334 2013 432 2076 etiam
451 2009 570 2098 expleri
587 2010 691 2074 victor
707 2010 839 2097 nequit,
855 2033 978 2098 oraque
993 2012 1094 2101 longo

242 2126 433 2191 Comminus
449 2125 569 2190 obtutu
587 2124 708 2188 mirans
723 2139 824 2188 tenet.
841 2128 883 2190 At
899 2147 1016 2191 manus
1033 2129 1139 2192 onmis

246 2243 393 2307 Heroum
412 2239 521 2304 densis
537 2239 684 2304 certatim
700 2239 904 2328 amplexibus
920 2257 1054 2332 urgent,
1237 2264 1273 2300 ω

248 2359 413 2442 Armaque
430 2355 514 2418 ferre
530 2352 636 2434 juvat,
653 2353 816 2441 fessasque
834 2354 980 2419 attollere
994 2357 1125 2443 palmes.

232 2557 285 2617 317.
302 2555 379 2602 Auru.
396 2551 471 2599 Codd.
484 2561 509 2597 ct
520 2551 574 2598 edd.
585 2561 671 2612 praeter
682 2552 735 2600 Ald.
749 2555 830 2599 Arcuit
841 2557 909 2601 aust.
921 2553 1001 2603 lleins.
1015 2567 1038 2604 et
1049 2559 1154 2608 Gronov.
1169 2590 1201 2626 4-
1218 2571 1271 2618 dot.

202 2636 242 2684 Ad
248 2649 338 2681 mnus.
350 2631 427 2680 Vatlc.
440 2630 495 2678 cod.
503 2631 541 2677 Et.
551 2631 641 2676 Boron.
654 2631 708 2676 cod.
721 2641 744 2677 et
753 2631 807 2678 edd.
820 2642 874 2679 ante
886 2635 952 2681 Carr.
963 2637 1007 2682 En.

199 2827 281 2890 geret.
291 2811 398 2866 -vide
406 2810 442 2866 ad
454 2811 552 2865 calcem
563 2811 642 2885 bnjos
651 2811 712 2866 libri
757 2816 851 2888 Amyci
860 2817 990 2882 tumulus,
1000 2819 1035 2874 de
1042 2841 1097 2893 quo
1105 2825 1207 2882 Plinius
1217 2829 1273 2882 alii·

199 2908 257 2950 not.
268 2899 328 2964 309.
341 2893 393 2948 En.
757 2915 810 2968 que
822 2907 945 2950 auctores
959 2901 1112 2957 meminere.
1129 2906 1180 2958 En.

237 2977 297 3030 311.
312 2976 442 3026 &benum
456 2975 579 3041 propulit,
601 2972 712 3035 sternit,
793 2977 1272 3054 317.HoecAmycrnn,ctc.poenassnrn.

199 3073 230 3108 ac
241 3073 320 3126 super
334 3051 455 3106 insistens
470 3051 578 3112 Pollux,
592 3070 639 3120 ego
654 3054 713 3102 mr's-
757 3055 811 3127 psit
823 3055 858 3107 ob
871 3065 910 3107 tot
924 3055 1008 3109 credes
1022 3073 1199 3130 perpetratas:
1213 3085 1271 3136 per.

199 3154 250 3196 sus,
262 3145 347 3196 ortus,
355 3143 448 3195 natus,
459 3133 578 3196 Amyclis,
591 3131 656 3184 urbe
665 3133 713 3184 La·
759 3145 865 3206 petuam
875 3139 1028 3209 juventam,
1043 3154 1068 3190 er
1076 3145 1162 3209 magni
1169 3163 1272 3210 spemn.

199 3213 298 3278 conite,
312 3228 336 3264 et
345 3215 485 3282 Jovisfilr'us
491 3233 501 3274 ,·
510 3212 653 3262 subantibus
665 3231 716 3264 tvn-
758 3229 805 3266 tam
816 3229 923 3282 temporo
929 3220 1023 3284 patris,
1038 3216 1270 3279 Immortalitatem.

199 3295 256 3354 bn's,
270 3291 304 3344 ad
315 3291 417 3344 Inferos
425 3309 508 3362 quum
517 3290 714 3354 venerit,narra
795 3295 856 3348 320.
865 3299 988 3358 Tendimr,
1000 3311 1135 3368 porrectus
1147 3301 1225 3374 longe
1231 3308 1271 3377 js·

199 3370 374 3434 mirantibus,
385 3383 410 3422 te
420 3369 538 3442 potuisse
549 3367 635 3432 vinci,
648 3372 683 3420 sic
691 3385 716 3422 et
759 3385 817 3436 cst,
830 3377 872 3426 illc
885 3378 974 3444 ingens
990 3380 1112 3430 lotnirum
1123 3401 1214 3448 pavor,
1231 3396 1269 3438 tot

199 3452 300 3502 memori
316 3468 417 3500 noscere
435 3453 544 3515 sepulcro
558 3451 626 3517 (non
636 3449 715 3521 Amy·
757 3451 1270 3529 bominibnsdinterribilis,arvnqrelate

200 3529 240 3595 ci,
261 3526 307 3584 sed
323 3527 453 3595 Pollucis)
468 3545 475 3579 ε
492 3527 560 3580 inter
578 3528 644 3580 alios
662 3527 715 3580 mei
759 3547 875 3601 occupat,
891 3539 1068 3588 aanorimelutt'
1076 3542 1098 3590 ri
1106 3544 1268 3610 decidutpan

200 3611 264 3666 olim
286 3607 401 3680 sepulcri
416 3606 505 3660 titulos
522 3625 620 3659 nomen
636 3607 714 3660 etiam
758 3616 857 3678 Erycis,
870 3618 915 3665 vel
926 3620 1086 3668 ronsAttos.
1104 3619 1150 3672 Uti
1159 3622 1269 3675 omnino

200 3702 291 3756 tuum,
303 3707 319 3741 a
331 3706 373 3740 mc
381 3685 496 3748 devicti,
510 3685 715 3756 legetur-Ns-
757 3709 883 3762 proccros
899 3692 1020 3748 homines
1039 3698 1172 3752 montibus
1194 3719 1267 3753 oom-

200 3768 266 3822 mini
283 3768 401 3839 prolecto
419 3764 585 3838 persuadebit
594 3767 713 3838 Wagoe-
757 3789 852 3842 parare
870 3783 951 3842 poetae
971 3774 1074 3839 solent,
1096 3777 1132 3830 ita
1148 3779 1269 3834 Valerius

199 3867 245 3900 rus
258 3847 383 3900 victorem
394 3845 609 3917 incolumemque
622 3845 711 3900 Pollu·
757 3849 785 3904 in
794 3849 884 3919 primis
892 3862 973 3903 amat.

200 3945 258 3979 cens
264 3925 545 3999 propriinuncturnuli
554 3925 713 3988 promississe,
793 3930 854 3983 323.
869 3931 930 4002 Ipse
942 3930 1033 3985 Pollux
1043 3932 1142 4004 expleri
1156 3938 1266 4008 nequit,

199 4023 283 4077 quum
293 4007 380 4078 potin·
392 4005 487 4079 Amyci
498 4009 554 4080 jam
564 4007 620 4079 jam
631 4005 711 4058 mori·
756 4027 801 4062 oro
812 4012 888 4077 longo
900 4013 1033 4062 comminus
1044 4015 1225 4078 obarmmirans
1235 4033 1268 4068 te·

201 4084 253 4136 turi
272 4082 305 4136 de
318 4084 439 4149 tumulo,
457 4104 511 4156 qno
532 4103 593 4138 mox
607 4084 712 4156 egebit,
757 4103 810 4148 net,
822 4087 868 4141 diu
882 4088 1061 4156 contemplans
1071 4093 1266 4160 mutuandum,

201 4162 369 4233 cogitandum
383 4183 439 4218 esse
453 4163 582 4218 rideatur.
604 4164 711 4216 Praeter·
756 4179 863 4240 stupens
873 4167 987 4221 bominis
997 4167 1109 4240 jacentis
1116 4174 1222 4226 molem.

201 4263 231 4296 ca
249 4245 276 4296 in
297 4245 371 4296 litore
388 4246 497 4314 Bospori
515 4247 712 4312 monstrabatur
752 4301 757 4314 ,
793 4249 854 4300 326.
869 4249 1036 4316 Amasene,
1050 4263 1266 4316 cestusexuerc,

1076 4350 1127 4412 18.
