3122 5126
102 559 403 584 WWW!
408 562 1185 586 mmmmmfflmfflmm

285 807 355 914 e.
399 811 707 974 vitetur
752 815 1023 920 FLACCI

614 1099 718 1158 vrrs,

427 1284 729 1364 AUCTORE
773 1288 902 1386 1³10,

220 1518 279 1562 un
317 1489 643 1563 rureounmnuir
676 1518 847 1564 uurxru
878 1519 1090 1582 musonius,
1157 1511 1160 1526 “

255 1667 486 1714 PATRONUM
510 1667 733 1714 CAUSARUM
759 1668 1056 1714 nononlsttsntt.

464 1911 855 1944 w

115 2119 307 2218 venenu
326 2151 472 2214 Fnacct
487 2152 748 2239 Argonautarum
767 2149 945 2216 doctissimi
959 2153 1039 2216 ratis
1050 2200 1059 2235 ,
1067 2151 1191 2234 judicio

118 2259 209 2322 Fabii
218 2257 437 2340 Quintiliani,
455 2257 603 2321 omnium
617 2258 825 2347 ingeniorum
840 2260 999 2341 censoris,
1011 2261 1105 2324 obitu
1113 2284 1193 2349 prte-

118 2387 262 2453 propero
275 2380 310 2428 et
324 2364 516 2444 immaturo,
535 2365 632 2428 latina
646 2387 697 2428 res
709 2366 887 2452 plurimum
902 2365 1017 2430 amisit.
1034 2367 1119 2430 Sunt
1135 2367 1191 2454 qui

121 2471 315 2535 Patauinum
333 2471 385 2535 vel
402 2472 608 2558 Aponensem
624 2470 740 2553 velint,
756 2469 807 2535 bis
824 2472 1075 2567 epigrammatiei
1091 2488 1191 2562 poetae

120 2577 269 2664 persuasi
285 2575 413 2657 verbis,
428 2575 522 2640 Mart.
541 2575 598 2640 lib.
612 2575 644 2656 Ι,
661 2574 760 2666 epigr.
774 2597 834 2664 77:

265 2741 292 2794 0
305 2741 373 2793 mihi
386 2757 510 2794 curarum
521 2739 638 2813 pretium
647 2757 703 2794 uon
712 2741 764 2793 vile
774 2758 911 2801 mearum.

303 2830 411 2894 Flaoce,
421 2830 562 2883 Antenorei
571 2847 630 2901 spe·
640 2842 666 2883 et
676 2831 784 2884 alumne
795 2830 858 2884 luris
868 2871 876 2896 ,

265 2917 365 2972 Pierios
374 2916 455 2970 differ
463 2929 609 2989 cantusque
618 2916 768 2988 chorosque
779 2934 898 2971 sororum
912 2935 919 2968 :

303 3007 351 3057 AEs
360 3003 435 3058 dabit
448 3023 479 3058 ex
491 3004 545 3057 istis
558 3004 632 3057 nulla
642 3003 730 3076 puella
740 3003 810 3056 tibi..
820 3041 827 3056 .
838 3040 844 3053 .
855 3040 862 3053 .

266 3089 341 3157 Quid
351 3090 399 3143 tibi
407 3109 469 3144 cum
478 3090 597 3164 Cymbe?
610 3091 675 3163 quid
685 3107 746 3144 eum
754 3089 919 3144 Permesside
929 3087 1018 3143 nuda?

302 3179 451 3232 Romanum
460 3179 585 3251 propius,
600 3178 760 3250 divitiusque
771 3177 860 3232 lorum
872 3190 919 3232 eet.

267 3266 328 3319 Illic
340 3283 389 3318 ere
400 3277 495 3318 sonant
506 3285 513 3319 :
524 3279 552 3319 at
565 3265 666 3318 circum
677 3266 780 3338 pulpita
792 3277 882 3318 nostra
894 3306 903 3332 ,

302 3355 336 3406 Et
346 3353 445 3406 steriles
457 3353 609 3418 cathedras,
620 3354 693 3407 basia
702 3353 757 3406 sola
766 3365 882 3424 crepant.

122 3518 166 3580 Hi
183 3515 287 3579 nihilo
303 3515 408 3580 secius
423 3513 648 3580 alterovalerii
662 3513 815 3578 Martialis
832 3513 935 3578 allecti
949 3513 1191 3602 epigrammate,

120 3623 215 3703 eujus
231 3621 431 3710 principium
447 3620 511 3685 hoc
529 3620 660 3702 est,1V,
677 3623 737 3701 41,
1033 3607 1037 3630 '

263 3779 291 3834 Si
302 3779 364 3852 quis
373 3778 441 3832 lorte
453 3777 518 3830 mihi
529 3779 611 3849 possit
620 3789 746 3849 praestare
754 3777 873 3848 roganti,

300 3864 372 3918 Audi
383 3883 462 3936 quem
472 3883 598 3937 puerum,
609 3864 703 3918 Flaece
712 3902 720 3928 ,
729 3883 823 3938 rogare
832 3863 927 3926 velim;

118 4027 286 4114 (venereis
304 4025 482 4114 pollentem
507 4023 664 4088 illecebris
681 4023 807 4111 pullum
825 4013 995 4084 milvinum
1019 4017 1193 4103 describit)

116 4134 357 4200 Amazonieum
372 4131 406 4192 in
422 4128 543 4193 deliciis
555 4128 705 4192 habuisse
717 4126 930 4192 contendunt.
938 4125 1000 4190 Alii
1012 4125 1191 4212 priscorum

113 4237 355 4329 exemplarium
378 4234 472 4298 titulo
489 4234 651 4321 persuasi,
665 4257 682 4297 a
698 4232 782 4298 Setia
797 4230 879 4294 urbe
895 4230 1095 4318 Campaniae,
1110 4227 1191 4290 Seti-
