3246 5112
433 489 560 552 NOVI
591 489 831 555 EDITORIS
863 491 1020 556 NOTAE.
1204 519 1259 557 101

238 632 271 679 V.
293 632 343 686 460
350 661 444 677 ......
455 639 462 673 “.
474 662 550 676 .....
568 628 679 676 Breviore
694 630 754 692 petit
767 628 824 694 jam
841 632 934 678 coentla
950 648 1030 688 remo,
1276 640 1298 682 Ι

349 715 458 775 Occupat
467 722 490 758 et
499 712 573 776 longe
586 727 631 758 sua
645 723 751 760 annana
764 714 907 760 novissimus
922 715 992 762 Idos.

345 798 380 844 As
390 793 473 860 smtsr
491 811 595 860 magnos
616 797 724 857 Lynceus
741 808 848 844 servatur
860 798 885 845 in
900 813 966 844 usus.

204 909 291 980 Apoll.
302 907 349 959 lib.
360 908 423 971 I‚v.
437 907 502 959 161·
515 907 562 960 155
574 926 580 957 :
593 910 627 960 Οἵ
637 917 660 960 τ’
673 905 860 980 Δφαρητιάθαι,
874 926 964 964 etc.-
973 911 1093 982 Lynceus
1104 911 1138 964 ab
1148 911 1264 983 Hygino,

203 1007 284 1068 caput
295 995 370 1059 XIV,
383 1014 411 1067 p.
427 995 474 1057 54,
491 1005 600 1047 vocatur
614 1008 720 1062 proreta.
847 1003 854 1014 ¹

241 1133 275 1185 V.
291 1136 352 1197 468.
366 1135 428 1197 Quin
447 1147 470 1182 et
487 1134 607 1200 Cecropiae
615 1136 698 1200 proles
714 1147 793 1184 vacat
813 1137 945 1200 Orithyiae,

365 1221 487 1283 Temperet
503 1230 531 1266 ut
544 1215 654 1267 tremulos
671 1221 741 1267 Zetes
755 1217 888 1284 fraterque
903 1221 1027 1269 ceruchos.

207 1323 388 1396 spoliant,
403 1342 430 1375 v.
443 1341 491 1376 nrt
502 1352 513 1364 ·
523 1329 572 1376 ηδ
589 1340 596 1373 :
610 1326 705 1390 Ζήτης,
719 1341 765 1378 etc.
779 1325 935 1378 Gratissima
949 1337 987 1378 est
1004 1325 1048 1378 illa
1064 1325 1179 1378 auctoris
1192 1327 1267 1396 greci

207 1405 367 1479 descriptio,
381 1418 407 1458 et
425 1404 488 1458 artis
504 1406 614 1478 poetice
627 1407 715 1478 plena.
733 1407 817 1460 Miror
828 1409 965 1462 Valerium
979 1427 1071 1462 eorum
1088 1407 1197 1460 nomina
1214 1421 1269 1460 tan·

206 1490 409 1554 mansetudine,
424 1507 508 1561 quum
519 1489 569 1561 ipsi
580 1502 686 1561 possent
702 1490 802 1563 aliquid
820 1493 938 1546 carmine
951 1492 1061 1564 dignum
1076 1491 1269 1564 suppeditare..

242 1616 275 1661 V.
291 1609 351 1678 470.
367 1612 419 1659 Nec
433 1627 494 1659 vero
509 1611 625 1673 Odrysius
639 1611 749 1658 transtris
765 1612 909 1677 impenditur
925 1614 1043 1678 Orpheus.

207 1703 295 1776 Apoll.
309 1705 354 1756 lits.
371 1705 403 1767 1,
420 1724 446 1756 v.
468 1705 559 1768 23-34
571 1722 578 1754 τ
592 1706 684 1776 Πρῶτά
693 1727 741 1768 νυν,
756 1722 803 1758 etc.
814 1735 849 1745 -
860 1705 887 1758 si
898 1723 952 1758 non
971 1705 1013 1757 ille
1030 1705 1162 1778 Apollonii
1181 1707 1269 1768 locus,

208 1799 235 1841 at
250 1789 342 1840 saltem
359 1787 459 1860 Orphei
478 1784 574 1841 noinen
595 1789 647 1840 vim
666 1788 796 1860 poeticam
806 1789 903 1842 Valerii
917 1788 1112 1842 stimulatnrnm
1128 1809 1184 1844 esse
1200 1788 1273 1842 vidc-

208 1874 286 1926 batur
294 1891 302 1935 ;
320 1871 366 1926 sed
381 1872 425 1924 ille
437 1871 489 1924 hoc
505 1884 608 1924 tantum
626 1883 768 1935 memorat,
778 1871 878 1943 Orphei
894 1891 990 1924 munus
1006 1890 1062 1924 esse
1071 1871 1180 1924 modum
1194 1872 1273 1923 remis

209 1954 335 2009 ducendis
354 1955 434 2018 dare,
451 1954 524 2030 quod
544 1955 656 2008 nauticis
671 1955 759 2008 verbis
773 1956 810 2008 sic
831 1957 950 2010 enuntiat
968 1955 1104 2027 Hyginus',
1123 1975 1182 2028 cap.
1198 1956 1272 2016 xlv,

209 2059 236 2110 p.
257 2039 289 2092 55
306 2057 313 2090 τ
332 2044 455 2093 celeusma
471 2043 536 2090 dixit
552 2042 668 2107 Orpheus.
689 2038 756 2091 Vide
766 2038 898 2092 Schoeifer.
916 2038 949 2092 de
963 2039 1018 2092 mil.
1037 2059 1099 2092 nav.
1119 2060 1146 2111 p.
1163 2041 1223 2108 3⁰7·

245 2174 279 2219 V.
299 2170 360 2238 473.
378 2175 462 2220 Donat
475 2185 498 2220 et
514 2172 606 2236 Iphiclo
620 2173 727 2236 pelagus
742 2171 907 2236 jnverrurnqne
925 2171 1019 2220 labores

373 2255 514 2303 AEsonides.

211 2365 298 2436 spon.
312 2364 359 2416 m.
370 2366 401 2427 1,
413 2364 546 2428 vna-rs
562 2361 647 2417 :ossi
662 2367 704 2436 ,as
724 2351 833 2434 isan,
849 2357 1175 2416 ....-vaesus0mnss
1186 2355 1274 2409 aseae

211 2447 342 2518 iphiclum
362 2447 441 2500 hrisse
459 2447 561 2500 Jasonis
581 2447 765 2499 avunculum:
787 2447 861 2517 atqui
879 2445 948 2497 valet
968 2440 1004 2494 ad
1021 2440 1275 2493 commendationem

212 2532 271 2584 talis
299 2532 441 2602 cognatio,
468 2550 517 2584 nec
549 2530 668 2582 meminit
692 2530 811 2582 Valerius
837 2529 933 2600 egregii
956 2525 1072 2578 muueris
1101 2524 1172 2596 qnod
1205 2543 1275 2576 rrunc

213 2613 315 2686 Iphiclo
337 2612 435 2678 tradit,
455 2614 553 2685 quippe
576 2631 655 2683 quem
685 2629 816 2682 nusquam
845 2623 935 2682 postea
959 2608 1101 2686 quicquam
1125 2609 1275 2678 loquentem

214 2696 330 2751 inducat.

247 2822 282 2869 V.
297 2824 356 2886 477.
376 2823 458 2885 Arge,
473 2831 520 2866 ture
534 2819 574 2866 nti
586 2836 645 2865 cura
657 2819 725 2884 retis.
736 2845 769 2853 -
779 2813 863 2884 Argus
877 2803 1005 2862 Arestoris
1017 2823 1072 2862 crat
1087 2809 1170 2872 lilius,
1186 2828 1276 2860 sccun-

215 2899 278 2953 dum
289 2899 473 2971 Apolloninm,
484 2901 531 2951 lib.
545 2900 574 2961 l,
587 2918 612 2951 r.
632 2917 690 2950 112.

250 3028 283 3074 V.
303 3023 363 3087 481.
382 3026 487 3090 Pervigil
505 3026 613 3073 Arcadio
637 3025 725 3088 Tiphys
746 3024 867 3088 pendebat
886 3023 916 3068 ab
933 3033 998 3068 astro

390 3109 542 3174 Hagniades.

218 3215 303 3287 apoll.
317 3215 362 3267 tib.
376 3217 407 3277 1,
421 3234 446 3267 r.
464 3217 587 3268 105-110
600 3230 606 3263 ε
619 3218 692 3284 Τιφὺς
704 3253 712 3279 ,
726 3231 773 3266 etc.
790 3243 824 3252 —
837 3209 931 3281 Siphai
951 3207 1132 3279 gloriabantur
1150 3223 1178 3256 se
1197 3203 1278 3255 luisse

218 3299 278 3351 olim
298 3299 396 3371 peritos
411 3299 604 3352 naviculatores
613 3335 621 3360 ,
643 3297 802 3368 Tiphynque
819 3293 931 3365 exempli
944 3311 1023 3345 causa
1036 3290 1171 3361 jactabant
1186 3288 1279 3370 guber·

218 3395 334 3436 notorem
346 3385 381 3436 ab
392 3383 550 3453 Argonautis
563 3383 673 3433 electum
683 3419 691 3444 ,
700 3379 933 3448 monstrabantque
939 3379 1013 3448 justa
1022 3373 1118 3444 Siphas
1128 3373 1215 3424 locum
1225 3389 1280 3440 quo

218 3487 312 3522 navem
332 3469 404 3538 Argo
418 3465 571 3520 redeuntem
586 3485 600 3517 e
619 3462 746 3517 Colchide
764 3462 894 3534 appulisse
913 3469 1067 3514 memorant.
1083 3454 1152 3507 Vide
1166 3455 1278 3506 Pansan.

218 3551 264 3604 lib.
278 3552 331 3616 lx,
344 3571 372 3623 p.
388 3559 446 3620 774.

255 3695 289 3744 V.
303 3695 362 3755 484.
378 3698 442 3744 Ecce
454 3713 501 3760 per
518 3695 607 3760 obliqui
620 3693 730 3757 rapidum
744 3692 888 3756 compendia
904 3689 992 3737 rnorttis

380 3783 470 3828 Ductor
485 3797 559 3828 arens
575 3780 691 3841 loetttsqne
710 3776 771 3824 dolis
791 3774 904 3839 agnoscit
925 3774 1050 3820 Acastum.

220 3881 314 3934 Totam
329 3881 398 3933 hane
418 3881 642 3933 enumerationem
661 3875 759 3929 claudit
779 3877 905 3935 Acastus,
924 3871 994 3942 apud
1016 3883 1157 3941 utrumque
1178 3877 1282 3939 poetam

221 3964 418 4036 argonauticum
431 3983 438 4016 :
451 3965 549 4017 latinus
564 3957 756 4033 quinquaginta
771 3960 839 4011 viros
859 3957 994 4017 nominat,
1006 3964 1097 4026 praeter
1117 3955 1239 4004 iasonem
1257 3962 1283 4001 et

222 4047 308 4119 Hylan
319 4067 326 4100 ;
337 4048 442 4100 Graecus
457 4066 534 4110 vero,
548 4059 600 4098 tres
609 4058 634 4096 et
651 4043 848 4116 quinquaginta.
862 4039 999 4092 Valeriani
1015 4056 1106 4089 omnes
1126 4038 1282 4106 Argonautae

222 4129 291 4200 apud
304 4131 473 4202 Apollonium
487 4149 592 4202 quoque
603 4129 780 4200 reperiuntur,
796 4138 909 4196 quatuor
924 4123 1051 4194 exceptis,
1066 4121 1144 4192 Iphi,
1159 4121 1282 4178 Nestore,

222 4212 383 4278 Philoctete,
401 4212 555 4286 'l'ydeoque
571 4215 725 4283 Argonauta
743 4212 776 4262 ab
796 4208 934 4280 Apollonio
952 4205 1090 4260 memorati
1109 4221 1221 4274 qnorum
1236 4219 1283 4252 no-
