3116 5102
403 501 466 567 388
517 497 567 562 IN
596 498 682 562 LlB.
708 496 937 581 QUINTUM
966 497 1362 564 ARGONAUTICON

401 632 480 668 sensu
490 651 497 676 ,
508 611 719 682 verbostuetuare
730 627 793 662 usus
807 621 846 664 est
856 609 949 681 Virgil.
960 609 1045 674 vm,
1064 627 1114 678 19,
1128 629 1222 678 magne
1234 629 1349 664 eurum
1354 615 1464 682 ρετινετ

402 713 478 760 aestu;
491 699 531 762 Χ,
542 697 609 761 680,
627 695 709 745 animo
719 711 784 744 nune
794 696 854 756 trac,
870 696 1044 763 nunrfluetuet
1054 695 1121 746 stuc.

437 834 468 884 V.
480 831 538 883 305.
551 829 659 894 Qualiter
666 847 700 878 etc
709 830 762 878 alta
773 845 846 893 quum
854 829 947 896 Jupiter
954 845 1012 878 arce
1024 842 1149 888 coruscat,

549 915 649 964 Pliadas
659 913 701 962 ille
708 929 822 970 movent,
833 893 989 978 inixtumque
1002 913 1126 962 sonoribus
1134 914 1232 963 imbrem

548 997 726 1064 liorrtferamve
739 996 815 1046 nivem
822 1033 829 1055 ,
842 998 912 1046 cattis
921 997 961 1044 ubi
970 997 1061 1045 tollitur
1073 997 1150 1046 omnis

550 1084 652 1148 Campus
663 1080 749 1146 aquis,
761 1093 806 1129 sut
812 1081 943 1146 sanguinei
949 1097 1041 1147 magna
1054 1081 1117 1130 ostia
1128 1081 1195 1140 belli,

552 1170 604 1217 Aut
610 1168 674 1216 altos
682 1165 749 1214 duris
753 1163 867 1232 fatomm
876 1165 987 1231 gentibus
997 1177 1061 1214 ortus
1067 1184 1078 1224 ;

550 1250 588 1300 tic
597 1262 647 1298 tum
660 1249 758 1300 diversis
767 1248 825 1298 ltine
836 1261 913 1315 etque
923 1249 980 1300 ltine
991 1250 1090 1299 molibus
1103 1266 1195 1316 anceps

552 1338 652 1384 Pectora
661 1335 715 1382 dux
723 1334 807 1385 cutm
814 1333 902 1399 gerute
911 1334 990 1398 quatit
995 1367 1162 1391 ..........

401 1476 413 1495 .
425 1449 486 1500 Huc
495 1465 557 1518 ego,
570 1445 663 1508 fateor,
673 1444 759 1515 inquit
768 1443 935 1514 wegonem,
944 1461 999 1496 non
1012 1454 1116 1515 exputo.
1127 1443 1177 1495 Vir
1189 1441 1295 1510 doetus,
1304 1443 1423 1498 Jortinns
1435 1447 1461 1498 in

401 1530 509 1585 Miscell.
522 1531 597 1582 Obss.
616 1529 702 1594 t..lV‚
715 1546 745 1598 p.
765 1527 915 1598 ι74,11οοο
930 1528 1088 1580 versiculum
1104 1539 1224 1579 nostrum
1239 1527 1359 1599 spurium
1373 1529 1462 1600 (quod

401 1618 445 1671 vix
459 1613 631 1676 crediderim,
651 1631 713 1665 nem
730 1626 784 1674 aut,
795 1632 821 1664 τ.
838 1611 1112 1682 temperarint
1128 1613 1207 1678 aut),
1221 1611 1263 1663 vel
1277 1609 1337 1664 loco
1350 1631 1400 1666 sno
1410 1631 1463 1666 mo·

401 1712 459 1773 tum
475 1719 531 1752 esse
547 1709 630 1769 putat.
648 1677 754 1768 Ubique
771 1695 895 1768 quesivi,
906 1714 955 1749 nec
973 1709 1061 1748 tamen
1079 1695 1169 1749 iuveni
1188 1695 1292 1758 locum,
1314 1697 1360 1748 ubi
1379 1699 1461 1768 optari

400 1779 539 1836 eommode
559 1777 648 1850 possit.
665 1778 832 1832 Burmannus
854 1781 917 1830 altos
937 1778 1123 1849 interpretatur
1141 1781 1296 1839 reconditos,
1304 1782 1459 1849 profitendus,

399 1869 473 1917 ultim
494 1867 616 1932 repertos,
636 1861 709 1933 qnod
727 1863 833 1928 nescio,
854 1879 887 1915 en
909 1861 985 1915 altius
1005 1863 1144 1933 repetitum
1165 1875 1191 1915 et
1209 1875 1358 1915 contortum
1380 1865 1462 1937 possit

400 1948 495 2002 videri.
507 1948 571 2000 Pius
580 1950 636 2020 jam
647 1945 712 2000 olim
729 1946 859 2000 invenisse
875 1957 965 2000 uertet
976 1948 1004 1999 in
1017 1945 1177 2018 quibusdam
1188 1945 1264 1998 libris
1276 1950 1353 2008 elios,
1366 1946 1396 2000 id
1408 1963 1459 2010 est,

399 2029 515 2084 diversos
533 2032 567 2084 sb
582 2029 678 2108 prdine
694 2047 834 2082 causarum
847 2030 1090 2094 solitorquuam
1107 2029 1308 2104 explicationem
1325 2031 1365 2082 uti
1376 2049 1460 2086 meam

400 2110 482 2164 nolim
496 2110 597 2174 iecere,
610 2109 646 2162 ite
660 2113 688 2166 rb
701 2112 764 2162 atior
775 2121 863 2162 tamen
877 2109 990 2175 arridet,
1000 2125 1053 2180 qus
1066 2109 1110 2160 lux
1122 2109 1213 2180 nliqna
1226 2110 1393 2164 tenebrionsn
1405 2111 1461 2165 luno

400 2193 492 2246 inferri
502 2211 581 2264 posse
589 2191 710 2255 videturt
724 2191 813 2262 aliqua
821 2228 830 2256 ,
839 2190 966 2262 inquom,
977 2209 1038 2244 nem
1049 2191 1127 2262 plurn
1137 2203 1215 2257 sum,
1228 2193 1257 2246 in
1268 2193 1369 2264 quibus
1382 2212 1461 2248 onen-

399 2278 472 2329 tiam.
484 2283 555 2327 Ortus
559 2277 672 2343 fatomm
681 2276 843 2328 subobscure
852 2274 914 2328 dicti
924 2313 932 2339 ,
942 2286 967 2328 et
974 2279 1040 2326 duris
1047 2280 1157 2344 gentiles
1165 2275 1231 2347 qnid
1241 2277 1338 2330 lecim
1347 2313 1355 2340 ‚
1366 2279 1460 2331 nudo.

400 2365 482 2411 Duras
493 2373 580 2426 gentes
596 2358 659 2410 novi
672 2356 779 2428 quidem
794 2377 868 2422 esse,
882 2359 979 2429 quibus
995 2373 1091 2414 ustura
1105 2377 1159 2412 non
1179 2361 1264 2426 levet,
1275 2360 1338 2414 vites
1348 2364 1460 2414 necessi·

399 2456 465 2496 tutes
476 2459 530 2494 non
539 2441 590 2492 nisi
598 2459 694 2511 magno
705 2441 796 2493 labore
805 2442 853 2492 sibi
867 2455 1005 2512 perantes,
1018 2454 1118 2496 etatem
1133 2443 1228 2496 misere
1241 2443 1375 2497 trahentes
1385 2467 1394 2510 ;
1405 2465 1461 2518 qua

399 2536 488 2579 tamen
498 2524 584 2576 omnis
594 2523 647 2575 huc
658 2540 713 2574 non
723 2521 861 2590 quadrant.
875 2524 906 2576 In
917 2537 1029 2578 mentem
1042 2527 1120 2597 igitur
1130 2527 1216 2589 venit,
1231 2527 1267 2579 ita
1277 2547 1386 2580 versum
1399 2549 1460 2584 con-

400 2609 520 2660 stituere:
539 2611 734 2672 Aut(movensJ
749 2609 811 2658 alos
828 2609 1018 2675 dumsfetorum
1031 2612 1141 2678 gentibus
1158 2625 1237 2673 ortus,
1248 2611 1299 2665 hee
1319 2614 1459 2667 sententia:

400 2692 519 2757 Qualiter
531 2690 634 2762 Jupiter
646 2689 766 2760 fulgura,
780 2689 893 2752 imbres,
906 2690 1080 2761 grandinem,
1093 2703 1143 2744 eto.
1154 2703 1199 2743 snt
1212 2705 1323 2746 eruenta
1335 2693 1405 2746 belle
1413 2694 1461 2746 irn-

398 2775 494 2840 mittit,
504 2785 550 2827 sut
559 2777 624 2824 alias
635 2777 710 2824 duras
721 2775 731 2841 (
737 2773 824 2843 plnres
832 2771 957 2826 editiones
966 2773 1064 2828 hebent
1073 2778 1146 2835 diris,
1157 2793 1219 2846 ergo
1229 2778 1315 2836 diras,
1325 2777 1400 2848 quod
1410 2796 1460 2830 me-

398 2859 451 2911 lius
467 2859 550 2926 esset)
564 2855 721 2909 calamitates
733 2856 796 2908 oriri
808 2856 927 2927 gentibus
943 2859 1027 2929 jubet.
1041 2859 1125 2911 Totus
1138 2857 1214 2910 locus
1227 2859 1250 2910 is
1263 2872 1316 2924 est,
1329 2861 1372 2911 eni
1382 2860 1459 2913 Vele-

398 2943 471 3005 rius,
490 2941 511 2993 si
527 2959 573 3012 per
586 2952 686 2993 etatem
699 2940 826 3003 licuisset,
845 2939 883 2992 uti
901 2940 980 2994 aliem
991 2942 1099 2995 omnino
1113 2942 1226 2994 formum
1243 2953 1324 3013 atque
1345 2943 1460 2997 colorem

399 3025 522 3088 daturus,
536 3025 571 3078 ite
580 3024 805 3096 somperutiomtm
816 3026 917 3078 insonis
930 3045 990 3080 oum
1002 3027 1082 3092 Jove,
1093 3027 1221 3098 egregiam
1231 3027 1302 3080 illem
1315 3028 1424 3099 quidem
1437 3041 1460 3082 et

399 3123 535 3172 orontem,
551 3110 594 3164 hic
604 3121 693 3164 tumen
703 3129 756 3162 non
764 3110 828 3162 setis
838 3121 924 3181 eptem
935 3122 1014 3182 etque
1022 3128 1178 3181 congruum,
1188 3111 1279 3164 luisset
1292 3111 1460 3164 animadve·

399 3213 485 3247 surus.
501 3193 573 3259 Quid
590 3193 679 3248 enim?
691 3193 736 3246 Uti
749 3194 853 3266 Jupiter
869 3207 959 3259 tonet,
973 3196 1104 3266 fulgurat,
1119 3195 1186 3248 belle
1205 3207 1285 3266 utque
1302 3197 1461 3250 etlamitetes

400 3278 516 3330 immittit
525 3319 533 3346 ‚
544 3279 580 3331 sic
588 3279 668 3331 lason
671 3318 711 3331 .....
721 3279 792 3331 curis
803 3279 930 3350 agitatum
941 3297 999 3351 quse
1007 3280 1035 3330 in
1044 3279 1099 3341 his,
1108 3297 1212 3350 quesn,
1227 3292 1266 3332 est
1275 3279 1439 3334 similitudo?
1448 3305 1460 3326 υ

435 3361 502 3413 Mihi
513 3362 631 3432 contigit,
640 3373 669 3413 ut
679 3362 853 3414 meminissem
863 3381 906 3414 sne
917 3363 1027 3415 similem
1038 3379 1143 3432 prorsus
1153 3361 1222 3432 spud
1232 3363 1382 3416 Homerum
1394 3381 1461 3416 com·

400 3446 559 3517 partitionem
571 3447 673 3517 legere,
688 3448 764 3517 cujus
778 3446 876 3498 lumine
886 3446 967 3499 latina
977 3445 1058 3517 possit
1068 3445 1206 3498 illustrari:
1217 3445 1249 3497 Il.
1262 3445 1307 3508 X,
1323 3445 1354 3498 ὅς

555 3544 592 3617 lte
605 3552 676 3609 ΜΡ
691 3557 720 3610 ἂν
734 3556 865 3627 ἀστράπτῃ
877 3557 947 3618 πόσις
956 3542 1019 3628 llpnt
1033 3557 1161 3624 ἠϋκόμοιο,

559 3637 682 3704 Τιύχωνῆ
696 3643 769 3688 πολὺν
784 3633 871 3706 ὅμΰρον
889 3637 1038 3706 ἀθέσφατον,
1053 3637 1080 3692 tt
1090 3635 1213 3705 χαλαζᾶν,

557 3703 580 3794 ll
595 3717 706 3786 νίρντον,
721 3717 761 3769 tu
775 3717 821 3785 stip
833 3733 862 3767 τι
874 3716 932 3784 χιὼν
945 3717 1061 3769 inultum
1071 3715 1188 3784 ἀρούρας,

558 3798 593 3876 lli
604 3801 659 3848 ποθι
669 3797 799 3866 πτολέμοιο
813 3796 879 3865 μίγα
889 3797 972 3866 στόμα
982 3789 1152 3874 brumiensis·

556 3880 592 3936 Ως
605 3876 685 3928 πυκίν’
695 3878 718 3928 ls
732 3875 859 3930 tribensis
874 3877 1039 3943 ἀνισττνσὶχιζ’
1050 3877 1217 3944 Αγαμίμνονν,

558 3957 652 4007 Neritus
668 3957 695 4007 lt
706 3952 821 4024 κραδίης·
832 3956 961 4023 τρομέοντο
973 3951 1004 4007 cli
1016 3955 1037 4006 et
1051 3957 1129 4024 φρένες
1144 3953 1218 4013 ἐντός.

399 4076 430 4128 td
440 4077 467 4128 in
477 4089 564 4131 mente
574 4078 638 4130 mihi
651 4078 757 4134 videtur
768 4077 890 4132 habuisse
899 4077 1035 4142 Valerius,
1045 4077 1084 4130 uti
1094 4076 1193 4130 seriem
1202 4076 1396 4148 cogitationum
1407 4091 1462 4130 tur·

398 4160 458 4211 bam
470 4179 528 4232 quse
538 4161 639 4213 lesonis
648 4161 764 4215 vicissim
779 4161 952 4216 obversentur
961 4161 1065 4223 animo,
1077 4159 1279 4213 coniuretenrn
1291 4178 1392 4231 magno
1403 4179 1464 4212 eon·

396 4245 512 4298 silletum
521 4262 632 4298 numero
646 4245 815 4317 qusslupiter
824 4245 917 4314 agitet,
930 4263 1044 4315 eumque
1057 4243 1208 4297 diversitate
1221 4242 1463 4314 phenomenortm
