3192 5128
581 467 880 538 DEDICATIO.
917 472 919 476 ’

329 602 390 652 Ore
402 614 538 670 manuque
547 609 659 670 potens,
671 615 764 650 annue
775 595 924 650 valentibus
935 595 1025 648 herbis

368 686 506 750 Vulnera,
520 685 681 739 carminibus
692 684 784 738 tollere
796 682 880 736 corda
891 683 988 737 reisue.

332 775 394 828 Nec
407 773 496 826 minus
506 772 615 844 OEagrii
627 763 773 844 prudiutie
785 771 880 824 nobilis
885 761 1007 842 Orphei,

370 862 495 916 Carmine
508 861 556 934 qni
568 859 663 926 silvae,
678 879 755 923 saxa,
764 862 887 932 suaque
897 859 994 913 trahit:

329 949 442 1024 Mitignt
455 948 499 1004 hic
507 949 599 1004 dirum
609 986 617 1014 ,
628 949 769 1003 durissima
780 961 905 1022 pectora,
916 947 988 1002 cultu
1000 983 1009 1011 ,

368 1040 401 1092 In
412 1041 478 1112 juga
488 1038 553 1092 duur
567 1037 708 1111 Rhodopes
720 1039 829 1112 mystica
844 1055 920 1091 sacra
932 1033 1023 1101 rehit3

332 1127 419 1198 Orgia
431 1127 478 1200 qui
491 1126 566 1180 suavi
578 1127 716 1180 celebrans
726 1127 855 1179 trieterica
867 1130 961 1191 centu,

368 1215 464 1268 Martie
478 1213 570 1269 divino
583 1213 665 1268 corda
677 1215 771 1266 timore
784 1214 884 1267 domat.

330 1303 390 1356 llos
402 1302 519 1356 habuere
530 1301 628 1369 duces,
639 1302 688 1355 hos
703 1303 786 1374 pubes
798 1301 878 1355 Graia
894 1300 1049 1372 magistros,

368 1392 460 1456 Quum
471 1401 527 1444 rate
541 1408 597 1443 non
610 1402 684 1443 notas
697 1390 899 1462 ingrederentur
911 1401 1002 1460 aquus.

328 1480 423 1532 Litore
431 1479 568 1534 'l'hesstdio
579 1479 623 1532 rix
635 1479 759 1552 improba
768 1479 884 1534 constitit
896 1485 986 1550 Arge,

374 1566 490 1622 Palladis
502 1568 530 1621 in
542 1567 635 1640 longas
648 1581 705 1623 erte
715 1579 808 1642 parata
816 1569 889 1633 rias,

331 1656 437 1711 Vertice
448 1672 531 1729 quum
543 1673 648 1712 summo
657 1658 757 1712 Chiron
768 1656 899 1723 decurrit,
913 1669 940 1710 et
950 1675 1023 1710 acres

368 1744 525 1798 Exstimulat
537 1743 613 1798 dictis
624 1746 653 1799 in
666 1745 748 1800 decus
759 1760 839 1798 omne
849 1744 922 1799 viros
935 1763 943 1808 ;

328 1833 379 1885 Dis
388 1833 546 1904 genitusque
559 1851 608 1886 suo
620 1845 769 1888 munau-ans
781 1833 875 1886 heroas
887 1834 1011 1899 alumno,

366 1919 424 1974 Hac
436 1922 511 1992 pueri
523 1921 640 1974 flammat
651 1921 733 1975 corda
746 1921 842 1987 tenella
854 1920 930 1975 lace:

327 2009 410 2064 Hunc
420 2029 468 2083 ego
477 2047 485 2074 ,
494 2026 575 2082 quern
588 2011 690 2064 cunctis
703 2009 768 2064 dere
780 2010 866 2063 cernis
877 2013 970 2064 Iasona
981 2013 1056 2083 jura,

366 2100 495 2155 Sollicitus
507 2099 572 2153 flori
582 2118 648 2153 voce
660 2117 797 2172 manuque
806 2099 911 2154 ducem.

325 2189 464 2241 Peliacum
480 2185 560 2242 subiit
572 2187 652 2241 heros
662 2187 818 2261 Tyrinthius
832 2199 955 2252 antrum,

367 2278 403 2329 Et
414 2277 515 2344 melior,
526 2275 621 2330 doctus
631 2288 749 2330 monstra
760 2275 886 2345 domare,
896 2277 974 2331 redit.

327 2367 449 2429 Cetera,
460 2383 541 2437 qnam
553 2365 655 2419 fervere
665 2371 754 2437 stupes
765 2367 792 2419 iu
803 2367 905 2440 prelia,
918 2368 997 2420 turha

364 2454 476 2507 Virtutis
487 2451 597 2521 didicit,
610 2467 654 2506 ute
664 2455 810 2521 monitore,
824 2457 890 2508 vias.

326 2542 378 2595 Hic
391 2559 455 2614 ego,
466 2561 532 2614 quos
543 2542 619 2597 factis
631 2542 671 2595 rir
685 2543 773 2598 vinces
786 2543 901 2597 sortibus
914 2559 1024 2606 omnes,

365 2631 474 2684 AEmnla
482 2635 537 2704 jam
554 2649 667 2704 puerum
682 2641 790 2704 pectore
804 2633 873 2685 ferre
884 2632 954 2687 volo.

326 2719 386 2772 Nec
399 2731 501 2772 tantum
513 2719 645 2773 AEscnidoe
658 2719 761 2773 decoris
772 2720 915 2791 Nephelciu
925 2719 1001 2792 pellis
1008 2759 1016 2784 ,

364 2809 453 2873 Quem
464 2807 529 2875 tibi,
542 2807 661 2871 Pelides,
671 2806 846 2881 diruta'Iiuja
859 2807 941 2860 dabit.

325 2896 576 2950 SuccinitAEmouio
589 2894 740 2968 Rhodopeia
752 2910 827 2949 musa
842 2895 983 2966 magistro,

365 2983 466 3037 Clamat
482 2996 524 3036 et:
536 3009 548 3030 «ι
556 2983 611 3037 ilos
621 3000 680 3038 mes
691 2983 724 3038 sit
735 2983 836 3056 lingere
847 2999 912 3038 cura
921 2983 1002 3036 vires.

325 3072 390 3144 Ipse
399 3090 448 3142 ego
459 3071 591 3124 fatidicam
602 3085 691 3126 certus
704 3071 883 3125 conscendere
893 3067 1003 3144 pinum,

365 3159 460 3211 Rector
468 3160 497 3212 in
508 3159 622 3214 audaces
631 3159 676 3213 ibo
690 3177 831 3232 comesque
844 3162 912 3213 rins.

324 3246 464 3301 Laudibus
473 3247 614 3302 incendam
622 3250 751 3322 juvenilia
764 3262 870 3322 pectora
880 3261 1007 3322 patrum,

361 3335 597 3408 Magnanimosque
606 3353 718 3404 canam,
731 3354 797 3410 quos
807 3336 953 3404 imitentur,
965 3353 1035 3391 nvos.

324 3425 444 3497 Auspice
454 3443 497 3478 rue
507 3425 611 3489 clavum
620 3425 724 3498 Tiphys
734 3421 916 3479 moderabitur
923 3428 1021 3498 hugus,

362 3515 396 3566 Et
405 3515 527 3588 Lynceus
537 3528 619 3569 terren
632 3527 659 3568 et
668 3515 742 3569 dabit
752 3529 822 3570 astra
835 3518 885 3569 rati
896 3535 904 3583 ς

321 3602 510 3675 Sublimesque
522 3613 594 3676 reget
605 3603 692 3657 Celeia
702 3622 765 3658 cunr
779 3606 860 3658 fratre
869 3603 1016 3667 ceruchor3

361 3691 423 3760 Ipee
433 3691 504 3744 dabo
514 3693 601 3745 nautis
609 3693 805 3766 remigibusque
815 3692 935 3747 modum.

325 3777 427 3849 Magna
438 3778 564 3851 quidem,
576 3781 723 3848 Telamon,
737 3783 818 3835 tastis
827 3780 925 3834 fiducia
938 3779 1042 3852 nuptis,

361 3869 454 3940 Deque
464 3881 510 3924 tuo
519 3871 616 3942 surgit,
625 3873 741 3938 Canthe‚
752 3873 843 3945 vigore
853 3871 936 3936 niun

322 3959 460 4029 Lectaque
474 3969 513 4013 tot
526 3960 657 4032 spondent
669 3971 786 4034 optatum
798 3962 896 4014 robore
905 3960 1020 4034 pellem,

362 4046 397 4097 Et
410 4046 479 4100 freta
490 4048 628 4102 victricem
636 4067 686 4122 per
698 4049 836 4122 scopulosa
850 4057 944 4103 ratem.

325 4133 441 4188 Pectora
450 4135 497 4188 sed
506 4137 572 4190 recti
583 4135 640 4192 ferr
652 4139 751 4206 cultus,
760 4137 901 4211 honorque
910 4137 1022 4192 deorum

362 4221 521 4294 Temperet,
533 4233 559 4278 et
571 4235 649 4278 castre
662 4225 805 4297 relligionis
819 4233 903 4279 umor.
