3192 5128
432 513 690 598 PRAEFATIO
712 512 968 584 SECUNDA.
1127 535 1231 582 oxma

163 674 184 714 a
200 667 276 738 qe
293 645 351 710 illo
368 645 507 710 accitum
530 645 640 708 fluisse.
661 643 915 708 bartholomeus
935 642 1070 708 Fontius
1086 643 1119 706 in
1137 643 1231 708 initio

163 754 286 843 dialogi
302 751 372 833 sui,
385 749 507 832 Tutini,
522 750 564 814 ah
582 749 646 814 hoc
662 750 801 838 Ugoleto
812 748 910 831 dicti,
927 770 1004 812 eum
1023 770 1042 811 a
1059 770 1134 836 rege
1150 748 1230 813 mis·

164 883 240 927 sam
251 861 287 924 in
300 859 427 924 Italiam
438 857 538 939 dicit,
549 856 591 921 ad
604 855 834 921 bibliothecam
846 854 1075 943 perficiendam
1089 871 1122 920 et
1133 855 1232 920 libros

165 963 420 1053 conquirendos.
440 962 547 1043 Hujus
571 961 691 1028 codicis
713 985 752 1028 nn
780 961 874 1048 eopia
897 962 995 1026 latent
1018 961 1077 1026 Pio
1101 962 1231 1040 nescio,

165 1071 314 1160 mamus
332 1069 367 1134 id
381 1068 497 1150 conjici
512 1084 622 1156 posset
637 1091 677 1132 ex
692 1069 777 1132 notis
793 1067 834 1132 ad
849 1066 906 1132 lib.
923 1068 974 1148 11,
990 1065 1070 1154 573,
1091 1067 1148 1130 ubi
1164 1066 1231 1155 pri-

167 1199 239 1240 mos
253 1173 384 1240 codices
399 1173 537 1255 habete,
554 1195 624 1238 raom
638 1173 760 1238 Daraba
768 1219 779 1252 ‚
800 1193 872 1260 quse
892 1186 941 1236 est
960 1171 1056 1239 lectio
1076 1171 1196 1236 codicis
1213 1195 1231 1236 a

168 1283 328 1350 Politiam
350 1280 487 1358 laudati,
506 1279 655 1346 affirmat
678 1279 720 1344 Et
741 1281 850 1367 pontit
867 1279 908 1343 ab
927 1278 1000 1366 ipso
1020 1279 1158 1368 Ugoleto
1175 1279 1232 1344 ha·

168 1389 295 1469 buisse,
312 1387 365 1451 cui
382 1385 569 1452 familiarem
592 1386 692 1451 fuisse
714 1384 791 1450 inde
814 1382 970 1465 conjicio,
990 1383 1079 1471 quod
1096 1383 1138 1448 ad
1152 1407 1231 1472 sup-

168 1496 308 1586 posititia
322 1494 428 1559 Plauti
440 1494 601 1582 Amphitr.
609 1508 670 1558 am.
679 1491 736 1573 IV,
750 1513 793 1556 sc.
804 1513 823 1555 a
835 1539 845 1574 ,
859 1490 995 1572 scribat,
1012 1491 1072 1554 sihi
1084 1490 1126 1554 ab
1141 1493 1231 1580 Ugo-

167 1603 234 1666 leto
245 1600 363 1664 laetam
375 1599 502 1688 copiam
517 1597 637 1666 codicis
649 1597 905 1662 emaculatissimi
921 1595 1110 1661 Ausoniani.
1127 1598 1233 1662 Immo

167 1708 275 1795 ipsum
300 1706 392 1770 illum
416 1705 586 1792 antiquum
608 1703 774 1779 codicem,
793 1723 892 1789 quem
915 1701 1010 1766 toties
1024 1701 1121 1781 jactat
1136 1703 1233 1784 Pius,

168 1811 253 1877 sorte
274 1809 375 1876 fitisse
394 1810 457 1898 ipsi
470 1809 512 1874 ab
526 1809 665 1898 Ugoleto
680 1831 720 1872 ex
735 1805 930 1872 bibliotheca
942 1805 1086 1870 Matthias
1101 1809 1233 1872 Corvini

167 1915 430 2006 suppeditatum,
455 1915 533 1980 inde
553 1915 670 1995 conjici
695 1929 823 2004 posset,
848 1913 924 2000 quia
948 1911 981 1974 in
1004 1911 1113 1976 fronte
1137 1913 1231 1996 libri,

168 2020 428 2087 emendationem
440 2036 545 2108 poete
558 2041 598 2084 ex
609 2020 745 2107 antiquo
758 2018 931 2107 exemplari
944 2018 1064 2082 Dacico
1077 2039 1145 2082 esse
1157 2039 1233 2106 pro·

168 2127 283 2192 lectam
297 2143 408 2214 aperte
421 2123 612 2213 profitetur:
630 2125 687 2213 qui
700 2145 741 2188 an
755 2124 789 2187 in
801 2124 988 2188 Vaticanum
1004 2123 1232 2188 bibliothecam

168 2230 384 2312 conoessmit,
407 2251 448 2296 an
471 2229 535 2294 alio
557 2229 691 2308 abierit,
714 2249 767 2292 me
787 2229 911 2292 nescire
929 2227 1045 2292 fateor.
1063 2228 1140 2308 liius
1155 2249 1233 2292 vero

169 2335 325 2424 scrupos-is
341 2335 542 2425 Hunguiam
558 2355 641 2422 saepe
657 2335 762 2399 Daciae
777 2335 910 2398 nomine
927 2334 1053 2421 signare
1065 2334 1232 2416 solebant,

169 2442 280 2506 omnia
294 2440 416 2504 seilicet
432 2461 524 2504 norm
540 2439 653 2504 formae
672 2440 804 2504 nomina
819 2438 1009 2518 rejicientes.
1023 2440 1142 2503 Praeter
1156 2460 1233 2505 tero

171 2548 231 2611 bos
239 2545 508 2626 commentarios,
519 2546 646 2632 scripsit
656 2546 753 2609 etiam
765 2543 842 2609 Pius
854 2543 1084 2610 adnotamenta
1096 2547 1234 2627 majora,

171 2669 208 2716 ut
221 2667 317 2716 rotat
329 2651 372 2715 ad
386 2649 443 2716 lib.
459 2651 517 2732 IV,
533 2671 629 2715 versu
642 2649 706 2726 428
717 2697 726 2731 ,
739 2671 830 2736 quae,
845 2651 998 2714 llononiae
1012 2650 1092 2714 dum
1109 2668 1233 2740 ageret,

170 2757 333 2844 scripsisse
353 2771 441 2844 patet
458 2777 497 2820 ex
519 2755 606 2820 notis
622 2753 663 2818 ad
679 2755 736 2818 lib.
747 2755 786 2836 V,
806 2756 891 2835 4613
914 2755 1001 2837 hnc,
1017 2757 1079 2820 sub
1100 2757 1234 2822 nomine

171 2859 430 2926 Adnotationurn
446 2859 593 2950 priorum
612 2877 644 2924 et
661 2859 898 2947 posteriorum,
914 2861 1069 2924 Bononiae
1087 2859 1236 2925 exierunt

170 2971 208 3032 A.
231 2965 335 3049 1504,
353 2983 422 3032 eta
443 2966 543 3031 lledio
565 2966 718 3030 Ascensio
743 2964 860 3032 deinde
882 2965 968 3030 inter
991 2967 1067 3030 alias
1089 2967 1234 3031 vironun

170 3073 343 3138 domomum
359 3072 585 3138 adnotationes
603 3071 696 3136 edite
711 3073 748 3136 A.
771 3070 871 3152 1511,
886 3087 921 3135 et
934 3087 1044 3160 postea
1058 3095 1076 3134 a
1091 3072 1234 3136 Grutero

171 3178 205 3242 in
224 3195 317 3242 tomo
334 3179 350 3242 Ι
367 3179 458 3242 Facis
470 3178 594 3242 Critiooe
606 3177 760 3256 oonjectoe
774 3177 937 3264 leguntur.
955 3177 1147 3240 Inunentius
1164 3177 1234 3240 bal·

170 3283 231 3348 bus
247 3284 289 3348 ad
304 3284 360 3348 lib.
378 3285 435 3364 lV,
453 3283 537 3363 tes,
556 3284 663 3346 locum
683 3281 857 3369 quemdam
880 3283 1067 3365 excutiens,
1089 3305 1106 3346 a
1128 3283 1186 3346 Pio
1200 3283 1235 3345 in

172 3390 231 3454 illis
241 3389 507 3454 adnotationibus
519 3388 725 3453 emendatum
735 3433 744 3470 ,
754 3385 931 3452 admodum
940 3389 1152 3452 inclementer
1159 3406 1235 3455 eum

170 3511 304 3578 tractat,
329 3513 486 3583 vocatque
501 3494 747 3558 adokseentt'um
762 3509 793 3558 et
810 3494 972 3558 mdiorum
985 3496 1179 3582 t'rtgettt'ctrttm
1192 3510 1237 3558 te»

171 3603 330 3664 unimam
341 3599 609 3686 postam-injuria
627 3614 734 3679 certe,
754 3614 787 3662 et
805 3615 920 3685 praeter
936 3599 1109 3679 meritum,
1130 3621 1234 3685 quum

171 3705 240 3792 ipse
254 3703 371 3768 llalbus
391 3705 487 3793 longe
507 3703 646 3768 abfuerit
660 3726 679 3766 a
693 3703 741 3767 Pii
757 3702 959 3784 eruditione,
978 3719 1011 3766 et
1024 3705 1057 3766 in
1071 3703 1234 3767 Valetium

171 3811 323 3874 Flaccum
344 3809 486 3892 meritis,
507 3811 671 3897 nihilque,
695 3825 751 3873 aut
775 3826 861 3874 certe
880 3809 1093 3897 paucissima,
1109 3810 1150 3873 ab
1168 3809 1236 3875 aliis

173 3914 291 3982 indicta
301 3931 441 3980 autnon
455 3915 694 4000 animadversa,
710 3917 743 3978 in
759 3914 849 3978 hunc
860 3931 1008 4003 poetam,
1025 3916 1099 3978 licet
1114 3916 1238 4004 magni·

173 4017 231 4084 fica
247 4043 323 4086 cum
334 4021 509 4086 verborum
521 4022 654 4110 ambage
666 4038 699 4084 et
708 4041 845 4109 pompa,
861 4022 1045 4085 contulerit.
1059 4023 1130 4085 Hoc
1141 4021 1236 4084 etiam
1324 4058 1327 4068 =

171 4125 334 4216 singulare
350 4127 449 4196 editio
463 4128 512 4192 Pii
528 4128 645 4209 habet,
659 4127 748 4213 quod
761 4128 957 4214 suppleverit
969 4128 1041 4208 ille,
1058 4139 1130 4214 quae
1143 4126 1237 4188 Vale-

173 4232 222 4296 rio
240 4234 353 4298 Flacco
372 4233 489 4298 desunt
504 4251 578 4322 post
594 4232 738 4298 medium
759 4233 826 4297 lere
843 4234 917 4298 libri
935 4235 1032 4312 Vlll,
1057 4233 1114 4296 ubi
1138 4230 1236 4295 abru-
