3246 5112
361 514 402 578 38
659 514 695 576 G.
718 511 915 578 VALERII
943 515 1117 578 FLACCI
1157 541 1160 552 ·

403 645 506 725 iuvit,
523 658 556 708 et
570 642 821 731 Amphidamas3
837 658 871 707 at
884 645 983 709 irater
996 646 1124 734 plenior
1140 647 1233 710 annis

402 757 517 823 Maluit
532 760 652 821 Ancseo
667 758 769 823 vellus
785 760 973 848 contingere
990 761 1121 850 Phryxi.

402 873 519 936 Tactus
535 890 568 937 et
583 875 743 962 Eurytion
759 889 884 938 servato
901 875 982 939 colia
997 877 1130 963 capillo,

404 987 511 1069 Quem
528 1003 619 1075 pater
634 990 744 1054 aonias
760 988 913 1053 reducem
930 989 1079 1054 tondebit
1093 988 1135 1054 ad
1151 1011 1230 1054 aras.

401 1103 447 1166 Te
463 1126 595 1192 quoque
611 1104 802 1186 thessalicae,
818 1106 957 1186 Nestor,
969 1107 1054 1194 rapit
1068 1106 1103 1168 in
1119 1103 1200 1169 freta
1215 1104 1334 1194 puppis
1384 1127 1423 1166 eat

401 1219 515 1298 Fama,
531 1218 701 1305 mycenaeis
717 1219 795 1282 olim
812 1219 868 1306 qui
885 1199 1025 1282 candida
1036 1219 1114 1282 velis

401 1329 565 1417 AEquora,
582 1353 643 1395 nec
659 1347 778 1396 stantes
795 1333 954 1396 mirabere
970 1334 1057 1396 mille
1073 1333 1252 1422 magistros.

401 1444 462 1507 Hic
477 1460 579 1526 vates,
595 1445 775 1533 Phoebique
791 1445 872 1511 fides
886 1469 954 1511 non
969 1469 1051 1510 vana
1066 1446 1207 1534 parentis

400 1556 554 1644 Mopsus,
569 1559 710 1645 puniceo
727 1559 780 1623 cui
796 1560 991 1624 circumfusa
1007 1560 1170 1624 cothurno

399 1670 485 1734 Palla
501 1671 584 1735 imos
600 1672 675 1736 ferit
689 1673 760 1737 alba
776 1673 893 1761 pedes,
908 1677 1085 1763 vittataque
1101 1673 1244 1738 frontem
1384 1692 1423 1731 tat

399 1783 520 1880 Qumis,
538 1787 619 1848 etin
636 1809 766 1850 summo
781 1787 890 1851 laurus
906 1789 1022 1875 peneia
1038 1810 1134 1851 cono.

400 1899 491 1982 Quin
507 1901 603 1965 etiam
619 1901 773 1966 herculeo
790 1904 957 1992 consurgit
972 1903 1013 1966 ab
1030 1901 1145 1966 ordine
1156 1899 1303 1989 Tydeus,

354 2150 449 2203 aprum
459 2134 746 2207 erymanthiumtotum
753 2151 866 2204 eumque
910 2133 956 2186 lim
976 2133 1105 2204 explicare
1126 2132 1160 2185 de
1184 2130 1322 2185 sacerdote
1342 2130 1424 2185 desti·

355 2211 443 2266 adhuc
451 2214 538 2266 virum
548 2212 620 2280 (vide
630 2211 754 2282 Apollon.
763 2213 791 2274 1,
805 2213 865 2275 ηδ,
909 2223 972 2265 nato
982 2251 989 2276 ‚
1002 2211 1075 2285 quod
1085 2232 1137 2264 ara
1148 2211 1272 2263 ridentur
1281 2207 1403 2264 suadere.

357 2309 406 2360 1²9
416 2329 424 2354 ,
435 2305 460 2344 et
471 2291 579 2345 Diodor.
590 2291 643 2344 Sic.
655 2293 705 2353 1v·,
719 2293 765 2360 ts)
775 2290 867 2342 hume-
947 2291 1007 2345 380.
1024 2297 1125 2351 Nestor,
1143 2309 1223 2361 quem
1235 2290 1340 2361 trojano
1351 2289 1424 2341 bello

354 2369 391 2422 ris
404 2382 552 2442 portantem
564 2369 637 2422 domi
647 2387 700 2423 sue
709 2371 737 2422 in
748 2366 866 2420 Arcadias
910 2388 1078 2424 accessurum
1088 2371 1153 2423 sistit
1166 2381 1259 2441 poeta:
1275 2372 1420 2433 mycenoeis,

354 2449 421 2501 urhe
436 2455 518 2518 Tegea
531 2449 646 2522 hospitio
663 2460 809 2518 exceperat.
828 2448 866 2499 De
911 2451 1024 2520 argivis,
1047 2449 1156 2520 graecis,
1177 2453 1234 2502 oiim
1252 2452 1295 2516 qui
1310 2451 1422 2500 candide

354 2527 577 2598 Amphidamante
601 2529 638 2582 nil
665 2528 765 2590 habet,
793 2525 872 2598 quod¹
910 2532 974 2580 velis
987 2538 1220 2597 oequora‚.tsntam
1232 2527 1342 2580 navium
1354 2526 1422 2580 mul-

353 2618 456 2670 narret,
464 2608 599 2671 Valerius,
609 2607 690 2660 alium
699 2625 762 2658 vero
771 2606 867 2658 utrius-
909 2605 1068 2670 titudinem,
1089 2619 1118 2658 ut
1141 2624 1194 2677 prae
1213 2604 1334 2659 candidis
1355 2605 1421 2660 velis

354 2703 407 2755 que
420 2687 528 2739 fratrem
542 2705 597 2740 non
611 2685 746 2747 nominat,
759 2682 806 2736 sed
819 2685 867 2736 cir-
910 2704 984 2757 aque
992 2686 1110 2756 conspici
1118 2704 1172 2738 non
1180 2685 1292 2756 possint,
1302 2704 1347 2736 nec
1355 2700 1421 2736 stan-

353 2763 866 2837 cumscrihit(Lycurgoeinomensuisse
910 2779 942 2816 res
960 2764 1040 2835 longo
1056 2763 1150 2817 ordine
1165 2767 1282 2818 mirabere
1298 2761 1420 2834 adstupe-

353 2861 386 2896 ex
397 2843 521 2914 Apollon.
535 2846 563 2907 1,
584 2847 632 2906 164
646 2842 803 2910 discimus),
820 2842 866 2913 qui
911 2862 985 2896 sceris
998 2842 1177 2902 considerabis
1193 2847 1259 2896 mille
1272 2845 1417 2911 turgisum,

350 2925 448 2991 plenior
456 2926 545 2983 annis,
558 2941 613 2976 non
622 2920 866 2993 etateprovertior,
909 2941 965 2976 retu
986 2923 1086 2994 quippe
1104 2921 1239 2976 nauticam
1254 2919 1357 2973 dudum
1377 2939 1419 2974 ex-

280 3050 283 3060 ,
354 3002 402 3054 sed
410 3017 471 3054 aaut
485 3005 574 3070 major,
585 3001 707 3073 Apollon.
721 2999 773 3054 loe.
788 2998 863 3053 laud.
907 3012 1011 3072 pertus,
1022 3013 1048 3054 et
1061 3001 1226 3072 egregiorum
1240 3018 1328 3053 comes
1336 3002 1420 3072 Argo·

352 3085 540 3153 προγίνιστιρος
547 3104 554 3147 ;
562 3099 624 3132 uam
634 3097 689 3131 uon
700 3080 735 3130 ob
745 3079 865 3150 ingrave-
907 3091 1059 3132 nautarum.

352 3171 468 3212 suentem
484 3170 587 3214 aetatern
604 3156 676 3211 domi
689 3158 801 3222 mansit,
817 3155 864 3210 sed
944 3159 1004 3211 3³3.
1025 3163 1141 3226 Mopsus,
1156 3156 1245 3210 Phebi
1265 3155 1352 3219 filius,
1372 3177 1419 3210 nec

351 3249 382 3290 ut
397 3248 553 3310 parentem,
571 3235 665 3288 Aleum
683 3236 757 3288 senio
776 3235 865 3290 confe-
908 3257 979 3289 vana
985 3240 1050 3308 fides
1057 3241 1181 3306 parentis,
1192 3235 1238 3308 qui
1251 3253 1322 3306 spem
1338 3237 1419 3306 patris

351 3328 425 3370 ctum
436 3317 546 3370 foveret.
557 3316 611 3370 Suo
620 3325 708 3368 tamen
722 3315 782 3368 loco
794 3315 865 3368 misit
908 3335 993 3388 augur
1008 3336 1063 3369 non
1078 3315 1188 3380 fefellit,
1202 3335 1282 3387 quem
1298 3315 1419 3371 sacerdo·

351 3395 447 3458 filium,
459 3401 590 3455 Aneoernn,
599 3413 679 3465 quem
685 3395 864 3465 patruiscom·
908 3397 953 3450 tali
968 3407 1076 3448 exornat
1086 3407 1164 3466 poeta
1177 3406 1249 3448 reste
1258 3431 1266 3457 ,
1272 3400 1346 3464 palia
1359 3399 1417 3447 alba

351 3474 502 3538 mondavit,
520 3486 550 3527 ut
561 3473 681 3544 gloriose
695 3473 864 3544 expeditionis
908 3479 945 3526 ad
953 3478 1013 3526 imos
1023 3478 1109 3542 pedes,
1120 3474 1212 3536 talari,
1226 3475 1264 3526 ita
1274 3486 1377 3538 tamen,
1389 3486 1418 3527 ut

351 3551 669 3606 comitemadsciscerent.
907 3554 1019 3606 militem
1042 3554 1120 3606 etiam
1140 3550 1339 3624 quodammodo
1357 3571 1418 3624 pro-

387 3632 449 3702 378.
457 3635 587 3698 Eurytion,
600 3630 799 3702 distinguendus
808 3651 864 3686 ont·
907 3633 973 3686 dant
983 3636 1074 3693 cassis,
1086 3632 1176 3703 galea,
1189 3651 1277 3692 conto,
1295 3649 1356 3682 curn
1369 3633 1418 3684 cri-

349 3709 415 3764 nino
429 3712 463 3764 ab
472 3711 590 3782 Euryto,
607 3710 732 3782 quiiufra
748 3713 863 3764 occurrit
907 3724 964 3775 sta,
983 3717 1058 3787 cujus
1077 3711 1221 3764 summitati
1240 3709 1340 3762 adnexa
1360 3723 1418 3762 erat

349 3808 376 3843 r.
388 3791 459 3858 439,
477 3803 503 3844 et
515 3788 587 3844 alibi.
606 3789 697 3843 Nostri
709 3790 863 3862 Eurytionie
905 3796 988 3844 laianu
1000 3795 1106 3860 pericia,
1127 3809 1143 3842 a
1160 3791 1261 3852 Peneo,
1275 3787 1417 3842 Thessaliae

349 3887 405 3922 non
418 3870 470 3922 nisi
486 3869 611 3924 hocloco
627 3867 726 3921 mentio
743 3869 781 3922 iit.
800 3869 863 3922 Fuit
905 3868 1002 3935 fluvio,
1024 3889 1104 3942 quem
1118 3869 1219 3922 laureta
1233 3865 1416 3920 circumdede-

350 3960 440 4001 autem
462 3963 535 4001 tecnas
559 3953 623 4000 eolla
643 3963 736 4000 servato
755 3953 860 4018 capilio,
904 3961 983 4013 runt,
1000 3967 1031 4002 ex
1050 3967 1105 4021 quo
1123 3947 1233 4018 Daphne
1250 3946 1287 4000 ibi
1303 3960 1371 4000 esset
1387 3947 1416 3999 in

349 4044 453 4082 comam
475 4027 559 4092 aluit,
581 4047 652 4096 quem
664 4043 739 4097 pater
755 4033 859 4092 aonios,
904 4028 1010 4082 laurum
1022 4038 1138 4090 mutata,
1153 4044 1210 4098 que
1221 4037 1247 4078 et
1258 4026 1316 4096 ipsa
1325 4029 1416 4078 Peneia

348 4105 474 4158 boeoticus
483 4144 491 4172 ,
505 4111 618 4158 reducem
627 4111 733 4159 tondebit
740 4112 776 4159 od
783 4128 842 4159 aras
848 4148 857 4170 ,
904 4105 977 4160 audit
986 4104 1064 4158 ovid.
1077 4106 1185 4158 Metam.
1195 4106 1209 4157 Ι
1217 4142 1226 4168 ,
1239 4105 1300 4170 452.

348 4204 380 4240 ex
390 4196 468 4250 roto,
477 4187 515 4240 ait
523 4186 704 4250 Burmannus,
718 4199 747 4239 ut
761 4186 858 4252 aleret,
940 4187 1001 4255 3⁸7.
1012 4183 1216 4256 Progrediamur
1226 4203 1298 4238 nunc
1308 4181 1343 4236 ad
1354 4183 1415 4236 alte·

347 4263 434 4320 donec
443 4265 530 4320 salvus
540 4264 657 4319 rediret:
673 4285 723 4340 ego
731 4285 794 4320 vero
803 4285 858 4320 ma·
901 4283 963 4318 rum
974 4264 1048 4318 naris
1058 4263 1143 4329 latus,
1162 4263 1209 4316 ubi
1222 4263 1328 4318 ordines
1340 4261 1414 4339 ducit
