3246 5112
452 477 851 552 ARGONAUTICON
879 489 966 554 LIB.
991 491 1017 554 t.
1230 498 1273 576 45

237 605 283 670 At
297 605 398 670 frater
415 630 550 697 magnos
567 611 715 700 Lynceus
732 632 878 682 servatur
893 620 928 684 in
945 645 1041 704 usus,

241 724 351 806 Quem
368 723 444 788 tulit
458 726 581 807 Arene,
597 729 701 814 possit
717 731 775 818 qui
790 754 943 822 rumpere
959 753 1076 820 terras,

239 843 282 908 Et
296 855 388 928 styga
404 841 592 906 transmisso
608 844 738 908 tacitam
754 845 956 934 deprendere
968 852 1051 918 risu.

239 955 408 1022 Fluctibus
425 977 443 1018 e
460 956 575 1020 mediis
592 973 692 1024 terras
709 958 800 1026 dabit
815 963 868 1027 ille
883 967 1052 1055 magistro,

240 1071 284 1134 Et
299 1068 390 1134 dabit
406 1084 490 1132 astra
506 1071 585 1152 rati3
603 1095 772 1162 quumque
788 1076 908 1141 oethera
923 1080 1076 1168 Iuppiter
1091 1083 1208 1148 umbra

242 1180 440 1263 Perdiderit,
456 1183 544 1248 solus
560 1186 710 1250 transibit
726 1188 838 1252 nubila
853 1192 1015 1280 Lynceus.

243 1295 334 1378 Quin
351 1309 384 1358 et
398 1297 553 1384 cecropiae
568 1299 675 1386 proles
692 1317 783 1366 vacat
799 1304 971 1393 Orithyiae,

245 1415 420 1502 Temperet
433 1429 472 1477 ut
487 1416 642 1480 tremulos
658 1420 751 1482 Zetes
767 1418 931 1510 fraterque
947 1425 1115 1491 ceruchos.

243 1530 313 1594 Nec
325 1550 404 1592 vero
420 1527 570 1617 odrysius
585 1533 732 1596 transtris
748 1533 950 1622 impenditur
963 1538 1133 1626 Orpheus,
1233 1567 1275 1615 ⁴70

243 1643 312 1706 Aut
326 1659 465 1732 pontum
480 1665 573 1710 remo
589 1645 727 1736 subigit,
745 1648 801 1713 sed
818 1653 961 1715 carmine
977 1668 1086 1718 tonsas

245 1757 297 1821 Ire
312 1756 425 1839 docet,
441 1781 570 1859 summo
587 1762 706 1848 passim
723 1786 764 1828 ne
781 1766 908 1854 gurgite
924 1784 1083 1856 pugnent

244 1871 354 1935 Donat
369 1887 402 1936 et
416 1872 541 1962 Iphiclo
556 1875 687 1964 pelagus
701 1875 924 1966 juvenumque
939 1878 1065 1944 labores

198 2123 257 2175 rius
267 2141 327 2187 eos,
344 2122 715 2195 quibusaliidemandatics·
758 2127 967 2180 cere-Porro
980 2128 1212 2200 uacatararuigio
1226 2127 1274 2182 im·

200 2215 261 2257 sent
271 2201 390 2267 labores,
404 2213 429 2256 et
438 2202 528 2275 primo
541 2202 660 2274 quidem.
759 2206 848 2259 munis
859 2210 994 2276 Cecropiae,
1009 2208 1117 2273 Attica,
1129 2213 1213 2276 proles
1223 2212 1277 2261 Ori·

238 2285 299 2345 45²·
320 2287 460 2347 Lynceum,
483 2283 601 2354 proxime
621 2301 716 2354 praece·
758 2288 845 2352 thyle,
862 2285 910 2338 filii
923 2285 989 2340 duo.

201 2358 289 2412 dentis
314 2360 368 2412 Idae
393 2362 523 2425 fratrem,
548 2361 665 2432 Apharei
688 2371 715 2414 et
794 2367 857 2430 468.
881 2371 968 2427 Zetes,
988 2367 1121 2434 fieretque
1147 2370 1277 2433 (Calais)

201 2445 294 2491 Arenae
311 2439 414 2503 filiurn,
433 2457 548 2510 eumque
569 2452 624 2493 tam
644 2440 715 2493 acuti
758 2444 856 2516 quibus
869 2445 1018 2518 injunctum
1034 2455 1091 2497 erat
1103 2444 1174 2509 hoc,
1191 2461 1218 2496 ut
1230 2460 1277 2496 tre·

200 2518 293 2583 visus,
310 2530 341 2571 ttt
353 2539 475 2588 rumpere,
495 2529 651 2590 penetratu,
670 2533 715 2570 ter·-
761 2527 840 2576 mulos
850 2538 1010 2591 temperarent
1016 2525 1130 2574 censebor
1135 2561 1144 2584 ,
1157 2523 1186 2576 h.
1198 2541 1222 2576 e.
1236 2525 1277 2576 uti

201 2617 259 2659 ras,
282 2609 311 2650 ut
325 2602 507 2666 depniendere
523 2603 600 2666 Styga
615 2601 715 2649 tacitam
759 2615 831 2656 recte
848 2613 907 2673 post
924 2600 1001 2653 Pium
1017 2601 1128 2672 explicat
1145 2601 1276 2656 Burman·

201 2681 315 2744 (ornans
324 2677 352 2730 h.
365 2677 384 2731 l.
395 2677 561 2749 epitheton),
574 2675 641 2728 nibil
651 2687 681 2728 ut
690 2687 716 2728 et
759 2698 828 2744 nur,
846 2677 1004 2732 scanderent
1013 2678 1132 2744 malum,
1146 2692 1277 2734 antennas

202 2754 240 2808 ibi
250 2774 362 2809 acumen
376 2757 432 2828 ejus
446 2755 589 2827 effugeret,
601 2757 717 2825 utfluca'·
761 2756 855 2812 etrele
866 2769 1000 2810 curarent.

202 2839 447 2887 benemediisterras
457 2839 532 2896 dare,
546 2845 644 2887 terram
655 2851 717 2886 con-
797 2849 858 2906 ⁴70·
878 2837 934 2889 Nec
953 2839 1070 2902 Odrysius
1088 2835 1213 2907 (Thrax)
1232 2844 1278 2890 On·

200 2916 332 2967 tinentem
345 2925 490 2986 portusque
503 2922 652 2965 monstrare
661 2931 716 2962 ma·
756 2919 835 2985 plats
848 2917 958 2966 muscis
972 2917 1129 2984 impendier,
1149 2914 1217 2968 bene
1229 2914 1277 2969 de·

198 2996 293 3063 gisae,
313 3004 342 3045 ut
355 3008 424 3046 astra
441 2996 502 3044 dare
519 2994 581 3050 rati,
600 2989 718 3043 indicare
761 2994 859 3046 lectum
873 2993 1001 3056 verbum,
1018 2991 1097 3063 longe
1109 2996 1277 3064 prestantior

200 3073 283 3126 situm
306 3083 458 3136 renorma,
482 3068 517 3123 ad
540 3088 620 3141 quem
641 3069 717 3122 navis
761 3073 938 3135 existimatur,
956 3088 1038 3144 quarn
1059 3071 1102 3124 cui
1124 3070 1177 3126 vile
1197 3075 1277 3126 remi·

201 3169 310 3204 currum
324 3150 482 3220 dirigeret...
496 3160 544 3212 ut,
562 3165 717 3221 quenquam
760 3151 843 3225 gandi
863 3168 961 3204 munus
985 3148 1205 3215 demandaretur,
1228 3151 1276 3206 sed

201 3233 296 3282 attera
303 3234 396 3298 Iupiter
404 3233 488 3281 umbra
492 3232 639 3298 perdiderit,
650 3245 717 3280 aere-
760 3234 870 3284 carmirte
884 3245 967 3282 tonsas
980 3231 1016 3280 ire
1028 3232 1109 3289 docet,
1121 3247 1275 3285 mensuram

200 3310 313 3363 nitatem
322 3308 473 3373 abstulerit,
483 3309 630 3379 ctclumque
639 3306 716 3359 nubi·
760 3313 819 3386 lym
829 3310 876 3364 dat
885 3311 1070 3374 „Memfim
1080 3305 1173 3361 eodem
1183 3327 1276 3364 omues

202 3388 256 3441 bus
281 3386 420 3441 obduxerit
448 3389 603 3456 (perdiden'r
624 3396 715 3440 contra
759 3385 1276 3456 tenoreremosducerentdpoll.1,540‚

203 3471 344 3529 Heinsium,
363 3467 410 3538 qui
430 3465 589 3520 emendandi
606 3465 715 3519 omnino
759 3475 803 3526 ὑπ’
816 3462 909 3543 Oppiae
922 3470 1007 3540 κιθάρῃ
1020 3469 1147 3538 πέπληγον
1164 3471 1275 3542 ἐρετμοῖς

203 3546 326 3618 cupidior
335 3550 408 3619 justo
421 3557 474 3610 est,
484 3557 557 3599 recte
567 3543 716 3599 defendunt
759 3555 855 3606 Πόντου
874 3547 964 3620 adeps„
984 3543 1067 3618 ὕδωρ,
1087 3564 1121 3595 ne
1138 3564 1232 3598 summo
1247 3552 1275 3601 ira

203 3633 360 3678 Bamannus
371 3639 397 3680 et
410 3628 556 3698 Wakfield,
570 3624 644 3697 Sylv.
655 3623 714 3676 crit.
758 3633 857 3697 gurgite
860 3639 985 3696 pugnent,
999 3624 1069 3676 inter
1078 3639 1106 3674 se
1118 3621 1276 3679 collideren-

204 3705 278 3778 ptv,
290 3725 317 3776 p.
333 3725 365 3774 9,
381 3706 457 3778 eujus
474 3723 505 3757 ex
520 3701 600 3755 Hom.
615 3701 713 3774 Odyss.
760 3704 887 3760 tur.Vide
899 3707 1014 3773 Bae'r'ttr'ger,
1025 3704 1152 3754 Arcdoeol.
1162 3709 1275 3758 Murrum

201 3786 269 3838 XIII
282 3823 290 3846 ‚
311 3786 364 3855 399
383 3785 496 3837 allatum
517 3786 593 3837 ὀλέσω
613 3786 716 3854 τρίχας,
759 3791 797 3837 He
809 3799 828 3846 t,
840 3785 869 3848 Ι,
880 3783 907 3838 S.
916 3790 961 3852 74.
973 3787 1068 3842 mnae,
1080 3781 1277 3838 remittitetiam

202 3866 292 3916 canitie
305 3867 466 3931 adspergant,
483 3861 594 3914 mirifice
607 3860 715 3932 placuit.
762 3863 844 3916 Iason
852 3860 985 3935 juveniles
993 3860 1106 3913 labores.

203 3943 333 3995 Neutrum
355 3953 444 3994 tamen
462 3939 544 3993 miror
566 3938 715 3992 meminisse
798 3943 859 4011 473,
871 3943 978 4008 Iphiclo,
991 3958 1023 3992 ex
1034 3942 1152 4005 Phylace,
1164 3939 1276 3996 Thersa-

202 4019 286 4092 ipaiua
297 4021 401 4083 Nostri,
414 4021 461 4091 qui
474 4019 556 4092 paulo
570 4030 631 4076 ante
644 4037 716 4072 vers.
760 4020 801 4075 lite
812 4020 892 4083 urbe,
904 4017 1034 4084 oriundo,
1045 4028 1120 4072 atate
1130 4017 1276 4074 admodum

203 4103 255 4164 4⁵¹
283 4097 376 4152 eodem
404 4101 560 4167 deformandi
585 4117 663 4152 sensu
689 4103 716 4153 τὸ
762 4109 907 4172 provecto,
933 4097 1024 4150 utilem
1051 4109 1139 4151 tamen
1166 4117 1275 4170 operam

200 4183 306 4248 perdere
326 4178 519 4248 adhibuerat);
541 4179 613 4231 solus
630 4190 719 4230 tamen
763 4179 897 4252 prestanti
909 4197 957 4239 eo,
971 4175 1044 4248 quod
1055 4177 1163 4230 monitis
1171 4191 1275 4248 regeret

202 4259 327 4312 omnium
346 4258 395 4312 has
414 4259 498 4312 nubes
514 4269 603 4329 possm
619 4257 721 4330 prospi-
761 4257 898 4331 J'uniorea,
917 4258 1086 4324 majommqrte
1107 4258 1217 4308 tarditas
1239 4256 1275 4311 ad
