3226 5114
378 572 440 655 294
685 568 721 630 o.
746 565 944 630 vitnnn
975 563 1148 629 tricet

420 703 543 764 Verum
560 701 644 762 inter
662 696 783 761 medios
800 697 930 760 dabitur
948 697 994 760 sic
1013 717 1144 763 currere
1162 712 1272 760 cautes

421 815 533 902 (Certe
549 812 646 902 digna
661 811 795 898 manus)
807 859 816 892 ‚
828 833 1034 898 vacuumque
1051 810 1152 874 exibis
1169 811 1203 873 in
1220 831 1344 898 equor.

420 930 571 995 Proxima
584 950 683 1017 regna
695 928 793 1015 Lyci,
811 943 933 990 remeat
950 927 1007 1013 qui
1025 927 1130 990 victor
1145 927 1185 992 ab
1202 927 1269 989 oris

426 1044 609 1132 Bebryciis3
624 1059 694 1106 toto
715 1064 783 1105 non
801 1041 886 1105 ullus
908 1042 1002 1107 litore
1018 1041 1116 1104 Ponti

424 1159 536 1224 Mitior
554 1181 562 1223 :
579 1159 734 1223 hiclecto
749 1157 907 1221 comitum
926 1154 968 1228 de
985 1156 1105 1219 robore
1124 1155 1151 1220 si
1165 1178 1269 1243 quem

422 1273 600 1340 Perculerit
612 1272 717 1335 vicina
738 1272 824 1353 lues,
844 1292 886 1334 ne
904 1267 1022 1351 defice,
1036 1291 1128 1334 cesus

422 1388 569 1454 Praedicti
584 1409 726 1468 memor,
738 1402 836 1475 atque
850 1385 973 1449 animos
995 1386 1125 1474 accinge
1139 1383 1268 1449 futuris.

422 1506 492 1570 lllic
507 1503 671 1593 pestiferas
689 1504 801 1567 subter
815 1504 891 1592 juga
911 1523 1051 1566 concava
1069 1515 1201 1589 torquet

421 1621 509 1683 Alter
525 1640 623 1706 aquas
643 1617 811 1696 Acheron,
825 1631 981 1712 vastoque
999 1613 1140 1678 exundat
1156 1615 1245 1678 hiatu
1409 1639 1448 1688 595

278 1718 284 1734 ¹
387 1727 389 1731 ’
422 1735 580 1813 Fumeus,
595 1747 626 1796 et
644 1753 725 1795 saeva
738 1730 887 1818 sequitur
901 1730 1036 1819 caligine
1050 1751 1201 1816 campus3

424 1847 549 1934 Linque
566 1867 694 1935 gravem
714 1841 864 1926 fluvium,
881 1859 914 1906 et
926 1843 1051 1906 miseris
1070 1865 1129 1906 sua
1146 1843 1208 1906 fata
1225 1845 1362 1907 colonis.

422 1961 474 2024 Sic
488 1982 620 2046 quoque
637 1981 704 2022 non
724 1981 792 2022 uno
809 1957 940 2023 dabitur
954 1973 1174 2026 transcurrere
1188 1957 1290 2022 luctu.

425 2077 515 2160 Quid
530 2077 589 2141 tibi
611 2078 759 2142 nubifera
778 2092 966 2166 surgentem
985 2099 1066 2164 rupe
1081 2077 1272 2161 ,Carambim

413 2263 465 2321 587.
482 2264 509 2306 Si
524 2277 616 2308 currere
628 2260 705 2309 Vitio.
717 2261 807 2307 Bonum
820 2270 843 2307 et
854 2263 933 2308 Burm.
946 2260 1016 2306 codd.
1032 2287 1062 2306 -.
1078 2259 1132 2307 stt.
1150 2261 1237 2307 Exibit.
1249 2263 1339 2306 Boron
1354 2262 1383 2306 ll.
1396 2262 1448 2307 tlt.

380 2366 411 2376 ·-
426 2340 480 2400 592.
491 2338 627 2385 Praetulerit.
643 2340 733 2384 Bonon.
746 2339 798 2383 cod.
815 2347 839 2383 et
849 2341 939 2384 Botion.
950 2340 968 2383 Ι.
981 2364 1012 2372 -
1025 2338 1079 2398 593.
1092 2340 1215 2401 Accingere
1217 2339 1322 2398 suturas.
1335 2340 1449 2400 Corrupto

380 2417 456 2466 vitio.
469 2417 522 2463 cod.
530 2417 745 2479 Accingesuturtts.
760 2418 851 2462 Boron.
866 2416 919 2462 cod.
932 2424 956 2462 et
969 2415 1059 2462 Bouom
1072 2417 1091 2463 l.
1107 2441 1137 2464 -·-.
1156 2414 1210 2480 595.
1221 2421 1278 2464 Ater·
1287 2434 1370 2480 aquas.
1383 2417 1448 2463 Cirr.

383 2498 461 2558 Aquis.
472 2496 560 2542 vitiose
576 2496 666 2558 Gryph.
684 2521 713 2530 -
729 2494 783 2556 596.
798 2497 901 2557 Campos.
913 2494 988 2541 viiic.
1003 2495 1055 2541 cod.
1072 2498 1136 2542 lunt.
1151 2497 1236 2545 llltser.
1258 2496 1311 2542 ild.
1329 2506 1352 2543 et
1369 2507 1451 2544 tuetur-

329 2639 332 2645 Ι
381 2574 525 2622 neuntio.
539 2584 599 2622 nott.
612 2575 657 2620 lin.

417 2723 640 2794 5872588.Locus
651 2723 890 2793 intricatior,quem
935 2721 1072 2795 phyn‚V,
1087 2722 1136 2786 15;
1157 2733 1182 2774 et
1202 2726 1333 2790 perculerit
1353 2742 1447 2789 anceps

380 2804 415 2858 ad
428 2803 621 2876 expediendum
635 2803 732 2874 optime
748 2802 835 2856 lucere
850 2802 890 2855 vi·
936 2814 988 2868 est,
1005 2799 1189 2874 duplicemque
1206 2802 1319 2854 admittit
1338 2823 1442 2856 sensum

380 2885 459 2938 detur
469 2885 618 2957 conjectura
625 2883 798 2952 Heinsii‚pro
810 2885 892 2933 sicre-
934 2881 977 2934 vel
991 2881 1090 2944 morbi,
1106 2883 1149 2934 vel
1170 2882 1282 2934 mortis:
1304 2904 1336 2934 ue
1356 2885 1445 2954 defice,

380 2965 501 3035 ponentis
512 2968 571 3018 scio.
581 2963 607 3018 Si
616 2981 711 3036 porro,
720 2959 791 3034 quod
802 2979 891 3013 meum
936 2961 1054 3014 animum
1068 2979 1102 3012 ne
1115 2960 1288 3031 despondeas.

381 3054 558 3097 commentum
573 3053 628 3105 est,
641 3042 720 3095 verba
734 3056 797 3092 certe
812 3044 892 3108 digna
971 3040 1032 3108 594.
1052 3043 1107 3091 Illic
1123 3042 1251 3110 pesuflras
1270 3061 1350 3108 aquas
1372 3043 1450 3091 subter

381 3143 468 3174 mamis
478 3123 662 3194 parenthcseos
671 3122 752 3192 signis
760 3120 891 3184 includas,
930 3125 996 3189 juga
1008 3139 1135 3180 concava,
1150 3121 1296 3181 subintret,
1307 3120 1449 3190 voragines

381 3202 469 3254 omnia
483 3213 559 3255 crunt
572 3199 707 3273 expedita:
722 3203 890 3252 intermedias
936 3199 1082 3262 montium,
1103 3213 1209 3266 torquet,
1232 3199 1257 3251 vi
1277 3199 1367 3270 repit,
1388 3204 1450 3250 alter

383 3285 489 3342 dabitur,
510 3286 572 3342 scio,
594 3301 690 3334 currere
707 3293 790 3330 cautes
807 3285 891 3344 (certe
935 3282 1058 3342 Acheron,
1064 3296 1118 3331 non
1125 3278 1213 3331 miuus
1222 3277 1448 3348 terribilis‚quam

384 3363 462 3428 digna
473 3381 559 3411 manus
558 3367 585 3424 ),
599 3371 628 3412 tu
643 3360 734 3430 tuique
745 3357 808 3412 socii
820 3377 890 3429 egre·
934 3359 1016 3411 Italus
1031 3357 1089 3422 ille,
1110 3374 1231 3426 vastoque
1249 3361 1317 3410 itiam
1335 3362 1446 3409 extendat

383 3439 417 3509 gii
433 3439 481 3492 tali
497 3440 602 3493 fortune
620 3437 705 3508 digni,
718 3457 889 3506 varumque,
928 3439 1044 3505 fitmeos,
1054 3449 1125 3490 tanta
1135 3439 1162 3490 vi
1171 3437 1295 3510 propellit
1305 3437 1408 3499 nudos,
1421 3447 1448 3487 ut

383 3518 510 3582 liberum,
540 3527 676 3588 apertum,
703 3517 755 3570 lete
782 3528 891 3587 pateus,
936 3517 1039 3569 fumum
1053 3517 1191 3580 emitum,
1210 3515 1316 3588 qualem
1333 3516 1360 3568 in
1379 3527 1449 3569 catt-

384 3601 460 3648 exibis
473 3601 498 3647 irt
507 3615 600 3664 cequor.
937 3596 1016 3649 raetis
1025 3595 1087 3648 licet
1099 3597 1251 3649 observare.

420 3676 481 3740 589.
491 3678 621 3736 Proxima,
633 3674 744 3746 Cyaneis
757 3678 894 3747 superatis,
974 3677 1034 3743 ⁵96.
1045 3676 1097 3728 Pro
1117 3679 1225 3742 requitur
1241 3674 1340 3727 mavult
1363 3673 1450 3726 Marl-

384 3765 444 3805 sunt
454 3772 534 3820 regna
546 3756 617 3818 Lyci,
629 3753 896 3827 regisMariundyno·
938 3755 1049 3818 landus,
1058 3755 1108 3826 Ep.
1122 3755 1180 3808 crit.
1195 3773 1224 3826 p.
1241 3756 1287 3818 34,
1298 3757 1393 3822 registr.
1406 3753 1448 3805 Nil

301 3873 306 3890 ,
384 3850 443 3883 rum
455 3833 464 3898 (
474 3832 544 3884 inira
555 3833 640 3903 737),
654 3849 746 3885 remeat
758 3839 801 3902 qui
815 3839 896 3888 victor
937 3851 1015 3904 opus:
1030 3838 1138 3902 sequitur
1155 3833 1286 3905 significat
1302 3846 1360 3904 post
1378 3833 1450 3884 hunc

383 3915 415 3961 ab
427 3915 475 3962 oris
486 3915 606 3978 Bebryciis
613 3935 623 3973 ,·
635 3912 690 3966 vid.
704 3914 754 3984 748
764 3931 822 3986 sqq.
937 3913 1001 3967 situs
1010 3925 1066 3977 est,
1082 3915 1188 3978 subest,
1202 3932 1263 3966 eunt
1275 3913 1380 3984 excipit.
1394 3916 1451 3962 Lin-

421 3992 481 4057 591.
492 3992 625 4056 Quoniam
638 3994 709 4046 triste
720 3993 819 4064 aliquid
829 4013 894 4064 proe·
938 4013 985 4060 qne
991 4011 1192 4064 gravem,gravc
1202 3993 1316 4045 olentem
1325 3995 1447 4062 ,fhtvimm

384 4069 645 4132 nuntiut‚obscurius
656 4072 788 4143 loquitur,
797 4073 894 4126 minus-
974 4072 1032 4141 598.
1043 4076 1082 4122 Sic
1093 4091 1203 4140 qnoque,
1221 4089 1255 4123 ne
1268 4072 1304 4123 sic
1319 4069 1427 4141 quidem
1439 4109 1447 4132 ‚

385 4167 436 4220 quc
459 4147 538 4212 dicit,
557 4169 636 4221 quam
655 4163 751 4204 nosset.
762 4155 789 4202 Si
803 4173 890 4220 quem,
937 4152 1059 4223 quemvis
1074 4151 1102 4202 iu
1119 4150 1182 4222 ripis
1206 4150 1228 4221 ej
1236 4167 1268 4202 us
1288 4169 1342 4201 non
1361 4164 1449 4200 more·

384 4229 459 4300 quasi
472 4228 505 4282 de
518 4248 572 4281 uno
584 4267 592 4293 ‚
604 4229 650 4282 sed
659 4229 725 4283 duos
734 4233 841 4284 morbus
847 4233 893 4285 ab·
937 4230 1011 4286 mini.
1026 4230 1075 4282 En.

385 4309 495 4378 stttnpsit
504 4346 513 4372 ‚
530 4307 667 4362 Idmonem
679 4347 688 4374 ,
701 4311 736 4373 V,
752 4330 784 4374 α,
805 4324 830 4363 ct
846 4311 892 4363 Ti·
974 4310 1032 4379 599.
1051 4313 1116 4376 Quid
1131 4314 1172 4361 tibi
1189 4311 1299 4378 rtubtjsera
1312 4321 1452 4376 sterpetum
