<?xml version="1.0" encoding="UTF-8"?>
<!DOCTYPE html PUBLIC "-//W3C//DTD XHTML 1.0 Transitional//EN"
    "http://www.w3.org/TR/xhtml1/DTD/xhtml1-transitional.dtd">
<html xmlns="http://www.w3.org/1999/xhtml" xml:lang="en" lang="en">
 <head>
  <title>
</title>
<meta http-equiv="Content-Type" content="text/html;charset=utf-8" />
  <meta name='ocr-system' content='tesseract 3.04.00' />
  <meta name='ocr-capabilities' content='ocr_page ocr_carea ocr_par ocr_line ocrx_word'/>
</head>
<body>
  <div class='ocr_page' id='page_1' title='image "./cvaleriiflaccis00apolgoog_0051.png"; bbox 0 0 3122 5126; ppageno 0'>
   <div class='ocr_carea' id='block_1_1' title="bbox 388 487 1235 563">
    <p class='ocr_par' dir='ltr' id='par_1_1' title="bbox 388 487 1235 563">
     <span class='ocr_line' id='line_1_1' title="bbox 388 487 1235 563; baseline -0.002 0"><span class='ocrx_word' id='word_1_1' title='bbox 388 517 433 563; x_wconf 75' lang='grc' dir='ltr'><strong>ιι,</strong></span> <span class='ocrx_word' id='word_1_2' title='bbox 604 487 877 558; x_wconf 81' lang='lat' dir='ltr'><strong>PRAEFATIO</strong></span> <span class='ocrx_word' id='word_1_3' title='bbox 905 490 974 559; x_wconf 83' lang='lat' dir='ltr'><strong>JO.</strong></span> <span class='ocrx_word' id='word_1_4' title='bbox 1002 489 1139 560; x_wconf 84' lang='lat' dir='ltr'><strong>BAPT.</strong></span> <span class='ocrx_word' id='word_1_5' title='bbox 1166 490 1235 562; x_wconf 90' lang='lat' dir='ltr'><strong>PII</strong></span> 
     </span>
    </p>
   </div>
   <div class='ocr_carea' id='block_1_2' title="bbox 385 616 1460 1239">
    <p class='ocr_par' dir='ltr' id='par_1_2' title="bbox 385 616 1460 1239">
     <span class='ocr_line' id='line_1_2' title="bbox 387 616 1460 707; baseline 0.005 -20"><span class='ocrx_word' id='word_1_6' title='bbox 387 625 477 688; x_wconf 89' lang='lat' dir='ltr'><strong>tione</strong></span> <span class='ocrx_word' id='word_1_7' title='bbox 494 616 729 686; x_wconf 83' lang='lat' dir='ltr'><strong>Archiflaminis</strong></span> <span class='ocrx_word' id='word_1_8' title='bbox 741 618 845 682; x_wconf 90' lang='lat' dir='ltr'><strong>Roma</strong></span> <span class='ocrx_word' id='word_1_9' title='bbox 858 641 952 707; x_wconf 86' lang='lat' dir='ltr'><strong>sagax</strong></span> <span class='ocrx_word' id='word_1_10' title='bbox 965 634 999 682; x_wconf 92' lang='lat' dir='ltr'><strong>et</strong></span> <span class='ocrx_word' id='word_1_11' title='bbox 1009 635 1142 702; x_wconf 80' lang='lat' dir='ltr'>nasuta,</span> <span class='ocrx_word' id='word_1_12' title='bbox 1158 619 1282 687; x_wconf 85' lang='lat' dir='ltr'><strong>lulium</strong></span> <span class='ocrx_word' id='word_1_13' title='bbox 1293 623 1460 692; x_wconf 81' lang='lat' dir='ltr'><strong>Medicam</strong></span> 
     </span>
     <span class='ocr_line' id='line_1_3' title="bbox 387 722 1460 816; baseline 0.008 -26"><span class='ocrx_word' id='word_1_14' title='bbox 387 725 563 816; x_wconf 81' lang='lat' dir='ltr'><strong>intelligat,</strong></span> <span class='ocrx_word' id='word_1_15' title='bbox 577 745 720 812; x_wconf 90' lang='lat' dir='ltr'><strong>eumque</strong></span> <span class='ocrx_word' id='word_1_16' title='bbox 732 722 814 787; x_wconf 88' lang='lat' dir='ltr'><strong>adeo</strong></span> <span class='ocrx_word' id='word_1_17' title='bbox 827 723 998 810; x_wconf 85' lang='lat' dir='ltr'><strong>suscipiat,</strong></span> <span class='ocrx_word' id='word_1_18' title='bbox 1014 739 1054 788; x_wconf 93' lang='lat' dir='ltr'><strong>ut</strong></span> <span class='ocrx_word' id='word_1_19' title='bbox 1072 723 1176 790; x_wconf 91' lang='lat' dir='ltr'><strong>sidera</strong></span> <span class='ocrx_word' id='word_1_20' title='bbox 1196 725 1283 791; x_wconf 90' lang='lat' dir='ltr'><strong>inter</strong></span> <span class='ocrx_word' id='word_1_21' title='bbox 1301 733 1460 798; x_wconf 74' lang='lat' dir='ltr'>mortales</span> 
     </span>
     <span class='ocr_line' id='line_1_4' title="bbox 385 828 1384 912; baseline 0.003 -14"><span class='ocrx_word' id='word_1_22' title='bbox 385 831 598 912; x_wconf 85' lang='lat' dir='ltr'><strong>ambulantia,</strong></span> <span class='ocrx_word' id='word_1_23' title='bbox 618 851 686 893; x_wconf 89' lang='lat' dir='ltr'><strong>non</strong></span> <span class='ocrx_word' id='word_1_24' title='bbox 701 828 856 908; x_wconf 85' lang='lat' dir='ltr'><strong>majorem</strong></span> <span class='ocrx_word' id='word_1_25' title='bbox 869 845 998 893; x_wconf 92' lang='lat' dir='ltr'><strong>motura</strong></span> <span class='ocrx_word' id='word_1_26' title='bbox 1011 829 1076 893; x_wconf 91' lang='lat' dir='ltr'><strong>sint</strong></span> <span class='ocrx_word' id='word_1_27' title='bbox 1088 829 1384 902; x_wconf 83' lang='lat' dir='ltr'><strong>admirabilitatem.</strong></span> 
     </span>
     <span class='ocr_line' id='line_1_5' title="bbox 431 935 1456 1026; baseline 0.005 -22"><span class='ocrx_word' id='word_1_28' title='bbox 431 939 547 1026; x_wconf 85' lang='lat' dir='ltr'><strong>Accipe</strong></span> <span class='ocrx_word' id='word_1_29' title='bbox 567 937 666 1026; x_wconf 88' lang='lat' dir='ltr'><strong>igitur</strong></span> <span class='ocrx_word' id='word_1_30' title='bbox 685 935 794 1016; x_wconf 88' lang='lat' dir='ltr'><strong>hilari,</strong></span> <span class='ocrx_word' id='word_1_31' title='bbox 807 958 871 1023; x_wconf 90' lang='lat' dir='ltr'><strong>qua</strong></span> <span class='ocrx_word' id='word_1_32' title='bbox 891 935 1046 1000; x_wconf 90' lang='lat' dir='ltr'><strong>clientum</strong></span> <span class='ocrx_word' id='word_1_33' title='bbox 1065 951 1199 1000; x_wconf 86' lang='lat' dir='ltr'><strong>tuorum</strong></span> <span class='ocrx_word' id='word_1_34' title='bbox 1219 941 1331 1004; x_wconf 93' lang='lat' dir='ltr'><strong>omnia</strong></span> <span class='ocrx_word' id='word_1_35' title='bbox 1348 943 1456 1022; x_wconf 87' lang='lat' dir='ltr'><strong>soles,</strong></span> 
     </span>
     <span class='ocr_line' id='line_1_6' title="bbox 387 1033 1457 1130; baseline 0.004 -21"><span class='ocrx_word' id='word_1_36' title='bbox 387 1033 503 1125; x_wconf 85' lang='lat' dir='ltr'><strong>fronte,</strong></span> <span class='ocrx_word' id='word_1_37' title='bbox 513 1041 744 1108; x_wconf 88' lang='lat' dir='ltr'><strong>munusculum</strong></span> <span class='ocrx_word' id='word_1_38' title='bbox 753 1037 798 1130; x_wconf 90' lang='lat' dir='ltr'><strong>pii</strong></span> <span class='ocrx_word' id='word_1_39' title='bbox 808 1041 944 1122; x_wconf 90' lang='lat' dir='ltr'><strong>clientis,</strong></span> <span class='ocrx_word' id='word_1_40' title='bbox 955 1063 1052 1128; x_wconf 89' lang='lat' dir='ltr'><strong>quem</strong></span> <span class='ocrx_word' id='word_1_41' title='bbox 1061 1039 1255 1129; x_wconf 85' lang='lat' dir='ltr'><strong>jampridem</strong></span> <span class='ocrx_word' id='word_1_42' title='bbox 1267 1046 1346 1110; x_wconf 87' lang='lat' dir='ltr'><strong>tanti</strong></span> <span class='ocrx_word' id='word_1_43' title='bbox 1360 1046 1457 1113; x_wconf 84' lang='lat' dir='ltr'><strong>beni·</strong></span> 
     </span>
     <span class='ocr_line' id='line_1_7' title="bbox 385 1147 1454 1239; baseline 0.007 -26"><span class='ocrx_word' id='word_1_44' title='bbox 385 1151 489 1239; x_wconf 86' lang='lat' dir='ltr'><strong>gnitas</strong></span> <span class='ocrx_word' id='word_1_45' title='bbox 504 1166 559 1214; x_wconf 89' lang='lat' dir='ltr'><strong>tua</strong></span> <span class='ocrx_word' id='word_1_46' title='bbox 572 1148 661 1230; x_wconf 85' lang='lat' dir='ltr'><strong>fecit,</strong></span> <span class='ocrx_word' id='word_1_47' title='bbox 677 1163 742 1211; x_wconf 90' lang='lat' dir='ltr'><strong>uta</strong></span> <span class='ocrx_word' id='word_1_48' title='bbox 756 1147 887 1214; x_wconf 86' lang='lat' dir='ltr'><strong>seeretis</strong></span> <span class='ocrx_word' id='word_1_49' title='bbox 898 1168 967 1212; x_wconf 86' lang='lat' dir='ltr'><strong>esse</strong></span> <span class='ocrx_word' id='word_1_50' title='bbox 979 1147 1134 1228; x_wconf 81' lang='lat' dir='ltr'><strong>voluerit,</strong></span> <span class='ocrx_word' id='word_1_51' title='bbox 1148 1163 1179 1212; x_wconf 91' lang='lat' dir='ltr'><strong>et</strong></span> <span class='ocrx_word' id='word_1_52' title='bbox 1193 1149 1289 1215; x_wconf 89' lang='lat' dir='ltr'><strong>titulo</strong></span> <span class='ocrx_word' id='word_1_53' title='bbox 1301 1153 1454 1220; x_wconf 80' lang='lat' dir='ltr'><strong>familiari</strong></span> 
     </span>
    </p>
   </div>
   <div class='ocr_carea' id='block_1_3' title="bbox 359 1252 1450 4299">
    <p class='ocr_par' dir='ltr' id='par_1_3' title="bbox 359 1252 1450 4299">
     <span class='ocr_line' id='line_1_8' title="bbox 384 1252 1450 1341; baseline 0.003 -20"><span class='ocrx_word' id='word_1_54' title='bbox 384 1255 592 1322; x_wconf 84' lang='lat' dir='ltr'><strong>decoraverit.</strong></span> <span class='ocrx_word' id='word_1_55' title='bbox 603 1254 737 1341; x_wconf 85' lang='lat' dir='ltr'><strong>Accipe,</strong></span> <span class='ocrx_word' id='word_1_56' title='bbox 754 1252 909 1340; x_wconf 89' lang='lat' dir='ltr'><strong>inquam,</strong></span> <span class='ocrx_word' id='word_1_57' title='bbox 926 1275 1058 1318; x_wconf 87' lang='lat' dir='ltr'><strong>serenus</strong></span> <span class='ocrx_word' id='word_1_58' title='bbox 1072 1275 1109 1318; x_wconf 87' lang='lat' dir='ltr'><strong>ac</strong></span> <span class='ocrx_word' id='word_1_59' title='bbox 1123 1255 1285 1321; x_wconf 82' lang='lat' dir='ltr'><strong>exsultans</strong></span> <span class='ocrx_word' id='word_1_60' title='bbox 1295 1257 1450 1324; x_wconf 84' lang='lat' dir='ltr'><strong>Flaccum</strong></span> 
     </span>
     <span class='ocr_line' id='line_1_9' title="bbox 384 1357 1447 1449; baseline 0.004 -23"><span class='ocrx_word' id='word_1_61' title='bbox 384 1361 564 1441; x_wconf 86' lang='lat' dir='ltr'><strong>Valerium,</strong></span> <span class='ocrx_word' id='word_1_62' title='bbox 587 1358 811 1447; x_wconf 71' lang='lat' dir='ltr'><strong>Argonautica</strong></span> <span class='ocrx_word' id='word_1_63' title='bbox 837 1357 957 1422; x_wconf 84' lang='lat' dir='ltr'><strong>Latinae</strong></span> <span class='ocrx_word' id='word_1_64' title='bbox 976 1359 1216 1424; x_wconf 81' lang='lat' dir='ltr'><strong>vocalissimum</strong></span> <span class='ocrx_word' id='word_1_65' title='bbox 1242 1384 1447 1449; x_wconf 71' lang='lat' dir='ltr'><strong>praeconem,</strong></span> 
     </span>
     <span class='ocr_line' id='line_1_10' title="bbox 383 1462 1447 1552; baseline 0.004 -22"><span class='ocrx_word' id='word_1_66' title='bbox 383 1466 509 1531; x_wconf 91' lang='lat' dir='ltr'><strong>nomini</strong></span> <span class='ocrx_word' id='word_1_67' title='bbox 529 1482 589 1530; x_wconf 92' lang='lat' dir='ltr'><strong>tuo</strong></span> <span class='ocrx_word' id='word_1_68' title='bbox 609 1463 763 1552; x_wconf 86' lang='lat' dir='ltr'><strong>peculiari</strong></span> <span class='ocrx_word' id='word_1_69' title='bbox 786 1463 1031 1551; x_wconf 86' lang='lat' dir='ltr'><strong>nuncupatione</strong></span> <span class='ocrx_word' id='word_1_70' title='bbox 1054 1462 1215 1546; x_wconf 89' lang='lat' dir='ltr'><strong>dicatum,</strong></span> <span class='ocrx_word' id='word_1_71' title='bbox 1236 1482 1274 1531; x_wconf 89' lang='lat' dir='ltr'><strong>ut</strong></span> <span class='ocrx_word' id='word_1_72' title='bbox 1293 1468 1447 1534; x_wconf 88' lang='lat' dir='ltr'><strong>Virbium</strong></span> 
     </span>
     <span class='ocr_line' id='line_1_11' title="bbox 383 1569 1444 1662; baseline 0.003 -24"><span class='ocrx_word' id='word_1_73' title='bbox 383 1573 616 1662; x_wconf 82' lang='lat' dir='ltr'><strong>Hippolytum,</strong></span> <span class='ocrx_word' id='word_1_74' title='bbox 630 1571 671 1634; x_wconf 91' lang='lat' dir='ltr'><strong>ab</strong></span> <span class='ocrx_word' id='word_1_75' title='bbox 685 1571 754 1634; x_wconf 89' lang='lat' dir='ltr'><strong>orci</strong></span> <span class='ocrx_word' id='word_1_76' title='bbox 767 1569 914 1634; x_wconf 82' lang='lat' dir='ltr'><strong>faucibus</strong></span> <span class='ocrx_word' id='word_1_77' title='bbox 937 1569 1102 1659; x_wconf 81' lang='lat' dir='ltr'><strong>diligentia</strong></span> <span class='ocrx_word' id='word_1_78' title='bbox 1119 1587 1229 1636; x_wconf 89' lang='lat' dir='ltr'><strong>nostra</strong></span> <span class='ocrx_word' id='word_1_79' title='bbox 1245 1589 1444 1641; x_wconf 89' lang='lat' dir='ltr'><strong>revocatum.</strong></span> 
     </span>
     <span class='ocr_line' id='line_1_12' title="bbox 381 1675 1445 1768; baseline 0.001 -24"><span class='ocrx_word' id='word_1_80' title='bbox 381 1681 421 1744; x_wconf 92' lang='lat' dir='ltr'><strong>ln</strong></span> <span class='ocrx_word' id='word_1_81' title='bbox 441 1702 508 1768; x_wconf 93' lang='lat' dir='ltr'><strong>quo</strong></span> <span class='ocrx_word' id='word_1_82' title='bbox 526 1695 575 1744; x_wconf 93' lang='lat' dir='ltr'><strong>tot</strong></span> <span class='ocrx_word' id='word_1_83' title='bbox 590 1677 733 1758; x_wconf 84' lang='lat' dir='ltr'><strong>mendae,</strong></span> <span class='ocrx_word' id='word_1_84' title='bbox 748 1675 1017 1758; x_wconf 82' lang='lat' dir='ltr'><strong>bmrae,calvitia,</strong></span> <span class='ocrx_word' id='word_1_85' title='bbox 1029 1675 1173 1742; x_wconf 84' lang='lat' dir='ltr'><strong>defectus</strong></span> <span class='ocrx_word' id='word_1_86' title='bbox 1185 1699 1298 1742; x_wconf 90' lang='lat' dir='ltr'><strong>verum</strong></span> <span class='ocrx_word' id='word_1_87' title='bbox 1311 1701 1445 1745; x_wconf 86' lang='lat' dir='ltr'><strong>sensum</strong></span> 
     </span>
     <span class='ocr_line' id='line_1_13' title="bbox 381 1782 1445 1872; baseline -0.002 -20"><span class='ocrx_word' id='word_1_88' title='bbox 381 1788 595 1866; x_wconf 90' lang='lat' dir='ltr'><strong>inverterant,</strong></span> <span class='ocrx_word' id='word_1_89' title='bbox 608 1799 647 1847; x_wconf 91' lang='lat' dir='ltr'><strong>ut</strong></span> <span class='ocrx_word' id='word_1_90' title='bbox 661 1784 794 1848; x_wconf 87' lang='lat' dir='ltr'><strong>Flaccus</strong></span> <span class='ocrx_word' id='word_1_91' title='bbox 810 1783 845 1846; x_wconf 92' lang='lat' dir='ltr'><strong>in</strong></span> <span class='ocrx_word' id='word_1_92' title='bbox 858 1783 988 1865; x_wconf 86' lang='lat' dir='ltr'><strong>Flacco,</strong></span> <span class='ocrx_word' id='word_1_93' title='bbox 1003 1783 1098 1848; x_wconf 89' lang='lat' dir='ltr'><strong>sicuti</strong></span> <span class='ocrx_word' id='word_1_94' title='bbox 1114 1782 1155 1848; x_wconf 90' lang='lat' dir='ltr'><strong>de</strong></span> <span class='ocrx_word' id='word_1_95' title='bbox 1167 1783 1299 1848; x_wconf 90' lang='lat' dir='ltr'><strong>Samnio</strong></span> <span class='ocrx_word' id='word_1_96' title='bbox 1312 1807 1445 1872; x_wconf 89' lang='lat' dir='ltr'><strong>prover·</strong></span> 
     </span>
     <span class='ocr_line' id='line_1_14' title="bbox 380 1887 1444 1978; baseline 0 -21"><span class='ocrx_word' id='word_1_97' title='bbox 380 1893 507 1958; x_wconf 91' lang='lat' dir='ltr'><strong>bialiter</strong></span> <span class='ocrx_word' id='word_1_98' title='bbox 523 1887 759 1969; x_wconf 83' lang='lat' dir='ltr'><strong>circumfertur,</strong></span> <span class='ocrx_word' id='word_1_99' title='bbox 774 1903 972 1974; x_wconf 72' lang='lat' dir='ltr'><strong>quaereretur</strong></span> <span class='ocrx_word' id='word_1_100' title='bbox 988 1910 1048 1954; x_wconf 91' lang='lat' dir='ltr'><strong>nec</strong></span> <span class='ocrx_word' id='word_1_101' title='bbox 1065 1890 1275 1954; x_wconf 89' lang='lat' dir='ltr'><strong>inveniretur.</strong></span> <span class='ocrx_word' id='word_1_102' title='bbox 1293 1890 1444 1978; x_wconf 83' lang='lat' dir='ltr'><strong>Orpheus</strong></span> 
     </span>
     <span class='ocr_line' id='line_1_15' title="bbox 379 1993 1444 2088; baseline -0.004 -24"><span class='ocrx_word' id='word_1_103' title='bbox 379 2015 475 2088; x_wconf 91' lang='lat' dir='ltr'><strong>poeta</strong></span> <span class='ocrx_word' id='word_1_104' title='bbox 491 1997 638 2072; x_wconf 73' lang='lat' dir='ltr'><strong>Graecus,</strong></span> <span class='ocrx_word' id='word_1_105' title='bbox 655 1993 801 2059; x_wconf 87' lang='lat' dir='ltr'><strong>Rhodius</strong></span> <span class='ocrx_word' id='word_1_106' title='bbox 817 1993 1095 2060; x_wconf 86' lang='lat' dir='ltr'><strong>lucubratissimus</strong></span> <span class='ocrx_word' id='word_1_107' title='bbox 1111 2011 1242 2077; x_wconf 87' lang='lat' dir='ltr'><strong>auctor,</strong></span> <span class='ocrx_word' id='word_1_108' title='bbox 1257 1995 1444 2084; x_wconf 86' lang='lat' dir='ltr'><strong>Rhodiique</strong></span> 
     </span>
     <span class='ocr_line' id='line_1_16' title="bbox 379 2098 1442 2193; baseline -0.003 -23"><span class='ocrx_word' id='word_1_109' title='bbox 379 2106 569 2193; x_wconf 85' lang='lat' dir='ltr'><strong>interpretes</strong></span> <span class='ocrx_word' id='word_1_110' title='bbox 590 2121 643 2166; x_wconf 87' lang='lat' dir='ltr'><strong>me</strong></span> <span class='ocrx_word' id='word_1_111' title='bbox 660 2098 838 2188; x_wconf 85' lang='lat' dir='ltr'><strong>plurimum</strong></span> <span class='ocrx_word' id='word_1_112' title='bbox 855 2101 1029 2183; x_wconf 86' lang='lat' dir='ltr'><strong>juverunt,</strong></span> <span class='ocrx_word' id='word_1_113' title='bbox 1045 2100 1195 2165; x_wconf 91' lang='lat' dir='ltr'><strong>nonnihil</strong></span> <span class='ocrx_word' id='word_1_114' title='bbox 1217 2116 1251 2165; x_wconf 92' lang='lat' dir='ltr'><strong>et</strong></span> <span class='ocrx_word' id='word_1_115' title='bbox 1268 2100 1371 2165; x_wconf 84' lang='lat' dir='ltr'><strong>codex</strong></span> <span class='ocrx_word' id='word_1_116' title='bbox 1386 2123 1442 2167; x_wconf 87' lang='lat' dir='ltr'><strong>ea·</strong></span> 
     </span>
     <span class='ocr_line' id='line_1_17' title="bbox 378 2189 1442 2301; baseline -0.004 -25"><span class='ocrx_word' id='word_1_117' title='bbox 378 2189 538 2301; x_wconf 75' lang='lat' dir='ltr'><strong>stigatior,</strong></span> <span class='ocrx_word' id='word_1_118' title='bbox 562 2230 661 2296; x_wconf 91' lang='lat' dir='ltr'><strong>quem</strong></span> <span class='ocrx_word' id='word_1_119' title='bbox 695 2206 865 2270; x_wconf 86' lang='lat' dir='ltr'><strong>liberalitas</strong></span> <span class='ocrx_word' id='word_1_120' title='bbox 888 2207 927 2272; x_wconf 83' lang='lat' dir='ltr'><strong>R.</strong></span> <span class='ocrx_word' id='word_1_121' title='bbox 951 2206 1093 2272; x_wconf 89' lang='lat' dir='ltr'><strong>Famesii</strong></span> <span class='ocrx_word' id='word_1_122' title='bbox 1114 2221 1252 2294; x_wconf 89' lang='lat' dir='ltr'><strong>utraque</strong></span> <span class='ocrx_word' id='word_1_123' title='bbox 1274 2207 1442 2272; x_wconf 90' lang='lat' dir='ltr'><strong>literatura</strong></span> 
     </span>
     <span class='ocr_line' id='line_1_18' title="bbox 377 2297 1440 2405; baseline -0.003 -25"><span class='ocrx_word' id='word_1_124' title='bbox 377 2297 586 2405; x_wconf 82' lang='lat' dir='ltr'><strong>perinsignis,</strong></span> <span class='ocrx_word' id='word_1_125' title='bbox 602 2333 700 2399; x_wconf 89' lang='lat' dir='ltr'><strong>quem</strong></span> <span class='ocrx_word' id='word_1_126' title='bbox 723 2311 902 2399; x_wconf 89' lang='lat' dir='ltr'><strong>principem</strong></span> <span class='ocrx_word' id='word_1_127' title='bbox 922 2311 1043 2402; x_wconf 89' lang='lat' dir='ltr'><strong>ingenii</strong></span> <span class='ocrx_word' id='word_1_128' title='bbox 1069 2333 1106 2376; x_wconf 91' lang='lat' dir='ltr'><strong>ac</strong></span> <span class='ocrx_word' id='word_1_129' title='bbox 1129 2311 1256 2376; x_wconf 89' lang='lat' dir='ltr'><strong>virtutis</strong></span> <span class='ocrx_word' id='word_1_130' title='bbox 1280 2309 1440 2400; x_wconf 88' lang='lat' dir='ltr'><strong>appellare</strong></span> 
     </span>
     <span class='ocr_line' id='line_1_19' title="bbox 377 2417 1438 2506; baseline -0.006 -20"><span class='ocrx_word' id='word_1_131' title='bbox 377 2422 487 2502; x_wconf 89' lang='lat' dir='ltr'><strong>soleo,</strong></span> <span class='ocrx_word' id='word_1_132' title='bbox 507 2418 587 2482; x_wconf 91' lang='lat' dir='ltr'><strong>mihi</strong></span> <span class='ocrx_word' id='word_1_133' title='bbox 602 2417 832 2505; x_wconf 89' lang='lat' dir='ltr'><strong>perliberaliter</strong></span> <span class='ocrx_word' id='word_1_134' title='bbox 857 2417 993 2499; x_wconf 89' lang='lat' dir='ltr'><strong>obtulit,</strong></span> <span class='ocrx_word' id='word_1_135' title='bbox 1010 2417 1086 2482; x_wconf 92' lang='lat' dir='ltr'><strong>lima</strong></span> <span class='ocrx_word' id='word_1_136' title='bbox 1100 2417 1273 2506; x_wconf 89' lang='lat' dir='ltr'><strong>Pomponii</strong></span> <span class='ocrx_word' id='word_1_137' title='bbox 1288 2417 1366 2482; x_wconf 84' lang='lat' dir='ltr'><strong>Laeti</strong></span> <span class='ocrx_word' id='word_1_138' title='bbox 1384 2417 1438 2480; x_wconf 92' lang='lat' dir='ltr'><strong>in·</strong></span> 
     </span>
     <span class='ocr_line' id='line_1_20' title="bbox 373 2521 1438 2612; baseline -0.007 -19"><span class='ocrx_word' id='word_1_139' title='bbox 373 2526 488 2593; x_wconf 89' lang='lat' dir='ltr'><strong>dustrii</strong></span> <span class='ocrx_word' id='word_1_140' title='bbox 506 2548 543 2590; x_wconf 89' lang='lat' dir='ltr'><strong>ac</strong></span> <span class='ocrx_word' id='word_1_141' title='bbox 560 2521 750 2612; x_wconf 87' lang='lat' dir='ltr'><strong>perfacundi</strong></span> <span class='ocrx_word' id='word_1_142' title='bbox 767 2521 957 2611; x_wconf 85' lang='lat' dir='ltr'><strong>professoris</strong></span> <span class='ocrx_word' id='word_1_143' title='bbox 967 2572 977 2605; x_wconf 95' lang='lat'><strong>,</strong></span> <span class='ocrx_word' id='word_1_144' title='bbox 989 2523 1172 2611; x_wconf 87' lang='lat' dir='ltr'><strong>elimatum,</strong></span> <span class='ocrx_word' id='word_1_145' title='bbox 1183 2523 1283 2588; x_wconf 87' lang='lat' dir='ltr'><strong>alium</strong></span> <span class='ocrx_word' id='word_1_146' title='bbox 1303 2544 1438 2610; x_wconf 90' lang='lat' dir='ltr'><strong>quoque</strong></span> 
     </span>
     <span class='ocr_line' id='line_1_21' title="bbox 375 2628 1435 2717; baseline -0.008 -18"><span class='ocrx_word' id='word_1_147' title='bbox 375 2633 483 2700; x_wconf 89' lang='lat' dir='ltr'><strong>multis</strong></span> <span class='ocrx_word' id='word_1_148' title='bbox 502 2633 536 2694; x_wconf 91' lang='lat' dir='ltr'><strong>in</strong></span> <span class='ocrx_word' id='word_1_149' title='bbox 552 2631 631 2696; x_wconf 90' lang='lat' dir='ltr'><strong>loeis</strong></span> <span class='ocrx_word' id='word_1_150' title='bbox 647 2651 748 2692; x_wconf 86' lang='lat' dir='ltr'><strong>manu</strong></span> <span class='ocrx_word' id='word_1_151' title='bbox 762 2629 899 2693; x_wconf 89' lang='lat' dir='ltr'><strong>Fabricii</strong></span> <span class='ocrx_word' id='word_1_152' title='bbox 915 2630 1067 2712; x_wconf 88' lang='lat' dir='ltr'><strong>Varrani,</strong></span> <span class='ocrx_word' id='word_1_153' title='bbox 1090 2629 1242 2717; x_wconf 86' lang='lat' dir='ltr'><strong>Episcopi</strong></span> <span class='ocrx_word' id='word_1_154' title='bbox 1253 2628 1435 2712; x_wconf 70' lang='lat' dir='ltr'><strong>Camenis,</strong></span> 
     </span>
     <span class='ocr_line' id='line_1_22' title="bbox 374 2734 1435 2823; baseline -0.007 -18"><span class='ocrx_word' id='word_1_155' title='bbox 374 2740 598 2806; x_wconf 88' lang='lat' dir='ltr'><strong>emaculatum.</strong></span> <span class='ocrx_word' id='word_1_156' title='bbox 618 2734 860 2800; x_wconf 83' lang='lat' dir='ltr'><strong>Adminiculum</strong></span> <span class='ocrx_word' id='word_1_157' title='bbox 873 2757 1007 2823; x_wconf 92' lang='lat' dir='ltr'><strong>quoque</strong></span> <span class='ocrx_word' id='word_1_158' title='bbox 1023 2757 1092 2798; x_wconf 92' lang='lat' dir='ltr'><strong>non</strong></span> <span class='ocrx_word' id='word_1_159' title='bbox 1110 2757 1243 2822; x_wconf 91' lang='lat' dir='ltr'><strong>parvum</strong></span> <span class='ocrx_word' id='word_1_160' title='bbox 1261 2735 1367 2798; x_wconf 89' lang='lat' dir='ltr'><strong>attulit</strong></span> <span class='ocrx_word' id='word_1_161' title='bbox 1381 2735 1435 2798; x_wconf 85' lang='lat' dir='ltr'><strong>Ja-</strong></span> 
     </span>
     <span class='ocr_line' id='line_1_23' title="bbox 359 2839 1434 2931; baseline -0.007 -20"><span class='ocrx_word' id='word_1_162' title='bbox 359 2867 361 2873; x_wconf 65' lang='grc'><strong>“</strong></span> <span class='ocrx_word' id='word_1_163' title='bbox 374 2846 476 2912; x_wconf 85' lang='lat' dir='ltr'><strong>cobus</strong></span> <span class='ocrx_word' id='word_1_164' title='bbox 487 2841 708 2931; x_wconf 79' lang='lat' dir='ltr'><strong>Orodryinus,</strong></span> <span class='ocrx_word' id='word_1_165' title='bbox 721 2841 859 2926; x_wconf 90' lang='lat' dir='ltr'><strong>scriptor</strong></span> <span class='ocrx_word' id='word_1_166' title='bbox 867 2839 1089 2926; x_wconf 87' lang='lat' dir='ltr'><strong>Apostolicus,</strong></span> <span class='ocrx_word' id='word_1_167' title='bbox 1101 2862 1200 2927; x_wconf 90' lang='lat' dir='ltr'><strong>quern</strong></span> <span class='ocrx_word' id='word_1_168' title='bbox 1211 2840 1434 2923; x_wconf 88' lang='lat' dir='ltr'><strong>transmarina,</strong></span> 
     </span>
     <span class='ocr_line' id='line_1_24' title="bbox 372 2944 1434 3038; baseline -0.008 -20"><span class='ocrx_word' id='word_1_169' title='bbox 372 2951 549 3038; x_wconf 85' lang='lat' dir='ltr'><strong>latinaque</strong></span> <span class='ocrx_word' id='word_1_170' title='bbox 559 2947 829 3028; x_wconf 87' lang='lat' dir='ltr'><strong>venus,laureola</strong></span> <span class='ocrx_word' id='word_1_171' title='bbox 845 2945 1018 3010; x_wconf 87' lang='lat' dir='ltr'><strong>Parnaside</strong></span> <span class='ocrx_word' id='word_1_172' title='bbox 1033 2944 1246 3027; x_wconf 88' lang='lat' dir='ltr'><strong>decorarunt,</strong></span> <span class='ocrx_word' id='word_1_173' title='bbox 1256 2946 1366 3010; x_wconf 89' lang='lat' dir='ltr'><strong>oblato</strong></span> <span class='ocrx_word' id='word_1_174' title='bbox 1379 2968 1434 3010; x_wconf 89' lang='lat' dir='ltr'><strong>co·</strong></span> 
     </span>
     <span class='ocr_line' id='line_1_25' title="bbox 371 3050 1432 3142; baseline -0.007 -19"><span class='ocrx_word' id='word_1_175' title='bbox 371 3058 441 3123; x_wconf 93' lang='lat' dir='ltr'><strong>dice</strong></span> <span class='ocrx_word' id='word_1_176' title='bbox 458 3056 595 3137; x_wconf 87' lang='lat' dir='ltr'><strong>Dacico,</strong></span> <span class='ocrx_word' id='word_1_177' title='bbox 612 3050 807 3142; x_wconf 83' lang='lat' dir='ltr'><strong>uspiciendae</strong></span> <span class='ocrx_word' id='word_1_178' title='bbox 824 3050 1036 3136; x_wconf 80' lang='lat' dir='ltr'><strong>antiquitatis3</strong></span> <span class='ocrx_word' id='word_1_179' title='bbox 1052 3051 1189 3137; x_wconf 88' lang='lat' dir='ltr'><strong>quibus,</strong></span> <span class='ocrx_word' id='word_1_180' title='bbox 1204 3067 1243 3116; x_wconf 93' lang='lat' dir='ltr'><strong>ut</strong></span> <span class='ocrx_word' id='word_1_181' title='bbox 1257 3053 1375 3117; x_wconf 82' lang='lat' dir='ltr'><strong>Zeuxis</strong></span> <span class='ocrx_word' id='word_1_182' title='bbox 1393 3074 1432 3116; x_wconf 82' lang='lat' dir='ltr'><strong>ex</strong></span> 
     </span>
     <span class='ocr_line' id='line_1_26' title="bbox 373 3153 1430 3246; baseline -0.004 -18"><span class='ocrx_word' id='word_1_183' title='bbox 373 3162 505 3228; x_wconf 89' lang='lat' dir='ltr'><strong>diversis</strong></span> <span class='ocrx_word' id='word_1_184' title='bbox 527 3156 734 3246; x_wconf 86' lang='lat' dir='ltr'><strong>corporibus,</strong></span> <span class='ocrx_word' id='word_1_185' title='bbox 751 3169 866 3235; x_wconf 89' lang='lat' dir='ltr'><strong>unam,</strong></span> <span class='ocrx_word' id='word_1_186' title='bbox 883 3169 917 3217; x_wconf 91' lang='lat' dir='ltr'><strong>et</strong></span> <span class='ocrx_word' id='word_1_187' title='bbox 932 3153 966 3217; x_wconf 92' lang='lat' dir='ltr'><strong>ni</strong></span> <span class='ocrx_word' id='word_1_188' title='bbox 982 3153 1086 3235; x_wconf 86' lang='lat' dir='ltr'><strong>fallor,</strong></span> <span class='ocrx_word' id='word_1_189' title='bbox 1101 3155 1260 3244; x_wconf 86' lang='lat' dir='ltr'><strong>integram</strong></span> <span class='ocrx_word' id='word_1_190' title='bbox 1277 3157 1430 3236; x_wconf 83' lang='lat' dir='ltr'><strong>formam,</strong></span> 
     </span>
     <span class='ocr_line' id='line_1_27' title="bbox 369 3258 1335 3350; baseline -0.005 -18"><span class='ocrx_word' id='word_1_191' title='bbox 369 3284 401 3332; x_wconf 91' lang='lat' dir='ltr'><strong>et</strong></span> <span class='ocrx_word' id='word_1_192' title='bbox 423 3266 597 3333; x_wconf 85' lang='lat' dir='ltr'><strong>redivivam</strong></span> <span class='ocrx_word' id='word_1_193' title='bbox 621 3261 795 3350; x_wconf 80' lang='lat' dir='ltr'><strong>imaginem</strong></span> <span class='ocrx_word' id='word_1_194' title='bbox 816 3258 958 3324; x_wconf 89' lang='lat' dir='ltr'><strong>recidivo</strong></span> <span class='ocrx_word' id='word_1_195' title='bbox 982 3260 1095 3326; x_wconf 88' lang='lat' dir='ltr'><strong>Flacco</strong></span> <span class='ocrx_word' id='word_1_196' title='bbox 1117 3262 1335 3349; x_wconf 83' lang='lat' dir='ltr'><strong>praestitimus.</strong></span> 
     </span>
     <span class='ocr_line' id='line_1_28' title="bbox 411 3367 1430 3457; baseline -0.004 -20"><span class='ocrx_word' id='word_1_197' title='bbox 411 3372 558 3455; x_wconf 79' lang='lat' dir='ltr'><strong>Tu,feli&#39;x</strong></span> <span class='ocrx_word' id='word_1_198' title='bbox 566 3367 841 3457; x_wconf 89' lang='lat' dir='ltr'><strong>acsapientissime</strong></span> <span class='ocrx_word' id='word_1_199' title='bbox 849 3367 1010 3454; x_wconf 91' lang='lat' dir='ltr'><strong>princeps,</strong></span> <span class='ocrx_word' id='word_1_200' title='bbox 1018 3389 1138 3434; x_wconf 88' lang='lat' dir='ltr'><strong>munus</strong></span> <span class='ocrx_word' id='word_1_201' title='bbox 1146 3371 1430 3456; x_wconf 89' lang='lat' dir='ltr'><strong>quantulumcum-</strong></span> 
     </span>
     <span class='ocr_line' id='line_1_29' title="bbox 366 3472 1428 3572; baseline -0.002 -28"><span class='ocrx_word' id='word_1_202' title='bbox 366 3502 431 3568; x_wconf 93' lang='lat' dir='ltr'><strong>que</strong></span> <span class='ocrx_word' id='word_1_203' title='bbox 442 3502 461 3542; x_wconf 91' lang='lat' dir='ltr'><strong>a</strong></span> <span class='ocrx_word' id='word_1_204' title='bbox 472 3480 527 3568; x_wconf 91' lang='lat' dir='ltr'><strong>pio</strong></span> <span class='ocrx_word' id='word_1_205' title='bbox 541 3477 694 3542; x_wconf 88' lang='lat' dir='ltr'><strong>clientulo</strong></span> <span class='ocrx_word' id='word_1_206' title='bbox 706 3473 862 3555; x_wconf 83' lang='lat' dir='ltr'><strong>oblamm,</strong></span> <span class='ocrx_word' id='word_1_207' title='bbox 871 3472 956 3561; x_wconf 85' lang='lat' dir='ltr'><strong>aequi</strong></span> <span class='ocrx_word' id='word_1_208' title='bbox 968 3473 1112 3572; x_wconf 88' lang='lat' dir='ltr'><strong>bonique</strong></span> <span class='ocrx_word' id='word_1_209' title='bbox 1125 3473 1233 3558; x_wconf 83' lang='lat' dir='ltr'><strong>iacias,</strong></span> <span class='ocrx_word' id='word_1_210' title='bbox 1243 3477 1311 3564; x_wconf 90' lang='lat' dir='ltr'><strong>qui,</strong></span> <span class='ocrx_word' id='word_1_211' title='bbox 1324 3499 1428 3566; x_wconf 89' lang='lat' dir='ltr'><strong>quum</strong></span> 
     </span>
     <span class='ocr_line' id='line_1_30' title="bbox 367 3578 1426 3671; baseline -0.003 -21"><span class='ocrx_word' id='word_1_212' title='bbox 367 3586 504 3666; x_wconf 88' lang='lat' dir='ltr'><strong>majora,</strong></span> <span class='ocrx_word' id='word_1_213' title='bbox 516 3581 685 3671; x_wconf 86' lang='lat' dir='ltr'><strong>iniquitate</strong></span> <span class='ocrx_word' id='word_1_214' title='bbox 698 3578 792 3644; x_wconf 91' lang='lat' dir='ltr'><strong>sortis</strong></span> <span class='ocrx_word' id='word_1_215' title='bbox 804 3595 836 3644; x_wconf 88' lang='lat' dir='ltr'><strong>et</strong></span> <span class='ocrx_word' id='word_1_216' title='bbox 848 3579 948 3644; x_wconf 83' lang='lat' dir='ltr'><strong>aetatis</strong></span> <span class='ocrx_word' id='word_1_217' title='bbox 964 3602 1044 3661; x_wconf 75' lang='lat' dir='ltr'><strong>suae,</strong></span> <span class='ocrx_word' id='word_1_218' title='bbox 1059 3601 1132 3667; x_wconf 77' lang='lat' dir='ltr'><strong>quas</strong></span> <span class='ocrx_word' id='word_1_219' title='bbox 1149 3580 1250 3646; x_wconf 91' lang='lat' dir='ltr'><strong>donet</strong></span> <span class='ocrx_word' id='word_1_220' title='bbox 1265 3605 1333 3646; x_wconf 93' lang='lat' dir='ltr'><strong>non</strong></span> <span class='ocrx_word' id='word_1_221' title='bbox 1349 3603 1426 3670; x_wconf 87' lang='lat' dir='ltr'><strong>pos·</strong></span> 
     </span>
     <span class='ocr_line' id='line_1_31' title="bbox 366 3685 1425 3776; baseline -0.005 -20"><span class='ocrx_word' id='word_1_222' title='bbox 366 3690 484 3773; x_wconf 86' lang='lat' dir='ltr'><strong>sideat,</strong></span> <span class='ocrx_word' id='word_1_223' title='bbox 510 3711 545 3754; x_wconf 89' lang='lat' dir='ltr'><strong>se</strong></span> <span class='ocrx_word' id='word_1_224' title='bbox 570 3689 697 3776; x_wconf 86' lang='lat' dir='ltr'><strong>ipsum,</strong></span> <span class='ocrx_word' id='word_1_225' title='bbox 721 3685 890 3774; x_wconf 86' lang='lat' dir='ltr'><strong>ingenium</strong></span> <span class='ocrx_word' id='word_1_226' title='bbox 908 3706 1021 3768; x_wconf 90' lang='lat' dir='ltr'><strong>suurn,</strong></span> <span class='ocrx_word' id='word_1_227' title='bbox 1047 3685 1257 3770; x_wconf 88' lang='lat' dir='ltr'><strong>industriam,</strong></span> <span class='ocrx_word' id='word_1_228' title='bbox 1280 3687 1425 3754; x_wconf 90' lang='lat' dir='ltr'><strong>studium</strong></span> 
     </span>
     <span class='ocr_line' id='line_1_32' title="bbox 363 3792 1425 3883; baseline -0.003 -21"><span class='ocrx_word' id='word_1_229' title='bbox 363 3796 498 3877; x_wconf 90' lang='lat' dir='ltr'><strong>obtulit,</strong></span> <span class='ocrx_word' id='word_1_230' title='bbox 519 3794 576 3883; x_wconf 90' lang='lat' dir='ltr'><strong>qui</strong></span> <span class='ocrx_word' id='word_1_231' title='bbox 601 3793 759 3858; x_wconf 91' lang='lat' dir='ltr'><strong>virtutum</strong></span> <span class='ocrx_word' id='word_1_232' title='bbox 779 3806 909 3854; x_wconf 86' lang='lat' dir='ltr'><strong>tuarum</strong></span> <span class='ocrx_word' id='word_1_233' title='bbox 931 3792 1137 3874; x_wconf 89' lang='lat' dir='ltr'><strong>memoriam,</strong></span> <span class='ocrx_word' id='word_1_234' title='bbox 1159 3794 1425 3881; x_wconf 86' lang='lat' dir='ltr'><strong>praeconiumque</strong></span> 
     </span>
     <span class='ocr_line' id='line_1_33' title="bbox 363 3896 1423 3990; baseline -0.002 -24"><span class='ocrx_word' id='word_1_235' title='bbox 363 3903 543 3990; x_wconf 87' lang='lat' dir='ltr'><strong>pollicetur.</strong></span> <span class='ocrx_word' id='word_1_236' title='bbox 564 3899 633 3964; x_wconf 89' lang='lat' dir='ltr'><strong>Nec</strong></span> <span class='ocrx_word' id='word_1_237' title='bbox 648 3899 682 3962; x_wconf 94' lang='lat' dir='ltr'><strong>in</strong></span> <span class='ocrx_word' id='word_1_238' title='bbox 700 3896 819 3986; x_wconf 91' lang='lat' dir='ltr'><strong>pusillo</strong></span> <span class='ocrx_word' id='word_1_239' title='bbox 841 3919 956 3986; x_wconf 86' lang='lat' dir='ltr'><strong>magna</strong></span> <span class='ocrx_word' id='word_1_240' title='bbox 975 3914 1154 3985; x_wconf 83' lang='lat' dir='ltr'><strong>exspectes,</strong></span> <span class='ocrx_word' id='word_1_241' title='bbox 1169 3915 1201 3964; x_wconf 88' lang='lat' dir='ltr'><strong>et</strong></span> <span class='ocrx_word' id='word_1_242' title='bbox 1217 3915 1275 3965; x_wconf 90' lang='lat' dir='ltr'><strong>tuo</strong></span> <span class='ocrx_word' id='word_1_243' title='bbox 1295 3899 1423 3988; x_wconf 87' lang='lat' dir='ltr'><strong>fulgore</strong></span> 
     </span>
     <span class='ocr_line' id='line_1_34' title="bbox 359 4003 1422 4097; baseline 0.001 -24"><span class='ocrx_word' id='word_1_244' title='bbox 359 4006 539 4097; x_wconf 89' lang='lat' dir='ltr'><strong>condigna,</strong></span> <span class='ocrx_word' id='word_1_245' title='bbox 554 4005 612 4072; x_wconf 92' lang='lat' dir='ltr'><strong>sed</strong></span> <span class='ocrx_word' id='word_1_246' title='bbox 627 4005 726 4070; x_wconf 87' lang='lat' dir='ltr'><strong>animi</strong></span> <span class='ocrx_word' id='word_1_247' title='bbox 748 4004 807 4068; x_wconf 91' lang='lat' dir='ltr'><strong>tibi</strong></span> <span class='ocrx_word' id='word_1_248' title='bbox 827 4003 1015 4070; x_wconf 89' lang='lat' dir='ltr'><strong>deditissimi</strong></span> <span class='ocrx_word' id='word_1_249' title='bbox 1033 4003 1148 4087; x_wconf 87' lang='lat' dir='ltr'><strong>fidem,</strong></span> <span class='ocrx_word' id='word_1_250' title='bbox 1162 4028 1422 4096; x_wconf 84' lang='lat' dir='ltr'><strong>propensamque</strong></span> 
     </span>
     <span class='ocr_line' id='line_1_35' title="bbox 360 4111 1420 4200; baseline -0.001 -21"><span class='ocrx_word' id='word_1_251' title='bbox 360 4114 571 4179; x_wconf 89' lang='lat' dir='ltr'><strong>voluntatem.</strong></span> <span class='ocrx_word' id='word_1_252' title='bbox 582 4115 652 4178; x_wconf 90' lang='lat' dir='ltr'><strong>Hac</strong></span> <span class='ocrx_word' id='word_1_253' title='bbox 668 4133 728 4200; x_wconf 89' lang='lat' dir='ltr'><strong>ego</strong></span> <span class='ocrx_word' id='word_1_254' title='bbox 741 4125 913 4176; x_wconf 84' lang='lat' dir='ltr'><strong>contentos</strong></span> <span class='ocrx_word' id='word_1_255' title='bbox 923 4131 1066 4199; x_wconf 84' lang='lat' dir='ltr'><strong>auguror</strong></span> <span class='ocrx_word' id='word_1_256' title='bbox 1079 4133 1147 4176; x_wconf 87' lang='lat' dir='ltr'><strong>esse</strong></span> <span class='ocrx_word' id='word_1_257' title='bbox 1163 4111 1260 4194; x_wconf 91' lang='lat' dir='ltr'><strong>deos,</strong></span> <span class='ocrx_word' id='word_1_258' title='bbox 1277 4135 1420 4200; x_wconf 90' lang='lat' dir='ltr'><strong>quorum</strong></span> 
     </span>
     <span class='ocr_line' id='line_1_36' title="bbox 360 4215 1418 4299; baseline 0.002 -17"><span class='ocrx_word' id='word_1_259' title='bbox 360 4221 395 4284; x_wconf 93' lang='lat' dir='ltr'><strong>in</strong></span> <span class='ocrx_word' id='word_1_260' title='bbox 414 4241 588 4284; x_wconf 87' lang='lat' dir='ltr'><strong>numerum</strong></span> <span class='ocrx_word' id='word_1_261' title='bbox 604 4217 761 4299; x_wconf 75' lang='lat' dir='ltr'><strong>adscitus,</strong></span> <span class='ocrx_word' id='word_1_262' title='bbox 786 4215 910 4282; x_wconf 88' lang='lat' dir='ltr'><strong>utinam</strong></span> <span class='ocrx_word' id='word_1_263' title='bbox 927 4238 1036 4299; x_wconf 87' lang='lat' dir='ltr'><strong>serus,</strong></span> <span class='ocrx_word' id='word_1_264' title='bbox 1051 4219 1163 4284; x_wconf 76' lang='lat' dir='ltr'><strong>caelum</strong></span> <span class='ocrx_word' id='word_1_265' title='bbox 1181 4234 1267 4284; x_wconf 88' lang='lat' dir='ltr'><strong>astro</strong></span> <span class='ocrx_word' id='word_1_266' title='bbox 1282 4220 1418 4284; x_wconf 91' lang='lat' dir='ltr'><strong>rutilan-</strong></span> 
     </span>
    </p>
   </div>
   <div class='ocr_carea' id='block_1_4' title="bbox 0 0 1566 5126">
    <p class='ocr_par' dir='ltr' id='par_1_4' title="bbox 0 0 1566 5126">
     <span class='ocr_line' id='line_1_37' title="bbox 0 0 1566 5126; baseline 0 11"><span class='ocrx_word' id='word_1_267' title='bbox 0 0 1566 5126; x_wconf 95' lang='lat' dir='ltr'><strong> </strong></span> 
     </span>
    </p>
   </div>
  </div>
 </body>
</html>
