3192 5128
70 575 1150 606 mmmmm-mmmmmmmmmmmmwum

336 799 598 871 LUDOVICI
628 801 914 873 CARRIONIS

413 1009 849 1120 DEDICATIO.

509 1237 748 1264 -ο--ι

147 1403 476 1476 LUDOVICUS
509 1408 745 1477 CARRION
777 1410 1090 1495 BRUGENSJS,

190 1579 373 1642 nomm,
401 1579 636 1645 GENEROSO,
663 1582 711 1627 ET
737 1583 918 1630 enuntio
942 1585 1054 1649 vinu,

272 1730 333 1817 n.
358 1727 616 1820 JACOBO
658 1729 978 1845 PAMELIO,

212 1925 453 1973 secunlum
485 1927 730 1974 LITERARUM
763 1927 1024 1988 ῙᾸΟΕΝΤΙΑΤΟ,

314 2061 352 2096 B!
378 2061 538 2099 noemin
560 2062 741 2100 undensis
765 2063 947 2113 calonico,

576 2221 612 2288 S.
638 2222 683 2290 D.

375 2405 880 2444 *memb—-

24 2581 26 2610 ³
97 2557 141 2662 St
160 2619 287 2662 eorum
307 2595 512 2678 institutum,
529 2599 579 2661 vir
597 2599 818 2677 ornatissime,
834 2599 890 2686 qui
909 2618 1000 2663 suam
1017 2621 1168 2687 operam,

96 2704 255 2786 studium,
276 2718 314 2768 et
330 2703 546 2794 diligentiam,
564 2702 605 2768 ad
624 2703 765 2791 reipubl.
785 2704 921 2769 virtutes
946 2705 1167 2789 illustrandas,

97 2826 184 2898 atque
194 2808 389 2900 augendam
401 2810 587 2894 utilitatem,
603 2809 733 2897 publice
744 2809 961 2897 privatimque
977 2809 1167 2894 conferunt,

99 2917 201 2981 nerito
218 2901 396 2999 admirari,
411 2933 444 2982 et
459 2917 579 3005 passim
596 2914 770 3004 praedicare
786 2915 1032 2996 consuevimus;
1048 2932 1084 2980 tu
1099 2940 1171 3004 pro·

97 3019 172 3086 lecto
187 3023 281 3088 mihi
305 3022 468 3112 praecipua
485 3021 713 3111 praedicatione
731 3020 851 3110 dignus
865 3019 1003 3103 videris,
1017 3023 1074 3108 qui
1096 3043 1170 3085 om-

100 3149 163 3192 nem
180 3128 422 3220 cogitationem
437 3145 597 3219 perpetuo
612 3128 648 3193 in
664 3129 786 3216 optima
802 3126 948 3192 discendi
964 3125 1172 3215 docendique
1188 3113 1191 3120 ’

100 3235 214 3298 tatione
227 3235 384 3323 posuisti.
396 3234 509 3318 Quum
522 3234 609 3300 enim
620 3233 660 3322 (si
672 3233 800 3298 Platoni
815 3229 990 3320 credimus)
1000 3249 1032 3297 et
1041 3233 1171 3315 amicis,

101 3356 127 3402 et
140 3341 278 3427 pamiae,
295 3355 328 3405 et
343 3339 532 3428 parentibus
548 3341 615 3404 nati
631 3341 750 3421 simus,
768 3361 852 3427 quo,
870 3361 998 3427 quaeso,
1017 3339 1174 3427 patriam,

101 3465 163 3530 quae
185 3467 311 3510 omnes
329 3447 500 3529 omnium,
517 3461 598 3512 teste
617 3447 792 3522 Cicerone,
815 3445 963 3509 caritates
986 3445 1176 3532 complecti-

101 3561 163 3632 tur,
180 3575 254 3640 quo
274 3552 412 3635 amicos,
432 3575 576 3640 quorum
596 3543 752 3615 henelicio
770 3549 856 3614 hanc
876 3551 979 3639 ipsam
1001 3548 1172 3634 ducimus3

102 3676 161 3742 quo
174 3656 325 3746 denique
338 3657 447 3724 officio
459 3675 624 3748 parentes,
636 3658 755 3746 quibus
769 3657 835 3721 hoc
849 3655 939 3744 quod
953 3679 1067 3720 snmus
1079 3678 1171 3720 acce·

102 3763 1173 3858 ptumferreoportet,potiusnohisdevinciemus,quamsialiquid

102 3869 339 3960 relinquamus,
353 3897 419 3963 quo
429 3897 489 3939 nos
501 3871 676 3964 aliquando
686 3895 753 3938 non
769 3870 906 3936 omnino
920 3871 1041 3936 otiosos
1058 3871 1175 3934 vixisse
1231 3853 1238 3871 ¹

102 3987 270 4061 testemur,
282 4002 334 4046 ne
348 3981 414 4045 ulla
430 3980 592 4046 oblivione
610 3981 684 4044 vitm
704 3975 915 4060 beneficium,
933 3975 1023 4064 quod
1039 3976 1079 4040 ab
1095 3977 1174 4064 ipsis

104 4085 304 4172 accepimus,
326 4109 472 4175 unquam
495 4085 637 4176 opprimi
648 4084 822 4172 patiamur,
844 4081 902 4146 sed
917 4083 1026 4170 potius
1047 4102 1174 4144 memo·
1232 4135 1235 4140 .

103 4189 269 4272 riam‚ejus
282 4214 379 4279 quam
392 4177 543 4256 latissime
557 4191 702 4281 proferre
714 4187 926 4253 studeamus?
938 4189 1043 4252 Tanto
1059 4201 1169 4270 autetn

105 4301 203 4388 magis
216 4298 416 4389 sapientibus
423 4299 499 4364 viris
512 4297 545 4363 id
561 4296 691 4386 probari
703 4296 863 4385 intelligo,
883 4311 1005 4383 quanto
1015 4294 1171 4374 majorem
