3192 5128
363 543 445 588 cxv!

671 523 817 590 PETRI
845 521 1118 591 BURMANNI

504 649 663 722 Ampycides
673 641 786 722 petrice,
800 650 895 723 plenua
905 652 961 723 jam
975 651 1098 716 numine,
1114 650 1179 702 ritus

541 738 656 803 Tradat,
669 753 695 794 et
705 753 844 812 acceptum
856 739 896 794 dia
908 740 1012 812 pietatis
1024 758 1102 811 opus.

505 828 537 879 In
550 826 646 881 dubios
660 847 735 882 caena
750 829 865 882 fetorum
879 821 1003 899 pr'naciue
1018 825 1115 878 Idmon

538 916 668 979 Roboret,
681 928 708 968 et
719 915 824 968 strictae
833 915 862 967 in
871 913 926 966 lera
937 913 1006 966 bella
1016 930 1119 965 manna.

505 1000 608 1068 Gloria,
617 1021 675 1074 que
685 1003 767 1057 celsas
779 1015 879 1058 mentes
890 1013 988 1055 eterne
997 1000 1115 1073 perurit,

460 1088 465 1100 ’
536 1091 585 1154 In,
598 1089 706 1162 rapidus
714 1091 969 1162 Phaeieqtoeeecat,
985 1098 1145 1142 arvavocet.

502 1177 551 1230 Illa
564 1177 750 1250 triumphalem
762 1179 884 1250 Pegaseo
896 1178 974 1230 litore
985 1177 1114 1248 puppim,

539 1267 572 1318 Et
584 1267 646 1338 ligat
658 1266 749 1339 patriie
760 1269 857 1322 vellera
869 1278 946 1339 rupte
958 1265 1039 1320 tholi·
1051 1291 1074 1318 ι.

502 1351 564 1407 llaec
578 1353 690 1422 decora,
701 1354 752 1408 lana
760 1354 863 1420 laudea,
877 1355 956 1426 graiis
967 1355 1098 1408 celebrate
1109 1355 1205 1426 poetis,

537 1441 616 1496 Serue
632 1454 662 1496 ut
677 1454 793 1514 aequaret
805 1443 884 1497 fortia
897 1441 969 1496 lecta·
978 1461 1076 1515 nepos,

502 1528 564 1582 Huc
574 1529 694 1584 animosa
706 1531 787 1583 refert
798 1530 926 1584 Romanis
941 1529 1037 1602 pagina
1051 1529 1156 1594 Flacci,

535 1619 642 1671 AEmula
656 1619 703 1690 qui
715 1620 805 1690 graecis
817 1619 922 1672 ratibua
936 1638 984 1672 ora
996 1631 1091 1672 movet.

503 1705 626 1760 Carmina
636 1707 683 1779 qui
694 1707 788 1779 primis
804 1708 865 1761 licet
876 1707 1029 1779 imperfecta
1041 1707 1091 1761 tub
1104 1707 1181 1760 annis

538 1793 673 1865 Liquerit,
690 1796 813 1850 Ausonia
828 1797 897 1849 fama
909 1795 1026 1849 necunde
1039 1796 1121 1867 viget.

505 1879 594 1952 thue
606 1885 702 1954 premit
714 1884 775 1936 felix
786 1886 935 1956 Smyrnnae
949 1885 1059 1938 Mantua
1069 1885 1173 1949 lauros,

537 1968 670 2024 Obucuret
679 1971 811 2024 Rhodium
824 1972 862 2026 eie
874 1971 1018 2025 Patavinae
1029 1970 1096 2023 olor.

503 2054 561 2109 Hoc
572 2058 637 2124 tibi,
650 2057 696 2110 lnx
706 2062 847 2131 juvenum,
857 2057 905 2111 flos
917 2058 1017 2112 illibate
1030 2057 1162 2111 Britanna

539 2144 634 2209 Pubia,
645 2164 709 2218 epos
721 2146 781 2199 laeta
793 2157 882 2200 mente
892 2165 1028 2218 manuque
1040 2145 1108 2200 dien.

498 2235 527 2288 Si
537 2235 649 2289 stimulis
661 2245 687 2287 te
701 2234 767 2287 lecta
779 2234 855 2287 ucria
866 2234 1001 2306 impellere
1012 2235 1110 2306 possint

535 2329 669 2398 AEquora,
678 2323 821 2376 Tbeaealiis
831 2323 969 2376 sollicitata
978 2324 1058 2386 viriet

502 2412 530 2467 si
542 2411 608 2485 quid
623 2411 731 2466 laonia
743 2425 848 2481 raptum
860 2410 958 2464 virtute
972 2410 1091 2483 doliaque

532 2500 647 2564 Vellua,
659 2498 730 2552 etad
742 2497 842 2570 patrios
851 2497 941 2570 preda
953 2499 1036 2555 relata
1047 2498 1130 2561 deon

502 2587 605 2659 Siquid
619 2585 654 2642 ed
669 2585 818 2658 exemplum
832 2585 938 2638 valeant
950 2598 1121 2638 monumenta
1131 2586 1244 2658 Pelasgae

538 2674 646 2740 Gentis,
659 2686 685 2727 et
696 2673 799 2745 antiqui
810 2673 938 2744 temporie
949 2683 1008 2726 acta
1015 2675 1107 2744 juvent
1119 2691 1127 2736 ;

502 2765 529 2820 Si
541 2764 588 2817 tibi
601 2761 704 2816 virtutis
712 2761 834 2834 placent,
849 2759 996 2832 doctorque
1009 2759 1111 2815 decoris

535 2851 659 2914 Flaccus,
670 2861 697 2903 et
707 2849 806 2920 ingenii
816 2848 919 2920 grande
930 2849 1035 2922 capacia
1049 2867 1115 2920 opus
1127 2867 1135 2912 ;

503 2941 646 3012 Verbaque
655 2940 679 2992 ei
688 2939 743 2990 vati
754 2937 820 2991 deue
830 2938 964 3010 inspirarit
973 2939 1008 2991 ab
1016 2938 1071 2990 alto

537 3026 671 3094 Grandia,
687 3027 802 3081 materie
815 3027 1027 3098 conveniantque
1036 3023 1127 3089 modu

501 3119 529 3172 si
541 3116 667 3189 prcdeeae
679 3115 743 3182 tibi,
760 3115 784 3169 ei
795 3113 927 3168 delectare
935 3125 1056 3186 poetam,

540 3204 611 3258 Utile
621 3203 742 3278 jucundo
755 3204 777 3256 ai
789 3205 889 3258 sociare
899 3203 980 3267 telin

502 3295 601 3367 Accipe
611 3292 744 3346 Romulea
753 3293 849 3346 cecinit
858 3309 917 3364 qun
926 3304 997 3363 gratu
1008 3294 1139 3363 juventae,

538 3383 620 3435 Ortua
629 3382 657 3434 in
667 3380 814 3453 Euganeis,
827 3380 961 3445 carmina,
975 3378 1087 3432 Flaccus
1098 3380 1168 3449 agris
1179 3398 1185 3430 :

502 3471 626 3542 Perlege,
636 3487 694 3542 que
702 3472 812 3541 juvenca
821 3466 967 3522 incendant
977 3466 1063 3520 laudis
1073 3485 1179 3533 umore,

539 3558 628 3611 Priaca
637 3576 685 3628 per
694 3556 790 3610 hereos
801 3555 905 3610 condita
915 3555 985 3608 bella
995 3554 1084 3627 peden.

503 3647 604 3718 lloepee
616 3644 650 3699 ed
659 3645 788 3709 illuatrea,
798 3663 841 3697 me
850 3643 1010 3711 deducente,
1020 3654 1128 3715 penaten

538 3737 560 3785 Α
570 3734 670 3786 Batavo
684 3744 756 3786 retes
766 3731 843 3784 litore
851 3731 925 3784 letne
935 3743 987 3784 eat.

503 3822 530 3876 Si
543 3821 590 3874 tibi
604 3818 713 3872 Leidnni
726 3819 882 3891 placuerunt
894 3819 946 3873 otia
959 3818 1061 3886 Rheni,

537 3911 673 3964 Musarum
687 3909 788 3982 placuit
798 3909 821 3964 ai
832 3908 881 3962 tibi
894 3908 974 3964 docte
984 3906 1079 3961 domna
1090 3925 1098 3970 ς

504 3999 531 4054 Si
545 4017 633 4066 mora,
648 3997 712 4052 dum
725 4009 816 4050 noatm
829 3996 961 4068 pendebas
975 4015 1076 4069 gnarus
1091 3997 1126 4048 ab
1137 4015 1198 4060 ore,

536 4086 676 4159 Primaque
688 4085 818 4140 tractabas
832 4085 946 4140 Palladis
959 4103 1046 4150 arma,
1058 4083 1145 4148 enbit,

506 4177 530 4228 Ο
543 4173 639 4240 decus,
655 4191 672 4226 ο
685 4173 767 4227 noetri
779 4192 863 4245 nuper
876 4175 1007 4228 celebrate
1020 4171 1099 4243 Lycei

537 4263 641 4329 Gloria,
656 4281 718 4316 mox
732 4263 810 4336 petrii
822 4262 947 4335 splendor
959 4262 1097 4332 honorque
1110 4259 1176 4314 auli!
1197 4327 1201 4335 Ι
