3192 5128
402 549 560 596 cxxxvttt
707 527 854 594 PETRI
883 529 1155 597 BURMANNI

402 655 480 718 anni
494 669 679 732 mortuum,
699 653 788 716 etita
804 653 999 718 festinavisse
1016 677 1130 741 operas
1149 653 1410 742 typographicas,
1425 669 1464 716 ut

401 774 477 846 post
497 773 634 821 mortem
654 757 760 821 Fausti
777 758 943 846 inceptum
958 781 1061 848 opus,
1079 759 1165 822 inter
1180 758 1327 845 quinque
1342 760 1392 822 vel
1407 781 1465 822 sex

403 889 530 930 menses
545 866 749 930 absolverint.
769 865 832 930 Sed
849 866 919 931 haec
938 869 1125 954 exquirant,
1141 866 1260 954 quibus
1282 867 1372 930 istius
1394 866 1464 929 edi·

405 973 501 1034 tionis
527 970 673 1036 videndae
693 971 785 1059 copia
803 974 972 1062 contingit.
992 974 1096 1053 Hujus
1117 972 1225 1036 Fausti
1242 993 1319 1034 vero
1342 971 1464 1035 Liviam

405 1078 471 1164 (ita
489 1077 624 1140 amicam
647 1078 884 1142 Bononiensem
901 1078 1015 1162 vocat)
1034 1099 1131 1163 quam
1147 1099 1184 1140 ca
1201 1091 1388 1164 tempestate
1410 1099 1465 1139 ca·

405 1181 517 1262 nebat,
535 1204 599 1270 qua
624 1181 763 1246 nondum
780 1185 890 1270 pn'trza
913 1181 1030 1269 hungo
1041 1180 1182 1269 juventii
1199 1179 1291 1244 vultu
1301 1179 1467 1268 pullulare

402 1302 542 1374 ceperat,
559 1301 590 1349 et
609 1285 726 1350 deinde
742 1286 925 1374 Elegiarum
942 1286 1042 1350 libros
1058 1301 1139 1364 tres,
1156 1301 1189 1349 et
1201 1307 1305 1348 unum
1319 1285 1361 1348 ad
1371 1287 1468 1350 Caro·

404 1393 473 1455 lum
490 1391 680 1456 Burrhaeum
698 1392 871 1456 Patricium
887 1392 1117 1472 Parisiensem,
1131 1390 1196 1454 vidi
1214 1390 1316 1455 editos
1337 1391 1466 1456 Parisiis

405 1517 492 1559 anno
513 1495 595 1580 1496
605 1544 614 1577 ,
630 1495 725 1577 ind,
742 1518 883 1583 quorum
901 1495 935 1558 in
953 1495 1157 1584 praelatione,
1175 1496 1336 1582 promittit
1354 1497 1466 1560 satiras

405 1600 537 1682 decem,
552 1602 781 1690 epigrammata
793 1601 950 1684 ducenta,
969 1601 1161 1689 sphaericum
1174 1600 1354 1690 dialogum,
1365 1623 1469 1664 mora·

405 1708 449 1771 les
462 1722 595 1770 centum
608 1707 775 1794 epistolas,
791 1722 824 1771 et
834 1708 939 1771 latinae
954 1708 1070 1795 linguae
1082 1706 1331 1770 observationes.
1346 1707 1395 1770 Ex
1404 1707 1468 1770 illis

362 1839 370 1864 ν
405 1814 470 1879 vidi
487 1815 608 1879 multos
630 1815 728 1880 fuisse
744 1816 918 1903 ineptiores
935 1833 1046 1903 poetas
1063 1814 1241 1880 Andrelino
1257 1831 1388 1896 nostro,
1408 1837 1470 1878 nec

407 1939 472 1983 tam
488 1921 646 2008 poeticam
664 1921 725 2008 ipsi
742 1943 875 2001 venam,
892 1942 989 2006 quam
1006 1920 1195 2009 elegantiam
1211 1920 1313 2000 illam,
1330 1937 1362 1983 et
1374 1922 1470 1984 casti-

408 2042 505 2089 tatem
520 2027 678 2090 sermonis
694 2025 784 2088 latini
800 2023 910 2087 deesse
926 2048 933 2087 :
949 2025 1066 2112 legitur
1081 2025 1166 2088 inter
1182 2025 1257 2088 alias
1273 2025 1388 2114 elegia,
1405 2047 1471 2112 qua

407 2147 515 2196 narret
530 2152 565 2194 se
581 2130 621 2193 ab
635 2129 849 2194 Universitate
863 2130 1033 2194 Parisiensi
1047 2131 1186 2194 electum
1197 2131 1239 2194 ad
1250 2132 1423 2197 oratoriam
1438 2148 1473 2194 et

406 2237 565 2326 poeticam
579 2251 679 2298 artem
697 2234 989 2323 interpretandam,
1007 2235 1115 2298 deriso
1132 2251 1164 2298 et
1179 2236 1312 2322 expulso
1326 2237 1471 2323 quodam

407 2344 513 2404 Corvo
529 2340 805 2430 ignorantissimo,
820 2355 851 2402 et
867 2338 976 2402 laudat
990 2361 1110 2403 munus
1125 2363 1143 2403 a
1157 2339 1334 2404 Guillclmo
1349 2340 1390 2404 de
1404 2343 1474 2405 ttu-

408 2447 536 2532 pelorti,
550 2445 744 2510 Cancellario
756 2444 881 2526 Galliae,
894 2445 946 2508 cui
960 2444 1079 2508 librum
1091 2444 1233 2532 primum
1243 2449 1401 2510 Amorum
1415 2446 1473 2510 de·

408 2551 542 2633 dicavit,
558 2567 743 2638 acceptum:
761 2549 845 2612 lianc
856 2550 1031 2615 editionem
1045 2572 1113 2614 non
1126 2549 1243 2615 vidisse
1254 2550 1383 2616 videtur
1394 2552 1474 2616 Mai·

408 2656 537 2738 tairius,
560 2657 635 2720 licet
658 2655 824 2719 librarium
848 2653 1032 2719 Guidonem
1048 2656 1261 2720 Mercatorem
1283 2655 1325 2721 ad
1347 2679 1471 2720 annum

413 2762 496 2847 1489
514 2761 639 2826 referat.
656 2759 816 2824 Eumdem
838 2761 973 2824 Bailium
991 2762 1087 2826 etiarn
1110 2778 1251 2843 temere,
1275 2779 1308 2826 et
1331 2785 1398 2827 uon
1418 2762 1471 2824 in-

409 2885 521 2958 specto
532 2870 634 2949 libro,
646 2869 806 2934 affirmare
816 2885 897 2956 puto
906 2916 915 2949 ,
925 2886 1074 2956 poemata
1086 2869 1255 2934 Andtelini
1271 2871 1391 2935 inserta
1402 2891 1472 2934 esse

410 2992 500 3042 tomo
512 2976 617 3063 primo
630 2976 824 3039 Deliciarum
837 2975 1008 3040 Poetarum
1017 2977 1181 3058 italorum,
1195 2999 1297 3063 quum
1306 2975 1386 3039 nihil
1396 2997 1474 3063 prn-

410 3082 510 3157 terdd
526 3081 680 3160 disticha,
697 3103 738 3144 en
752 3080 819 3143 aliis
836 3081 989 3168 operibus
998 3097 1162 3167 excerpta,
1174 3081 1238 3162 ibi,
1252 3103 1284 3168 p.
1303 3103 1381 3168 107,
1392 3081 1474 3168 lega·

407 3203 474 3252 tur.
492 3189 643 3270 Quorum
660 3203 725 3250 tam
742 3187 888 3276 exiguam
905 3188 1063 3252 rationem
1082 3187 1242 3252 Gruterus
1258 3187 1408 3251 habuisse
1425 3189 1472 3250 vi·

402 3291 525 3374 detur,
543 3308 580 3356 ut
603 3313 662 3356 nec
689 3313 809 3355 nomen
835 3293 944 3355 Fausti
966 3293 1000 3355 in
1017 3293 1170 3383 Catalogo
1188 3308 1356 3381 poetarum
1373 3291 1486 3382 partis⁴

410 3397 522 3484 primm
537 3395 680 3484 conspici
695 3395 842 3459 voluerit.
860 3396 945 3461 Huic
960 3398 1079 3462 Fausto
1094 3397 1252 3485 quosdam
1269 3395 1475 3483 adscripsisse

346 3515 350 3526 '
412 3502 633 3566 satiramillam
642 3501 924 3584 violentissimam,
936 3525 1008 3590 quae
1018 3503 1135 3592 dialogi
1147 3503 1221 3590 ,qui
1228 3502 1414 3566 inscribitur
1420 3503 1475 3566 Ju-

412 3607 485 3687 lius,
502 3607 563 3671 sub
577 3605 682 3694 specie
691 3654 699 3685 ,
709 3606 913 3671 acerbissime
921 3607 938 3670 J
941 3607 1043 3671 ulium
1053 3608 1086 3672 ΙΙ
1099 3608 1215 3671 lacerat
1224 3656 1233 3688 ,
1243 3607 1341 3671 refert
1356 3606 1473 3670 Bailius

413 3711 540 3776 inJulio
555 3713 604 3794 113
622 3710 678 3776 sed
688 3712 771 3776 hanc
783 3710 824 3775 ad
839 3712 1029 3794 Erasmum,
1046 3712 1205 3778 facetioris
1215 3728 1247 3776 et
1254 3711 1405 3775 acutioris
1421 3711 1474 3774 in·

413 3817 499 3906 genii
508 3817 634 3906 Belgam
647 3834 831 3894 ‚auctorem
844 3816 1017 3882 doctorum
1030 3819 1182 3906 suffragia
1192 3818 1390 3899 retulerunt3
1402 3815 1474 3879 vide

413 3919 575 3986 Placciurn
595 3921 636 3984 de
647 3922 836 4009 Anonymis,
852 3945 885 3986 n.
902 3921 1002 4004 1513,
1019 3951 1046 3988 α.
1059 3923 1180 3988 Crebro
1195 3922 1289 3985 ctiam
1306 3920 1473 4000 Maserius,

415 4010 540 4091 summa
563 4049 638 4090 cum
658 4026 793 4090 honoris
812 4043 845 4089 et
863 4029 1048 4094 reverentiae
1065 4026 1303 4107 testificatione,
1327 4026 1475 4088 meminit

414 4133 545 4196 loannis
563 4132 723 4197 Francisci
740 4134 944 4214 Quintiniani
960 4135 1061 4210 Stoae,
1084 4157 1180 4220 quem
1204 4132 1341 4198 oratoris
1365 4131 1475 4196 conci-

389 4301 398 4322 ,
416 4237 576 4320 tutissimi,
595 4255 697 4327 poetae
716 4239 826 4302 sonori
843 4254 875 4302 et
895 4237 998 4326 gravis
1022 4239 1119 4303 titulo
1141 4254 1296 4319 exornat,
1324 4237 1419 4324 eique
1440 4257 1474 4300 se
