3226 5114
410 555 995 622 ARGONAU'HGONLIB,1V.
1039 543 1041 551 ¹
1179 557 1242 622 283

212 691 345 778 Quippe
360 711 468 775 neque
483 705 643 752 extorrem
659 703 807 770 tantum,
826 709 888 752 nec
902 687 985 752 lucis
998 701 1166 777 egentem,

212 806 354 892 Insuper
370 803 520 892 Harpyias
536 800 764 892 Typhonides,
779 802 826 865 ira
840 803 1016 884 Tonantis,

213 920 440 1008 Depopulant,
452 919 589 1008 ipsoque
608 917 706 1006 dapes
719 917 907 1006 praedantur
923 919 965 982 ab
981 941 1050 984 ore.

212 1036 299 1101 Talia
314 1034 461 1126 p'rodigia
476 1051 508 1098 ct
523 1033 602 1098 tales
620 1055 682 1123 pro
699 1034 835 1098 crimine
849 1051 958 1120 pta-nas

212 1152 420 1240 Perpetitur:
440 1171 512 1239 spes
529 1169 596 1215 una
612 1150 698 1230 aeni,
714 1148 805 1236 quod
817 1149 938 1237 pellere
953 1168 1070 1214 saevarn

215 1263 394 1350 Quondam
408 1264 473 1329 fata
489 1264 578 1329 luem
599 1262 763 1329 dederunt
776 1263 938 1352 Aquilone
951 1264 1076 1328 croatia.

257 1381 344 1471 Ergo
362 1379 420 1444 ubi
431 1379 499 1460 jam
515 1379 660 1467 Minyas,
672 1395 859 1465 certamque
876 1375 1029 1442 accedere
1043 1377 1188 1443 Phineus

216 1497 322 1560 Sentit
338 1517 455 1583 opem,
470 1493 591 1583 primas
609 1494 726 1558 baculo
746 1492 892 1558 defertur
907 1492 949 1557 ad
970 1489 1093 1576 undas,

213 1611 422 1698 Vestigatque
441 1624 564 1691 ratem,
578 1625 677 1697 atque
694 1607 808 1672 oculos
827 1607 946 1672 attollit
960 1607 1084 1672 inanes.
1207 1629 1244 1673 os

215 1726 311 1788 Tunc
324 1741 458 1788 tenuem
473 1722 598 1811 spirans
616 1721 757 1786 animam
770 1743 778 1785 :
791 1749 803 1776 ι
814 1722 958 1803 Salvc,o
974 1721 1055 1784 mihi
1069 1722 1208 1812 longum

215 1841 411 1928 Exspectata
427 1860 561 1918 manus,
575 1835 775 1923 nostrisque,
787 1836 851 1918 ait,
862 1835 971 1924 agnita
989 1837 1084 1900 votis.

216 1956 393 2035 Novimus,
410 1969 443 2017 et
460 1952 542 2017 divis
555 1951 655 2042 geniti
674 1951 812 2039 quibus,
827 1967 861 2015 et
874 1951 926 2013 via
936 1951 1044 2033 jussos

216 2071 291 2154 Qua
308 2070 407 2152 ferat,
422 2092 459 2134 ac
470 2067 569 2133 vestri
584 2064 698 2155 (rebar
713 2066 779 2154 sic)
797 2082 944 2155 tempora
961 2085 1096 2144 cursus,

203 2255 260 2310 (sall.
273 2257 372 2318 {suuper
385 2253 496 2316 Tpisoides
504 2255 599 2316 Arpyiae
610 2254 645 2300 ira
659 2253 776 2299 Tonantis.
789 2251 865 2298 Vatic.
877 2251 930 2298 cod.
947 2251 1044 2312 Insuper
1058 2250 1188 2313 Hyphohles
1198 2255 1246 2298 Ao·

170 2335 233 2396 pyioe
246 2335 326 2396 iraque
338 2335 362 2380 T.
374 2333 464 2378 honon.
472 2331 525 2378 cod.
536 2333 626 2377 Booon.
634 2331 653 2377 l.
663 2327 806 2392 Hirploidcs.
815 2332 879 2376 Junt.
888 2327 1132 2391 Insuperbplonides
1137 2331 1247 2392 Harpyiae

172 2415 208 2458 ira
221 2416 247 2460 Τ.
257 2415 348 2458 Bonon.
359 2413 390 2458 ΙΙ.
400 2414 420 2458 Ι.
432 2411 490 2456 lunc
500 2410 644 2473 Typhonides
657 2411 771 2472 Harpyiae.
790 2411 877 2456 Mases.
889 2408 935 2458 alia
949 2409 1048 2456 omuino
1059 2425 1073 2454 a
1091 2408 1131 2455 Pio
1143 2419 1248 2456 mutuata

172 2493 274 2553 lingent.
287 2492 338 2538 eol.
352 2491 442 2551 Gryph.
453 2515 483 2524 -—
499 2490 552 2544 sss.
569 2489 692 2534 Desierant.
703 2488 778 2534 Godd.
789 2497 813 2533 et
823 2487 877 2534 edd.
886 2497 941 2533 ante
949 2487 1029 2533 Heius.
1038 2498 1123 2548 proter
1140 2489 1241 2548 lingent.

172 2579 198 2618 et
211 2571 280 2617 filias.
290 2570 381 2624 -434,
392 2571 473 2614 Sensit.
488 2569 579 2614 Boucu.
591 2568 679 2614 cod.-
687 2568 741 2629 439.
754 2565 883 2628 Qnoefirat.
894 2566 969 2614 Vstic.
982 2566 1034 2614 cod.
1046 2570 1135 2615 Buucn.
1148 2569 1167 2614 1.
1177 2571 1244 2616 Just.

172 2659 197 2697 et
206 2664 271 2710 seqq.
283 2649 408 2714 Qnosemt.
417 2649 507 2694 Bouou¹
519 2647 573 2694 cod.
585 2648 675 2693 Bonon
686 2648 716 2692 ll.
728 2648 772 2692 Eo.

210 2822 272 2885 4η.
281 2817 339 2866 Non
349 2827 469 2866 excomm
477 2851 484 2872 ,
491 2811 606 2866 exsulent
618 2825 688 2876 ,tam
768 2811 830 2876 434.
840 2815 933 2863 Primus
944 2814 1032 2863 baculo
1042 2811 1150 2880 dej'enm
1160 2815 1197 2862 ad
1204 2831 1250 2863 un·

173 2911 241 2956 mm,
255 2911 304 2946 nec
316 2904 418 2946 tantum
428 2896 488 2944 lucis
504 2906 627 2961 egentem,
640 2909 687 2943 cte·
731 2894 778 2942 dos
784 2928 791 2950 ,
807 2889 924 2961 scipione
934 2889 1013 2942 nixus
1022 2888 1057 2942 nd
1065 2890 1143 2942 litora
1152 2889 1247 2944 tendit.

173 2976 378 3041 cum‚Harpyiae
390 2971 469 3025 etiam
479 2975 644 3042 Typhonides,
658 2969 688 3022 fl·
731 2969 806 3022 Vivis
830 2969 915 3040 magis
943 2968 1078 3022 coloribus
1107 2969 1249 3023 vacillante

173 3054 216 3106 lite
238 3051 377 3126 Typhonis
392 3088 400 3114 ,
418 3064 607 3120 persequuntur.
636 3049 689 3102 Alii
732 3067 823 3120 pessa
849 3047 1014 3101 incedentem
1038 3048 1123 3120 pingit
1150 3067 1249 3101 cecum

173 3131 349 3186 Thaumantis
363 3142 389 3184 et
405 3131 514 3184 Electrae
528 3129 596 3182 liliaa
611 3131 690 3183 luisse
733 3146 823 3180 senem
833 3128 1003 3200 Apollonius,
1014 3129 1056 3191 11,
1071 3128 1119 3195 198
1129 3145 1136 3180 ε
1145 3132 1249 3202 Βάκτφφ

173 3211 368 3284 perhibeut‚uti
374 3209 601 3282 Apollodorus,ad
611 3228 689 3282 quem
735 3211 919 3280 σκηπτόμενος,
932 3213 1017 3282 ῥικνοῖς
1030 3211 1101 3262 nnsis
1114 3205 1143 3268 ἧι
1155 3213 1248 3281 θύραζε,

174 3290 236 3344 vide
245 3291 353 3343 omniuo
364 3289 513 3362 lleyuium,
524 3310 552 3362 p.
569 3291 613 3356 25,
624 3289 692 3342 etad
735 3291 836 3358 Τοίχους
844 3292 994 3362 ἀμφαφόων,
1006 3291 1080 3362 npips
1090 3281 1116 3343 δ’
1128 3291 1249 3360 discito·

174 3370 273 3441 Virgit.
281 3373 342 3423 AEn.
353 3370 399 3422 lib.
410 3371 465 3432 lll,
481 3369 654 3422 Exeunvll.
733 3372 844 3441 ocpisoio
857 3367 968 3441 hdpnsin
978 3371 1050 3441 γήρᾳ.

211 3452 274 3514 lali.
296 3449 350 3501 llas
372 3449 502 3520 Harpyias
527 3449 592 3504 dicit
612 3461 690 3521 poeta
770 3447 831 3513 435.
846 3453 935 3500 Oculos
948 3452 1045 3509 inanes,
1057 3447 1181 3500 facultate
1194 3449 1250 3520 pri·

174 3532 238 3580 iram
256 3532 388 3590 Tonantis,
413 3548 460 3599 per
479 3529 689 3602 appositionem,
734 3538 809 3580 vatos
826 3526 953 3591 videndi,
971 3541 1066 3580 sennem
1080 3531 1178 3595 spirans
1192 3531 1249 3578 nni·

174 3608 272 3679 quibus
279 3609 402 3661 utebatur
409 3608 426 3659 tl
428 3609 513 3680 opiter
525 3608 558 3662 ad
569 3610 637 3661 iram
648 3628 691 3660 ex·
733 3627 808 3668 insin,
818 3605 859 3659 vix
869 3607 989 3686 spirittpn
997 3607 1096 3660 ducens
1106 3645 1113 3671 ,
1122 3606 1250 3660 anhelans

174 3686 317 3759 pleudntn,
336 3706 402 3759 quas
423 3688 555 3740 ministras
576 3687 689 3740 habehat
734 3686 1090 3759 pruinlirmitntecorporia.

175 3784 327 3838 penarum,
341 3767 410 3820 inlrn
423 3807 431 3834 ,
445 3769 510 3821 521:
521 3787 629 3836 magnos
645 3771 689 3818 sibi
770 3766 830 3829 438.
844 3770 909 3818 Novi
917 3805 926 3828 ,
943 3766 1028 3840 inquit
1038 3803 1046 3829 ,
1055 3767 1190 3834 viajnssos
1201 3783 1251 3833 quo

176 3849 236 3914 legit
243 3849 267 3897 in
278 3849 339 3899 iras.
731 3844 849 3922 (facilius
859 3849 924 3914 qno)
930 3847 1011 3914 ferat,
1022 3864 1076 3916 quo
1089 3845 1216 3908 tendetis,
1226 3855 1253 3896 et

212 3930 687 3995 429.Depopulaot,consumunt,ma·
732 3946 786 3998 quo
793 3928 918 4000 jubente;
929 3947 960 3978 ac
968 3932 1045 3980 vestri
1054 3929 1198 3996 (rebursic,
1211 3925 1249 3980 sic

176 4003 301 4057 cilentum
313 4023 355 4057 nie
366 4005 467 4058 iaciunt
479 4042 487 4066 ,
501 4007 601 4074 ipsoque
615 4009 691 4075 dapes
736 4007 805 4058 enim
816 4007 1017 4079 computabam)
1031 4024 1138 4076 tempora
1149 4025 1250 4067 cursus,

172 4087 355 4150 prcedannsrab
366 4105 408 4136 ore
414 4107 425 4146 ,·
432 4084 555 4155 Apollun.
566 4084 610 4147 ll,
623 4086 690 4139 sai:
731 4090 850 4156 proxima
858 4092 1063 4156 qnaqnelegens,
1073 4085 1252 4148 considerans,

177 4165 302 4234 στόματός
318 4185 357 4236 μοι
375 4167 557 4237 ἀφαρπάζουσιν
582 4163 690 4224 ldodn's.
736 4184 838 4218 mecum
851 4179 992 4237 reputans,
1004 4185 1062 4236 quae
1074 4165 1253 4218 vohishucus·

213 4242 275 4303 430.
287 4246 357 4293 Talin
363 4247 481 4311 prodigia
490 4249 688 4314 ettalespoenns,
735 4245 954 4315 queacciderint3
963 4245 1038 4310 novi,
1053 4260 1171 4314 quartano
1185 4249 1253 4294 Lern·

177 4320 197 4380 l.
208 4339 232 4374 e·
247 4333 301 4377 tam
310 4321 471 4396 prodigiosas
481 4343 577 4398 poenas.
735 4345 780 4378 isos
792 4329 909 4388 unxerit,
924 4324 1085 4394 detinuerit,
1106 4323 1170 4378 novi
1183 4321 1250 4376 inle-
