3226 5114
362 531 425 616 276
669 530 704 592 t.
729 527 926 592 vattnn
955 529 1128 593 strom

404 660 539 740 «Salve,
552 679 627 722 tera
644 658 752 740 Jovis,
768 680 843 721 vera
859 681 880 720 o
895 659 1000 740 lovis,
1014 657 1178 746 undique,
1195 663 1320 749 proles,

403 773 628 863 Ingeminant,
643 795 664 836 o
679 773 892 862 magnanimis
908 772 1118 837 memoranda
1132 776 1284 862 palaestris

403 889 563 977 Taygeta,
580 904 614 952 et
628 886 726 975 primi
741 886 818 951 felix
835 885 929 950 labor
946 887 999 950 ille
1016 887 1175 976 magistri!
1186 920 1199 944 ν

403 1005 557 1090 Dumque
575 1025 612 1066 ea
628 1001 713 1066 dicta
730 1000 857 1083 ferunt,
873 1017 989 1066 tenues
1005 1017 1114 1066 umen
1131 1002 1178 1068 ire
1194 1025 1327 1068 cruores
1394 1023 1434 1062 as·

402 1118 531 1182 Siderea
547 1117 589 1181 de
604 1119 714 1182 fronte
728 1115 858 1197 vident,
874 1137 935 1179 nec
950 1116 1109 1206 sanguine
1123 1117 1239 1183 Pollux

401 1234 566 1315 Territus,
579 1253 691 1296 averso
708 1231 847 1296 siccabat
861 1232 997 1296 vulnera
1010 1247 1118 1297 caestu.

402 1350 491 1414 Illius
505 1348 668 1413 excelsum
686 1347 783 1411 ramis
800 1362 918 1435 caput,
930 1368 1085 1434 armaque
1102 1348 1217 1412 Castor

402 1464 567 1553 lmplicat,
581 1479 614 1528 et
630 1461 723 1527 viridi
739 1461 906 1526 connectit
920 1477 1068 1550 tempora
1084 1463 1196 1544 lauro,

401 1579 653 1668 Respiciensque
672 1592 791 1659 ratem,
804 1576 942 1640 «Patriis
952 1624 962 1659 ,
974 1577 1037 1659 ait,
1053 1577 1111 1642 has
1128 1601 1244 1668 precor
1258 1581 1344 1661 oris,
1391 1598 1431 1636 sss

402 1695 498 1775 Diva,
515 1691 600 1758 refer
613 1689 765 1773 frondes,
781 1713 923 1778 cumque
939 1691 1000 1756 bac
1016 1691 1098 1756 freta
1115 1715 1210 1757 curre
1223 1715 1379 1758 corona».

445 1809 592 1889 Dixerat;
608 1808 686 1872 hinc
701 1805 805 1872 valida
821 1806 951 1872 cedunt
968 1823 1115 1872 armenta
1128 1808 1280 1898 bipenni,

400 1924 592 2011 Perfusique
609 1943 700 1986 sacro
716 1922 833 2010 placati
847 1922 983 2012 gurgitis
998 1943 1114 2004 amne,

401 2039 575 2104 Graminea
591 2051 783 2101 sternuntur
798 2035 919 2100 humo:
936 2052 1016 2101 tunc
1031 2037 1095 2102 liba
1112 2035 1276 2125 dapesque

402 2153 586 2219 Frondibus
603 2153 828 2234 accumulant3
841 2153 979 2216 exsortia
997 2168 1086 2242 terga
1102 2154 1222 2218 Laconi
1389 2176 1428 2221 ss.

400 2268 597 2356 Praecipiunt
612 2265 794 2355 pecudum:
810 2279 879 2332 toto
897 2289 973 2332 mox
989 2284 1137 2358 ternpore
1153 2291 1273 2335 mensae

389 2469 443 2527 3²7·
455 2469 484 2513 V.
496 2467 519 2511 Ι.
530 2466 580 2510 ueri
591 2466 661 2510 lauis.
670 2464 761 2509 Βοποιι.
773 2471 797 2509 et
807 2465 916 2510 Burman.
929 2463 999 2510 codd.
1010 2489 1038 2500 -
1052 2465 1106 2511 328.
1118 2468 1203 2528 Magna
1215 2469 1293 2514 nimis.
1302 2467 1362 2514 Edd.
1373 2478 1427 2514 ente

354 2547 434 2594 ateias.
447 2553 533 2606 praeter
544 2543 611 2589 Pium
623 2553 647 2589 et
658 2543 757 2604 lingent.
781 2567 813 2578 --
828 2543 883 2589 332.
902 2542 1012 2590 Aduerso.
1030 2545 1120 2590 Bonorn
1132 2545 1186 2591 cod.
1198 2546 1351 2594 credamne
1360 2548 1424 2593 Cart.

357 2626 398 2673 sed
408 2626 458 2687 jam
467 2623 522 2670 Pius
533 2637 620 2668 auerso.
629 2647 660 2656 -
670 2619 724 2676 341.
737 2622 883 2682 Pmripiunt.
891 2623 957 2668 tunt.
967 2621 1019 2668 ald.
1029 2631 1053 2668 et
1061 2637 1127 2684 seqq.
1137 2639 1211 2684 usque
1222 2624 1252 2671 td
1265 2627 1329 2672 Cart.
1342 2627 1385 2672 En.

349 2785 423 2850 juvat
438 2778 523 2831 socios
533 2777 680 2846 ‚fessasque
693 2777 803 2825 attollere
811 2777 870 2841 pal·
915 2771 1059 2825 certamine
1073 2783 1167 2844 praeter
1176 2772 1360 2844 Apollonium,
1377 2774 1425 2827 lib.

354 2879 410 2910 mas
421 2898 429 2919 ‚
439 2855 549 2909 brachia
562 2853 672 2924 fatigata
681 2853 779 2905 levare.
914 2852 941 2902 II
956 2889 964 2914 ,
986 2852 1021 2903 ab
1043 2851 1121 2903 initio
1136 2889 1145 2915 ,
1171 2852 1287 2905 conferri
1311 2867 1426 2908 meretur

392 2934 699 3008 327.Acclumant:vera
706 2934 866 2999 Jovisproles,
912 2929 1179 3004 Theocritus,1dyll.
1194 2931 1283 2984 XXII.

353 3015 473 3090 jucunda
488 3013 629 3086 repetitio,
648 3009 768 3064 addicta
784 3008 868 3081 magis
949 3012 1011 3064 333.
1033 3013 1119 3063 castor
1131 3013 1206 3063 ranis
1218 3027 1240 3064 et
1250 3016 1327 3063 viridi
1334 3017 1422 3074 laram,

355 3094 497 3150 firmanda.
911 3089 992 3143 ramis
1000 3090 1189 3160 laureis,eaput
1199 3097 1375 3152 excelsum‚ut
1384 3093 1425 3146 his

392 3175 453 3229 328.
471 3174 688 3242 Omagnanimis,
704 3168 867 3232 illustribus,
912 3169 974 3242 ipsis
993 3171 1074 3222 ramis
1094 3171 1220 3225 excelsius
1239 3171 1391 3236 exsisteret,
1404 3189 1426 3226 et

354 3273 414 3326 quse
429 3265 483 3305 tam
505 3250 624 3322 egregios
638 3249 753 3321 pugiles,
773 3247 868 3301 heroas
912 3269 984 3300 anua
997 3265 1021 3302 et
1036 3265 1143 3319 tempora
1159 3267 1245 3312 ornat,
1269 3253 1424 3323 respiciens·

355 3335 491 3395 emittant,
501 3333 661 3382 meinoranda
665 3331 789 3397 palaestris
804 3333 868 3393 Tay·
912 3347 965 3401 que
976 3347 1090 3394 navem,
1105 3330 1159 3382 Has
1180 3329 1307 3392 frondes,
1322 3331 1423 3403 inquit,

352 3429 412 3483 geta
428 3417 525 3482 (mons
540 3407 678 3470 laconis,
691 3407 736 3459 hic
755 3406 868 3460 neutrali
912 3409 939 3460 in
950 3408 1063 3480 patriam
1073 3410 1156 3474 telem
1171 3409 1213 3463 his
1223 3423 1332 3472 ornata,
1342 3414 1424 3465 maria

355 3493 458 3554 torma,
473 3509 511 3543 sc.
529 3493 585 3562 ὅρη.
598 3487 680 3558 jugat
699 3504 795 3557 supra,
816 3487 867 3550 IV.
912 3505 1054 3559 percurre,
1066 3490 1151 3561 Argo!

356 3591 421 3640 ²29,
434 3569 587 3638 Taygetus),
602 3581 626 3618 et
634 3569 708 3634 primi
714 3567 786 3634 felia
798 3569 868 3618 labor
948 3568 1009 3621 338.
1024 3570 1118 3638 Perfusr'
1131 3589 1203 3621 sacro
1214 3576 1311 3639 placati
1321 3575 1425 3640 gurgitis

306 3673 312 3683 ·
353 3651 516 3718 iileinagisai
522 3686 530 3708 ‚
545 3658 645 3717 quanto
655 3644 749 3698 honori
760 3657 798 3697 est
806 3657 866 3698 tan·
911 3665 994 3698 amne.
1005 3647 1066 3700 Non
1078 3647 1216 3718 singularis
1226 3646 1269 3701 hic
1280 3649 1375 3702 fluvius
1386 3651 1424 3702 in-

353 3741 397 3780 tus
406 3727 552 3798 discipulus
565 3725 652 3797 primo
658 3723 802 3797 juventutis
811 3742 867 3777 mt-
910 3723 1086 3796 telligendus,
1099 3726 1144 3779 sed
1154 3745 1228 3781 mare
1236 3730 1347 3782 omnino
1357 3769 1365 3794 ,
1377 3749 1424 3782 cu·

354 3805 451 3878 gistro!
906 3803 950 3874 jus
962 3805 1038 3875 aquis
1050 3805 1160 3858 lustrare
1176 3825 1204 3859 se
1218 3819 1244 3859 et
1260 3809 1366 3880 expiare
1378 3808 1424 3861 de·

391 3887 450 3940 331.
466 3888 578 3946 Siderea,
593 3880 704 3955 pulchra
714 3882 758 3950 (v.
767 3901 864 3953 supra,
909 3883 1022 3947 bebant,
1036 3882 1070 3936 ad
1080 3885 1248 3956 Neptunum,
1261 3890 1338 3959 cujus
1353 3888 1424 3942 titius

355 3984 405 4034 ¹9⁰
415 4003 423 4030 ,
432 3976 458 4017 et
467 3962 563 4030 alibi),
580 3965 611 4012 de
620 3962 709 4030 fronte
720 3981 816 4012 umores
829 3965 865 4014 ire
909 3979 961 4015 ase
971 3975 1040 4015 esset
1048 3965 1167 4027 occisus,
1182 3964 1352 4037 placandum.

351 4049 439 4098 vident
446 4065 456 4104 ,·
466 4061 512 4094 nec
525 4045 647 4110 sangiune
655 4042 747 4104 asaias
758 4045 862 4102 Pollux,
945 4042 1005 4104 340.
1021 4047 1154 4095 Fraudibus
1172 4043 1295 4116 foliisque
1306 4046 1425 4099 substra-

351 4122 424 4196 qnod
438 4121 532 4174 fortem
548 4139 602 4173 non
616 4117 764 4182 decuisset,
778 4140 864 4172 auerso
909 4119 942 4172 tis
952 4127 1108 4174 accumulant
1118 4126 1167 4176 lita
1179 4130 1313 4193 dapesque.
1326 4127 1388 4178 rina
1398 4139 1426 4179 et

349 4205 459 4256 siccabat
477 4203 584 4252 uulnera
610 4213 702 4260 soestu,
724 4199 859 4271 abstergit.
905 4199 978 4252 cibos
988 4217 995 4262 ;
1007 4206 1130 4264 exsortia,
1140 4204 1284 4267 tirtesorte,
1299 4209 1424 4271 pecudum

349 4284 388 4336 De
407 4294 462 4335 toto
478 4280 530 4334 boc
550 4275 666 4331 Pollucis
681 4295 742 4331 cum
758 4280 877 4351 Amyco,
904 4284 1137 4350 tergaproecipiunt,
1148 4283 1164 4334 i.
1177 4301 1200 4334 e.
1213 4296 1273 4336 ante
1282 4282 1350 4334 alios
1360 4283 1425 4336 assi-
