<?xml version="1.0" encoding="UTF-8"?>
<!DOCTYPE html PUBLIC "-//W3C//DTD XHTML 1.0 Transitional//EN"
    "http://www.w3.org/TR/xhtml1/DTD/xhtml1-transitional.dtd">
<html xmlns="http://www.w3.org/1999/xhtml" xml:lang="en" lang="en">
 <head>
  <title>
</title>
<meta http-equiv="Content-Type" content="text/html;charset=utf-8" />
  <meta name='ocr-system' content='tesseract 3.04.00' />
  <meta name='ocr-capabilities' content='ocr_page ocr_carea ocr_par ocr_line ocrx_word'/>
</head>
<body>
  <div class='ocr_page' id='page_1' title='image "./cvaleriiflaccis00apolgoog_0066.png"; bbox 0 0 3122 5126; ppageno 0'>
   <div class='ocr_carea' id='block_1_1' title="bbox 13 472 1200 1537">
    <p class='ocr_par' dir='ltr' id='par_1_1' title="bbox 99 472 1200 1004">
     <span class='ocr_line' id='line_1_1' title="bbox 445 472 1198 542; baseline 0 -2"><span class='ocrx_word' id='word_1_1' title='bbox 445 472 611 542; x_wconf 87' lang='lat' dir='ltr'>PETRO</span> <span class='ocrx_word' id='word_1_2' title='bbox 644 475 671 542; x_wconf 79' lang='lat' dir='ltr'>A</span> <span class='ocrx_word' id='word_1_3' title='bbox 700 473 886 542; x_wconf 83' lang='lat' dir='ltr'><strong>LERMA.</strong></span> <span class='ocrx_word' id='word_1_4' title='bbox 1156 495 1198 541; x_wconf 72' lang='lat' dir='ltr'>tv</span> 
     </span>
     <span class='ocr_line' id='line_1_2' title="bbox 99 597 1199 689; baseline -0.002 -24"><span class='ocrx_word' id='word_1_5' title='bbox 99 597 293 665; x_wconf 77' lang='lat' dir='ltr'>accedere:</span> <span class='ocrx_word' id='word_1_6' title='bbox 313 615 348 664; x_wconf 81' lang='lat' dir='ltr'>at</span> <span class='ocrx_word' id='word_1_7' title='bbox 367 620 432 688; x_wconf 83' lang='lat' dir='ltr'>ego</span> <span class='ocrx_word' id='word_1_8' title='bbox 448 601 524 664; x_wconf 81' lang='lat' dir='ltr'>satis</span> <span class='ocrx_word' id='word_1_9' title='bbox 540 601 622 664; x_wconf 88' lang='lat' dir='ltr'>mihi</span> <span class='ocrx_word' id='word_1_10' title='bbox 639 599 738 664; x_wconf 85' lang='lat' dir='ltr'>fuisse</span> <span class='ocrx_word' id='word_1_11' title='bbox 755 599 881 681; x_wconf 82' lang='lat' dir='ltr'>dicam,</span> <span class='ocrx_word' id='word_1_12' title='bbox 900 598 928 663; x_wconf 90' lang='lat' dir='ltr'>si</span> <span class='ocrx_word' id='word_1_13' title='bbox 936 620 982 662; x_wconf 81' lang='lat' dir='ltr'>-ex</span> <span class='ocrx_word' id='word_1_14' title='bbox 998 599 1199 689; x_wconf 80' lang='lat' dir='ltr'><strong>septuaginta</strong></span> 
     </span>
     <span class='ocr_line' id='line_1_3' title="bbox 102 702 1200 793; baseline -0.003 -23"><span class='ocrx_word' id='word_1_15' title='bbox 102 705 245 770; x_wconf 84' lang='lat' dir='ltr'>circiter</span> <span class='ocrx_word' id='word_1_16' title='bbox 259 705 367 786; x_wconf 86' lang='lat' dir='ltr'>locis,</span> <span class='ocrx_word' id='word_1_17' title='bbox 384 721 531 793; x_wconf 83' lang='lat' dir='ltr'>quatuor</span> <span class='ocrx_word' id='word_1_18' title='bbox 546 721 603 770; x_wconf 86' lang='lat' dir='ltr'>eut</span> <span class='ocrx_word' id='word_1_19' title='bbox 619 704 782 793; x_wconf 87' lang='lat' dir='ltr'>quinque,</span> <span class='ocrx_word' id='word_1_20' title='bbox 806 705 856 770; x_wconf 84' lang='lat' dir='ltr'>vel</span> <span class='ocrx_word' id='word_1_21' title='bbox 875 705 901 769; x_wconf 92' lang='lat' dir='ltr'>si</span> <span class='ocrx_word' id='word_1_22' title='bbox 917 704 981 768; x_wconf 92' lang='lat' dir='ltr'>hoc</span> <span class='ocrx_word' id='word_1_23' title='bbox 997 702 1136 768; x_wconf 88' lang='lat' dir='ltr'>nimium</span> <span class='ocrx_word' id='word_1_24' title='bbox 1151 721 1200 770; x_wconf 90' lang='lat' dir='ltr'>est</span> 
     </span>
     <span class='ocr_line' id='line_1_4' title="bbox 104 809 1196 898; baseline -0.001 -23"><span class='ocrx_word' id='word_1_25' title='bbox 104 828 141 875; x_wconf 88' lang='lat' dir='ltr'>et</span> <span class='ocrx_word' id='word_1_26' title='bbox 159 809 411 894; x_wconf 86' lang='lat' dir='ltr'>immodicum,</span> <span class='ocrx_word' id='word_1_27' title='bbox 428 835 535 876; x_wconf 89' lang='lat' dir='ltr'>unum</span> <span class='ocrx_word' id='word_1_28' title='bbox 550 827 582 876; x_wconf 89' lang='lat' dir='ltr'>et</span> <span class='ocrx_word' id='word_1_29' title='bbox 599 812 755 893; x_wconf 86' lang='lat' dir='ltr'>alterum,</span> <span class='ocrx_word' id='word_1_30' title='bbox 769 811 814 875; x_wconf 79' lang='lat' dir='ltr'>ite</span> <span class='ocrx_word' id='word_1_31' title='bbox 833 810 920 875; x_wconf 89' lang='lat' dir='ltr'>docti</span> <span class='ocrx_word' id='word_1_32' title='bbox 936 810 1196 898; x_wconf 84' lang='lat' dir='ltr'>comprobarint‚</span> 
     </span>
     <span class='ocr_line' id='line_1_5' title="bbox 104 915 1195 1004; baseline -0.002 -22"><span class='ocrx_word' id='word_1_33' title='bbox 104 933 147 982; x_wconf 89' lang='lat' dir='ltr'>ut</span> <span class='ocrx_word' id='word_1_34' title='bbox 171 916 294 980; x_wconf 87' lang='lat' dir='ltr'>nullus</span> <span class='ocrx_word' id='word_1_35' title='bbox 313 917 522 982; x_wconf 78' lang='lat' dir='ltr'>contentioni</span> <span class='ocrx_word' id='word_1_36' title='bbox 544 917 635 982; x_wconf 89' lang='lat' dir='ltr'>loeus</span> <span class='ocrx_word' id='word_1_37' title='bbox 654 915 1195 1004; x_wconf 80' lang='lat' dir='ltr'>relinquatur3necetiamperu1n</span> 
     </span>
    </p>

    <p class='ocr_par' dir='ltr' id='par_1_2' title="bbox 13 1019 1198 1325">
     <span class='ocr_line' id='line_1_6' title="bbox 13 1019 1197 1107; baseline -0.002 -21"><span class='ocrx_word' id='word_1_38' title='bbox 13 1057 14 1064; x_wconf 21' lang='grc' dir='ltr'><strong>κ</strong></span> <span class='ocrx_word' id='word_1_39' title='bbox 108 1039 181 1103; x_wconf 86' lang='lat' dir='ltr'>est,</span> <span class='ocrx_word' id='word_1_40' title='bbox 202 1023 240 1086; x_wconf 93' lang='lat' dir='ltr'>in</span> <span class='ocrx_word' id='word_1_41' title='bbox 270 1023 373 1086; x_wconf 78' lang='lat' dir='ltr'>tantis</span> <span class='ocrx_word' id='word_1_42' title='bbox 394 1023 553 1107; x_wconf 84' lang='lat' dir='ltr'>tenebris,</span> <span class='ocrx_word' id='word_1_43' title='bbox 576 1023 629 1088; x_wconf 81' lang='lat' dir='ltr'>rel</span> <span class='ocrx_word' id='word_1_44' title='bbox 651 1021 781 1088; x_wconf 90' lang='lat' dir='ltr'>duobus</span> <span class='ocrx_word' id='word_1_45' title='bbox 801 1023 881 1086; x_wconf 89' lang='lat' dir='ltr'>locis</span> <span class='ocrx_word' id='word_1_46' title='bbox 904 1019 1079 1086; x_wconf 79' lang='lat' dir='ltr'>candorem</span> <span class='ocrx_word' id='word_1_47' title='bbox 1099 1043 1197 1085; x_wconf 79' lang='lat' dir='ltr'>suurn</span> 
     </span>
     <span class='ocr_line' id='line_1_7' title="bbox 110 1127 1198 1213; baseline -0.003 -19"><span class='ocrx_word' id='word_1_48' title='bbox 110 1129 271 1211; x_wconf 83' lang='lat' dir='ltr'>reddere,</span> <span class='ocrx_word' id='word_1_49' title='bbox 282 1152 362 1194; x_wconf 80' lang='lat' dir='ltr'>nam</span> <span class='ocrx_word' id='word_1_50' title='bbox 374 1130 402 1194; x_wconf 86' lang='lat' dir='ltr'>si</span> <span class='ocrx_word' id='word_1_51' title='bbox 413 1131 466 1196; x_wconf 81' lang='lat' dir='ltr'>rel</span> <span class='ocrx_word' id='word_1_52' title='bbox 479 1131 605 1196; x_wconf 78' lang='lat' dir='ltr'>tantulo</span> <span class='ocrx_word' id='word_1_53' title='bbox 613 1130 745 1213; x_wconf 80' lang='lat' dir='ltr'>auxilio,</span> <span class='ocrx_word' id='word_1_54' title='bbox 756 1131 851 1194; x_wconf 87' lang='lat' dir='ltr'>multi</span> <span class='ocrx_word' id='word_1_55' title='bbox 866 1152 905 1193; x_wconf 87' lang='lat' dir='ltr'>ex</span> <span class='ocrx_word' id='word_1_56' title='bbox 916 1127 1198 1194; x_wconf 85' lang='lat' dir='ltr'>studiosisValerio</span> 
     </span>
     <span class='ocr_line' id='line_1_8' title="bbox 112 1233 1197 1325; baseline -0.003 -25"><span class='ocrx_word' id='word_1_57' title='bbox 112 1236 385 1324; x_wconf 83' lang='lat' dir='ltr'>opitularentur,</span> <span class='ocrx_word' id='word_1_58' title='bbox 411 1235 501 1300; x_wconf 88' lang='lat' dir='ltr'>fieret</span> <span class='ocrx_word' id='word_1_59' title='bbox 518 1237 672 1318; x_wconf 83' lang='lat' dir='ltr'>fortasse,</span> <span class='ocrx_word' id='word_1_60' title='bbox 694 1252 732 1300; x_wconf 89' lang='lat' dir='ltr'>ut</span> <span class='ocrx_word' id='word_1_61' title='bbox 754 1234 944 1325; x_wconf 85' lang='lat' dir='ltr'>propediem</span> <span class='ocrx_word' id='word_1_62' title='bbox 967 1257 1036 1298; x_wconf 92' lang='lat' dir='ltr'>non</span> <span class='ocrx_word' id='word_1_63' title='bbox 1054 1233 1197 1298; x_wconf 83' lang='lat' dir='ltr'>vulneris</span> 
     </span>
    </p>

    <p class='ocr_par' dir='ltr' id='par_1_3' title="bbox 16 1340 1198 1430">
     <span class='ocr_line' id='line_1_9' title="bbox 16 1340 1198 1430; baseline 0.003 -30"><span class='ocrx_word' id='word_1_64' title='bbox 16 1385 17 1400; x_wconf 36' lang='lat' dir='ltr'>r</span> <span class='ocrx_word' id='word_1_65' title='bbox 112 1341 222 1406; x_wconf 88' lang='lat' dir='ltr'>modo</span> <span class='ocrx_word' id='word_1_66' title='bbox 237 1342 384 1425; x_wconf 88' lang='lat' dir='ltr'>nullius,</span> <span class='ocrx_word' id='word_1_67' title='bbox 402 1342 460 1407; x_wconf 89' lang='lat' dir='ltr'>sed</span> <span class='ocrx_word' id='word_1_68' title='bbox 473 1366 515 1407; x_wconf 90' lang='lat' dir='ltr'>ne</span> <span class='ocrx_word' id='word_1_69' title='bbox 529 1343 686 1408; x_wconf 84' lang='lat' dir='ltr'>cicatricis</span> <span class='ocrx_word' id='word_1_70' title='bbox 703 1340 836 1430; x_wconf 73' lang='lat' dir='ltr'>quidem</span> <span class='ocrx_word' id='word_1_71' title='bbox 855 1341 959 1405; x_wconf 89' lang='lat' dir='ltr'>ullum</span> <span class='ocrx_word' id='word_1_72' title='bbox 976 1341 1139 1428; x_wconf 88' lang='lat' dir='ltr'>reliquum</span> <span class='ocrx_word' id='word_1_73' title='bbox 1154 1361 1198 1404; x_wconf 89' lang='lat' dir='ltr'>es·</span> 
     </span>
    </p>

    <p class='ocr_par' dir='ltr' id='par_1_4' title="bbox 15 1411 1196 1537">
     <span class='ocr_line' id='line_1_10' title="bbox 15 1411 1196 1537; baseline -0.003 -25"><span class='ocrx_word' id='word_1_74' title='bbox 15 1411 18 1485; x_wconf 59' lang='lat' dir='ltr'>i</span> <span class='ocrx_word' id='word_1_75' title='bbox 113 1465 164 1512; x_wconf 87' lang='lat' dir='ltr'>set</span> <span class='ocrx_word' id='word_1_76' title='bbox 183 1447 389 1537; x_wconf 81' lang='lat' dir='ltr'>vestigium:</span> <span class='ocrx_word' id='word_1_77' title='bbox 412 1449 525 1514; x_wconf 88' lang='lat' dir='ltr'>crebro</span> <span class='ocrx_word' id='word_1_78' title='bbox 549 1449 636 1514; x_wconf 84' lang='lat' dir='ltr'>enirn</span> <span class='ocrx_word' id='word_1_79' title='bbox 653 1449 762 1531; x_wconf 87' lang='lat' dir='ltr'>jactu,</span> <span class='ocrx_word' id='word_1_80' title='bbox 787 1464 825 1512; x_wconf 90' lang='lat' dir='ltr'>ut</span> <span class='ocrx_word' id='word_1_81' title='bbox 842 1447 978 1530; x_wconf 88' lang='lat' dir='ltr'>dicitur,</span> <span class='ocrx_word' id='word_1_82' title='bbox 998 1446 1116 1526; x_wconf 85' lang='lat' dir='ltr'>jacitur</span> <span class='ocrx_word' id='word_1_83' title='bbox 1140 1445 1196 1509; x_wconf 85' lang='lat' dir='ltr'>ali·</span> 
     </span>
    </p>
   </div>
   <div class='ocr_carea' id='block_1_2' title="bbox 17 1553 1196 2278">
    <p class='ocr_par' dir='ltr' id='par_1_5' title="bbox 17 1553 1196 2278">
     <span class='ocr_line' id='line_1_11' title="bbox 17 1553 1196 1644; baseline -0.003 -26"><span class='ocrx_word' id='word_1_84' title='bbox 17 1590 18 1628; x_wconf 70' lang='lat'>3</span> <span class='ocrx_word' id='word_1_85' title='bbox 113 1553 388 1641; x_wconf 83' lang='lat' dir='ltr'>quandoVenus.</span> <span class='ocrx_word' id='word_1_86' title='bbox 401 1555 509 1638; x_wconf 87' lang='lat' dir='ltr'>Quare</span> <span class='ocrx_word' id='word_1_87' title='bbox 518 1555 752 1620; x_wconf 80' lang='lat' dir='ltr'>malevolorum</span> <span class='ocrx_word' id='word_1_88' title='bbox 763 1576 885 1644; x_wconf 81' lang='lat' dir='ltr'>nugas,</span> <span class='ocrx_word' id='word_1_89' title='bbox 903 1554 1106 1642; x_wconf 79' lang='lat' dir='ltr'>ineptiasque</span> <span class='ocrx_word' id='word_1_90' title='bbox 1122 1574 1196 1616; x_wconf 87' lang='lat' dir='ltr'>vere</span> 
     </span>
     <span class='ocr_line' id='line_1_12' title="bbox 114 1657 1196 1750; baseline -0.006 -24"><span class='ocrx_word' id='word_1_91' title='bbox 114 1659 260 1726; x_wconf 82' lang='lat' dir='ltr'>dixerim</span> <span class='ocrx_word' id='word_1_92' title='bbox 286 1659 521 1748; x_wconf 82' lang='lat' dir='ltr'>ineptissimas,</span> <span class='ocrx_word' id='word_1_93' title='bbox 538 1660 597 1750; x_wconf 91' lang='lat' dir='ltr'>qui</span> <span class='ocrx_word' id='word_1_94' title='bbox 616 1678 674 1726; x_wconf 86' lang='lat' dir='ltr'>aut</span> <span class='ocrx_word' id='word_1_95' title='bbox 697 1659 793 1742; x_wconf 90' lang='lat' dir='ltr'>odio,</span> <span class='ocrx_word' id='word_1_96' title='bbox 814 1675 871 1724; x_wconf 82' lang='lat' dir='ltr'>ant</span> <span class='ocrx_word' id='word_1_97' title='bbox 896 1657 1018 1724; x_wconf 81' lang='lat' dir='ltr'>invidia</span> <span class='ocrx_word' id='word_1_98' title='bbox 1041 1673 1074 1722; x_wconf 89' lang='lat' dir='ltr'>et</span> <span class='ocrx_word' id='word_1_99' title='bbox 1095 1659 1196 1722; x_wconf 77' lang='lat' dir='ltr'>livore</span> 
     </span>
     <span class='ocr_line' id='line_1_13' title="bbox 114 1762 1196 1850; baseline -0.004 -20"><span class='ocrx_word' id='word_1_100' title='bbox 114 1765 294 1846; x_wconf 68' lang='lat' dir='ltr'>oboeoeti,</span> <span class='ocrx_word' id='word_1_101' title='bbox 307 1766 390 1832; x_wconf 78' lang='lat' dir='ltr'>nulli</span> <span class='ocrx_word' id='word_1_102' title='bbox 404 1789 472 1831; x_wconf 91' lang='lat' dir='ltr'>non</span> <span class='ocrx_word' id='word_1_103' title='bbox 482 1766 673 1850; x_wconf 71' lang='lat' dir='ltr'>deuehuut,</span> <span class='ocrx_word' id='word_1_104' title='bbox 684 1766 776 1832; x_wconf 74' lang='lat' dir='ltr'>facile</span> <span class='ocrx_word' id='word_1_105' title='bbox 787 1781 1019 1846; x_wconf 86' lang='lat' dir='ltr'>contemnens,</span> <span class='ocrx_word' id='word_1_106' title='bbox 1031 1764 1080 1828; x_wconf 92' lang='lat' dir='ltr'>tui</span> <span class='ocrx_word' id='word_1_107' title='bbox 1096 1762 1196 1827; x_wconf 90' lang='lat' dir='ltr'>modo</span> 
     </span>
     <span class='ocr_line' id='line_1_14' title="bbox 113 1865 1196 1961; baseline -0.005 -25"><span class='ocrx_word' id='word_1_108' title='bbox 113 1865 229 1952; x_wconf 85' lang='lat' dir='ltr'>judicii</span> <span class='ocrx_word' id='word_1_109' title='bbox 249 1871 417 1938; x_wconf 79' lang='lat' dir='ltr'>calculum</span> <span class='ocrx_word' id='word_1_110' title='bbox 435 1874 648 1961; x_wconf 79' lang='lat' dir='ltr'>exspectabo,</span> <span class='ocrx_word' id='word_1_111' title='bbox 673 1873 731 1961; x_wconf 85' lang='lat' dir='ltr'>qui</span> <span class='ocrx_word' id='word_1_112' title='bbox 756 1871 782 1936; x_wconf 91' lang='lat' dir='ltr'>si</span> <span class='ocrx_word' id='word_1_113' title='bbox 811 1871 891 1936; x_wconf 89' lang='lat' dir='ltr'>mihi</span> <span class='ocrx_word' id='word_1_114' title='bbox 910 1869 1053 1952; x_wconf 84' lang='lat' dir='ltr'>adjectus</span> <span class='ocrx_word' id='word_1_115' title='bbox 1077 1868 1196 1949; x_wconf 83' lang='lat' dir='ltr'>fuerit,</span> 
     </span>
     <span class='ocr_line' id='line_1_15' title="bbox 116 1973 1193 2068; baseline -0.006 -23"><span class='ocrx_word' id='word_1_116' title='bbox 116 1977 285 2066; x_wconf 80' lang='lat' dir='ltr'>quidquid</span> <span class='ocrx_word' id='word_1_117' title='bbox 300 1978 356 2044; x_wconf 79' lang='lat' dir='ltr'>alii</span> <span class='ocrx_word' id='word_1_118' title='bbox 372 1981 530 2067; x_wconf 79' lang='lat' dir='ltr'>garriant,</span> <span class='ocrx_word' id='word_1_119' title='bbox 540 1981 631 2046; x_wconf 85' lang='lat' dir='ltr'>velut</span> <span class='ocrx_word' id='word_1_120' title='bbox 644 2003 662 2044; x_wconf 90' lang='lat' dir='ltr'>c</span> <span class='ocrx_word' id='word_1_121' title='bbox 677 1995 775 2068; x_wconf 89' lang='lat' dir='ltr'>portu</span> <span class='ocrx_word' id='word_1_122' title='bbox 791 2000 925 2048; x_wconf 72' lang='lat' dir='ltr'>securus</span> <span class='ocrx_word' id='word_1_123' title='bbox 940 1991 1123 2066; x_wconf 75' lang='lat' dir='ltr'>aspectans,</span> <span class='ocrx_word' id='word_1_124' title='bbox 1135 1973 1193 2040; x_wconf 87' lang='lat' dir='ltr'>de·</span> 
     </span>
     <span class='ocr_line' id='line_1_16' title="bbox 113 2081 1194 2173; baseline -0.003 -25"><span class='ocrx_word' id='word_1_125' title='bbox 113 2085 279 2173; x_wconf 78' lang='lat' dir='ltr'>spicebor.</span> <span class='ocrx_word' id='word_1_126' title='bbox 298 2085 398 2167; x_wconf 77' lang='lat' dir='ltr'>Vale,</span> <span class='ocrx_word' id='word_1_127' title='bbox 411 2085 561 2150; x_wconf 87' lang='lat' dir='ltr'>omnium</span> <span class='ocrx_word' id='word_1_128' title='bbox 576 2086 739 2152; x_wconf 85' lang='lat' dir='ltr'>bonarum</span> <span class='ocrx_word' id='word_1_129' title='bbox 755 2086 921 2152; x_wconf 82' lang='lat' dir='ltr'>literarum</span> <span class='ocrx_word' id='word_1_130' title='bbox 936 2082 1052 2164; x_wconf 86' lang='lat' dir='ltr'>decus,</span> <span class='ocrx_word' id='word_1_131' title='bbox 1075 2081 1194 2146; x_wconf 83' lang='lat' dir='ltr'>nostri·</span> 
     </span>
     <span class='ocr_line' id='line_1_17' title="bbox 114 2190 805 2278; baseline 0 -24"><span class='ocrx_word' id='word_1_132' title='bbox 114 2213 175 2278; x_wconf 81' lang='lat' dir='ltr'>que</span> <span class='ocrx_word' id='word_1_133' title='bbox 189 2190 309 2256; x_wconf 81' lang='lat' dir='ltr'>saeculi</span> <span class='ocrx_word' id='word_1_134' title='bbox 329 2207 563 2258; x_wconf 84' lang='lat' dir='ltr'>oruamentum</span> <span class='ocrx_word' id='word_1_135' title='bbox 581 2191 805 2258; x_wconf 76' lang='lat' dir='ltr'>clarissimum.</span> 
     </span>
    </p>
   </div>
   <div class='ocr_carea' id='block_1_3' title="bbox 0 0 1584 5126">
    <p class='ocr_par' dir='ltr' id='par_1_6' title="bbox 0 0 1584 5126">
     <span class='ocr_line' id='line_1_18' title="bbox 0 0 1584 5126; baseline 0 0"><span class='ocrx_word' id='word_1_136' title='bbox 0 0 1584 5126; x_wconf 95' lang='lat' dir='ltr'> </span> 
     </span>
    </p>
   </div>
  </div>
 </body>
</html>
