3122 5126
278 823 590 930 PETRUS
639 825 1007 932 CRINITUS

245 1059 347 1130 LIB.
373 1063 429 1130 IV
458 1064 527 1132 DE
556 1065 696 1134 POET.
722 1065 826 1133 LAT.
852 1066 956 1134 CAP.
982 1062 1041 1134 66.

460 1316 843 1350 ...η-ορμ-

101 1512 154 1616 C.
170 1551 260 1616 Van.
279 1553 420 1616 Snrmus
438 1552 583 1617 choos
600 1555 685 1618 inter
703 1577 776 1634 eos,
793 1555 850 1641 qui
869 1554 1007 1619 Heroica
1028 1554 1180 1620 decanta-

99 1673 198 1738 runt,
213 1674 320 1746 poeta
343 1658 522 1722 multorum
543 1658 668 1738 judicio
688 1658 906 1723 admirandus.
926 1659 1097 1724 Patavinus
1120 1662 1181 1725 fuit

98 1763 192 1844 juxta
208 1767 373 1852 Aponum
389 1781 501 1844 natus,
515 1781 554 1828 ut
566 1764 761 1828 aVeteribus
777 1763 943 1853 proditum
958 1781 1015 1829 est.
1033 1766 1099 1848 Qui
1113 1767 1181 1846 ejus

102 1870 246 1956 patriam
271 1870 422 1934 scribunt
441 1868 540 1933 fuisse
562 1869 699 1933 maxime
720 1871 881 1959 insignem
903 1872 1062 1935 natalibus
1080 1871 1179 1945 Livii,

21 1965 23 1974 ¹
104 1975 210 2038 Stellae
230 1991 265 2038 et
281 1974 402 2038 Valerii
419 1974 534 2039 Flacci.
553 1976 667 2062 Itaque
683 1975 772 2038 hunc
789 1976 897 2064 ipsum
913 1976 1076 2040 Valerium
1092 1976 1180 2040 Mar·

105 2080 188 2142 tialis
198 2079 282 2142 lans
294 2082 471 2143 Antenorei
485 2080 648 2144 alermum
659 2081 906 2170 appellavitzelii
919 2082 1067 2146 Setinum
1084 2080 1181 2146 credi-
1253 2073 1258 2081 ’

105 2185 248 2266 derunt,
265 2208 307 2250 ex
325 2185 411 2250 Setia
429 2186 611 2274 Campaniae
627 2186 727 2268 urbe,
743 2211 815 2274 quee
839 2187 928 2252 haud
950 2188 1065 2276 procul
1081 2211 1099 2252 a
1115 2189 1180 2252 Ve-

105 2291 187 2354 litris
210 2289 288 2354 fuit.
310 2290 407 2354 Unde
425 2314 543 2381 magno
560 2292 596 2355 in
612 2293 718 2380 pretio
738 2293 846 2357 Setina
862 2294 936 2358 vina
954 2294 1065 2358 habita
1081 2310 1178 2375 sunt,
1203 2293 1216 2334 s

107 2412 147 2459 ut
166 2396 209 2460 ab
230 2397 376 2483 antiquis
399 2398 610 2485 scriptoribus
633 2399 769 2462 relatum
793 2415 851 2464 est,
875 2400 917 2464 Et
938 2399 1057 2463 mirum
1076 2399 1179 2464 videri

108 2503 228 2585 debet,
245 2521 372 2592 quanto
390 2505 505 2593 spiritu
522 2506 656 2570 Flaccus
673 2507 837 2596 insurgat,
855 2523 1041 2595 quantaque
1056 2507 1178 2600 ingenii

111 2610 260 2674 felicitate
279 2611 311 2673 in
330 2609 503 2674 scribendo
519 2613 660 2676 carmine
676 2630 814 2701 praestet.
832 2614 894 2678 Hic
906 2630 955 2678 est
968 2614 1020 2678 ille
1032 2613 1179 2676 Valerius

109 2715 260 2797 iccus,
276 2716 311 2777 in
334 2717 427 2796 cujus
451 2716 542 2780 obitu
566 2718 706 2782 multum
731 2719 829 2783 fuisse
854 2721 1008 2784 amissum
1030 2720 1178 2807 queritur

110 2821 184 2886 rab.
202 2821 323 2905 Quint.
341 2822 376 2884 in
392 2822 483 2886 libris
502 2823 543 2887 ad
564 2823 704 2889 Marcell.
719 2826 910 2889 Victorium.
926 2827 1061 2890 Exstant
1076 2826 1176 2914 ipsius

111 2943 181 2990 octo
196 2928 370 2990 volumina
386 2926 426 2991 de
442 2929 683 3018 Argonauticis:
698 2927 788 3016 quod
806 2951 889 3017 opus
906 2931 982 2994 Caes.
1000 2929 1177 2994 Domitiani

109 3030 251 3096 dicatum
269 3047 354 3096 esta
370 3031 503 3097 Flacco:
516 3035 583 3114 vel,
599 3049 636 3097 ut
651 3034 705 3098 alii
718 3034 851 3115 volunt,
866 3035 949 3122 patri
963 3035 1176 3123 Vespasiano,

107 3137 265 3224 quioniam
281 3137 329 3201 sic
345 3136 387 3200 ad
404 3159 480 3201 eum
499 3137 531 3200 in
551 3137 618 3226 ipsa
634 3137 756 3227 proefat.
776 3139 881 3227 operis
897 3139 1024 3220 scribit,
1040 3161 1086 3203 vs.
1100 3161 1160 3202 10:

251 3294 332 3364 Eripe
342 3312 385 3345 me
394 3293 516 3366 populis,
528 3306 555 3346 et
564 3295 673 3347 babenti
685 3295 774 3348 nubila
786 3306 869 3356 terrae,

250 3380 349 3434 Sancte
357 3393 431 3453 pater
441 3382 448 3433 !
460 3394 633 3454 veterumque
643 3382 703 3436 inve
714 3383 864 3437 veneranda
875 3385 979 3437 canenti

249 3469 331 3524 Facta
350 3472 436 3524 virum
448 3489 455 3522 τ
467 3490 570 3526 versam
583 3473 670 3543 proles
682 3484 728 3526 tue
737 3472 836 3545 pandet
846 3473 976 3537 Idumen,

247 3559 370 3630 Namque
379 3572 464 3632 potest
474 3598 482 3624 ‚
493 3561 602 3634 Solymo
615 3562 763 3634 nigrantem
773 3562 882 3634 pulvere
891 3563 1015 3624 fratrem,

247 3648 473 3720 spargentemque
483 3649 570 3712 faces,
585 3661 610 3701 et
621 3650 648 3702 in
662 3652 735 3704 omni
744 3663 817 3704 turre
827 3652 967 3703 furentem.

142 3819 339 3906 scripturus
349 3834 418 3882 erat
427 3820 530 3884 multo
540 3821 649 3908 plures
657 3821 846 3903 libros,nisi
856 3821 1175 3909 morsintempestiva
1223 3818 1224 3822 ’

102 3946 175 3986 eum
193 3923 295 3987 nobis
313 3923 634 4011 eripuisset.Videtur
649 3943 757 3990 autem
775 3927 809 3988 in
826 3926 898 4006 illis,
911 3927 968 4012 qui
982 3942 1174 4013 supersunt,

101 4032 315 4119 Apollonium
342 4029 507 4094 Rhodium
534 4054 601 4096 non
626 4047 817 4121 argumento
844 4013 969 4096 tantum
989 4033 1095 4118 operis
1118 4055 1174 4095 ex·

100 4139 270 4224 pressisse,
283 4135 345 4200 sed
371 4153 404 4198 et
424 4137 557 4225 singulis
577 4137 774 4226 quandoque
792 4138 999 4202 carminibus.
1020 4137 1172 4219 Atacinus

21 4223 22 4228 ἵ
98 4265 228 4333 quoque
243 4245 355 4307 Varro
372 4242 439 4329 pari
455 4243 548 4307 titulo
563 4242 604 4308 de
618 4245 842 4332 Argonauticis
859 4244 958 4307 libros
974 4243 1173 4331 composuit,
