3196 5120
412 513 796 581 inconturmon
823 519 909 602 Lm,
935 518 980 582 11.
1168 515 1224 584 ις,

247 653 313 717 Dat
328 651 443 739 procul
458 651 581 714 interea
597 650 728 739 signum
740 649 927 739 Neptunus,
944 665 1052 714 etune

206 765 404 833 Monstriferi
422 763 550 854 mugire
567 764 673 847 sinus,
688 763 844 853 Sigeaque
857 766 954 853 pestis

206 881 434 971 Agglomer'are
447 879 584 943 fretum:
599 879 691 958 eujus
708 877 864 942 stellantia
879 880 990 966 glauca

207 995 344 1061 Lumina
361 992 449 1058 nube
462 1007 626 1074 tremunt,
639 1007 737 1079 atque
756 989 872 1054 ordine
886 1013 984 1056 curva
999 993 1132 1056 bisulco
1190 1008 1228 1048 ιω

207 1109 394 1176 Fulmineus
410 1106 516 1195 quatit
533 1129 590 1171 ora
605 1105 731 1194 fragor3
745 1105 924 1196 pelagoque
939 1127 1088 1172 remenso

208 1223 317 1291 Gauda
332 1223 432 1300 redit,
448 1243 625 1310 passosque
640 1221 730 1285 sinus
746 1221 830 1310 rapit
844 1222 946 1286 ardua
958 1221 1074 1287 cervix.

208 1341 300 1406 Illam
319 1339 564 1404 incumbentem
580 1359 639 1427 per
653 1336 740 1401 mille
755 1336 922 1401 volumina
939 1352 1062 1424 pontus

208 1453 421 1542 Prosequitur
435 1453 525 1517 laten'
538 1451 717 1531 assultans,
734 1449 932 1538 trepidisque
945 1465 1094 1516 ruentem

208 1570 370 1635 Litoribus
389 1591 448 1633 sua
459 1567 547 1659 cogit
559 1566 682 1646 hiems;
700 1587 768 1630 nou
782 1563 934 1630 fluetibus
949 1565 1049 1654 oequis
1191 1587 1228 1625 sss

208 1683 357 1749 Nubiferi
370 1684 459 1748 venit
473 1682 563 1748 unde
576 1681 671 1758 Noti,
689 1702 757 1746 non
771 1680 900 1746 Africus
913 1680 979 1745 alto

207 1801 330 1865 Tantus
346 1815 438 1880 ovat,
453 1798 629 1886 patriisque
645 1817 760 1861 manus
776 1817 878 1884 quum
897 1793 1012 1885 plenus
1027 1793 1162 1859 habenis

208 1915 311 1980 Orion
326 1911 481 2003 bipedum
500 1909 578 1976 flatu
591 1933 679 1976 marc
694 1910 778 1974 tollit
793 1933 965 1999 equorum.

207 2031 289 2096 Ecce
305 2029 421 2094 ducem
439 2029 563 2120 placitae
577 2029 669 2093 furiis
692 2026 882 2093 crudescere
897 2049 1031 2117 pugnae,

206 2147 465 2236 surgentemque
481 2145 561 2209 toris
575 2158 699 2232 stupet,
716 2141 959 2229 immanemque
974 2158 1089 2230 paratu
1191 2166 1228 2204 ε..

193 2345 247 2392 502.
257 2345 389 2406 Passrtsque
396 2345 458 2389 eine.
469 2343 545 2390 codd.
556 2351 580 2390 et
592 2351 648 2390 vett.
659 2343 713 2389 edd.
723 2345 767 2390 Eu,

200 2527 261 2590 ⁴497.
274 2519 334 2572 Jam
347 2519 421 2591 signo
432 2537 448 2572 e
459 2520 584 2591 Neptuno
595 2518 672 2583 dato,
717 2523 806 2571 toribus
819 2541 865 2572 sua
876 2525 942 2590 cogit
953 2524 1028 2574 hierus
1034 2559 1042 2583 ,
1053 2532 1198 2598 ¹tempestae
1211 2541 1229 2577 e

164 2599 234 2652 tinus
243 2599 324 2651 maris
335 2598 439 2669 mugire
448 2598 559 2670 incipit;
569 2597 673 2660 bellua,
717 2598 806 2652 bellua
813 2599 923 2652 excitata
931 2600 1014 2672 ipsam
1025 2598 1147 2653 litoribus
1156 2620 1229 2654 coar-

163 2684 235 2748 Sigee
247 2683 339 2748 pestis,
352 2681 444 2751 ὅλιθρος
454 2719 462 2744 ,
471 2678 615 2748 pernicies,
628 2695 675 2744 ag·
717 2687 786 2741 ctat,
798 2679 874 2742 facit,
884 2689 912 2730 ut
921 2698 970 2731 nec
981 2679 1037 2750 ipsa
1047 2679 1157 2733 ulterius
1166 2697 1228 2752 pro-

161 2757 674 2828 glomerat‚anteseeonglohehftetum:
718 2754 1227 2830 gredipossiutemdiraenimistetem-

162 2843 289 2892 stellantia
298 2842 392 2890 lustriae
400 2852 513 2900 weisunt,
523 2837 673 2897 vibrentur,
718 2848 804 2909 pestes
814 2847 867 2900 est,
880 2847 909 2889 ut
918 2856 964 2888 nee
973 2841 1052 2888 Notus
1063 2839 1165 2906 nubifer,
1177 2857 1226 2892 nee

164 2923 226 2970 nube
236 2923 331 2986 glatsca
340 2956 348 2982 ,
357 2919 386 2970 in
395 2919 480 2990 capite
489 2916 614 2970 fluctibus
626 2915 674 2968 ob·
716 2919 818 2986 Africus
830 2935 919 2978 ovans,
933 2915 1074 2970 dominans
1082 2953 1090 2980 ,
1099 2917 1227 2990 majorem

163 2997 297 3061 nubilato,
309 3009 334 3050 et
343 2997 457 3050 cceruleo
466 3035 473 3060 ,
475 2999 583 3068 fragore
586 2996 674 3063 fitlmi-
717 2996 830 3049 excitare
844 3008 948 3068 posset,
962 3017 1009 3048 nee
1025 3000 1101 3050 Orion
1115 2997 1225 3069 (virgil.

163 3096 227 3128 nans
240 3075 350 3144 (ecdem
368 3094 462 3138 sensu,
477 3094 531 3147 quo
549 3073 583 3126 de
596 3090 674 3144 epro-
717 3079 779 3129 AEn.
793 3077 824 3143 Ι,
835 3078 904 3146 763,
918 3080 1049 3129 nimbosus.
1068 3077 1118 3129 Eu.
1129 3079 1140 3148 )
1153 3098 1226 3144 quum

162 3174 221 3208 rum
233 3155 357 3209 dentibus
367 3159 520 3226 usurpatur)
530 3171 617 3214 eume,
630 3170 672 3204 re·
717 3177 804 3208 manus
812 3159 900 3225 patriis
911 3155 1052 3228 (Neptuni)
1064 3158 1163 3208 habenis
1172 3160 1227 3225 ple-

162 3253 260 3298 eurva,
276 3234 315 3286 uti
332 3231 489 3304 delphinum
504 3234 612 3306 capita,
628 3251 672 3283 ora
716 3257 778 3296 nus,
798 3235 875 3288 firme
902 3253 983 3290 manu
1002 3253 1046 3288 ess
1067 3233 1225 3299 moderans,

162 3318 243 3382 quatit
259 3316 345 3364 ordine
364 3315 474 3373 trisuleo,
494 3313 590 3384 triplici
605 3311 671 3365 den-
706 3320 774 3388 flatu
788 3319 897 3384 bipedum
910 3317 939 3368 in
952 3315 1037 3387 pisces
1050 3314 1226 3368 desinentium

163 3393 228 3444 tium
241 3391 349 3454 ordine3
360 3395 454 3460 pelago
466 3410 577 3442 remenso
590 3395 672 3442 cauda
716 3413 832 3464 equomm
839 3414 906 3448 mare
914 3398 989 3456 tollit,
998 3395 1026 3446 in
1035 3394 1132 3447 fluctus
1138 3393 1224 3464 erigit.

162 3476 235 3534 redit,
247 3471 413 3543 longitudine
421 3471 673 3543 corporispermsre
752 3475 813 3544 509.
836 3475 980 3538 Hercules,
1003 3473 1160 3546 adstupente
1179 3492 1225 3526 co·

163 3565 299 3615 extensus,
313 3549 426 3604 caudam
436 3551 562 3614 retrahit,
572 3570 675 3619 passos-
716 3554 782 3606 mite
791 3553 936 3606 Telamone
937 3554 1014 3622 floris
1027 3557 1169 3607 surdescere
1175 3573 1226 3622 pu·

163 3635 298 3698 quesieris,
313 3648 415 3701 sparsas
422 3641 500 3684 antea
506 3630 600 3699 spiras,
611 3631 676 3697 rapit
715 3649 790 3700 gne,
805 3633 931 3686 efferatur
941 3632 975 3685 ad
988 3644 1120 3686 certamen
1132 3631 1226 3686 ineun-

162 3715 243 3764 ardua
250 3713 347 3773 cervix,
357 3722 439 3763 totam
449 3710 566 3780 corporis
576 3710 673 3762 molem
717 3711 796 3778 dum,
807 3716 931 3780 surgitque
940 3715 1011 3774 toris,
1024 3711 1135 3766 lacertos
1143 3711 1225 3775 tollit,

162 3792 249 3848 subito
264 3792 292 3842 in
311 3790 391 3843 breve
408 3789 443 3843 ad
462 3791 591 3842 cervicem
606 3809 670 3843 eon·
717 3791 821 3854 vibret;
833 3811 922 3858 graves
931 3794 1054 3862 pharetroe
1061 3795 1167 3861 pulsant
1176 3806 1225 3843 ter·

162 3870 252 3924 trahit.
266 3870 308 3923 Sic
320 3869 450 3924 belluaeet
462 3869 670 3940 magnitudinem
712 3890 763 3938 ga,
788 3871 820 3924 iis
842 3871 982 3934 insensum
1003 3871 1110 3926 invocat
1125 3885 1223 3939 patrem

164 3960 189 4000 et
204 3951 286 4002 robur
308 3961 334 4002 et
359 3949 427 4002 iram
449 3947 570 4018 augendo
593 3961 671 4003 ornet
713 3956 811 4012 lovem,
840 3952 929 4017 pelagi
952 3954 1011 4002 deos
1031 3969 1125 4017 simque
1150 3953 1224 4017 ipsias

162 4039 248 4098 poeta.
716 4049 807 4092 annae
821 4030 857 4082 sie
871 4029 943 4084 enim
955 4029 1033 4100 prisci
1045 4029 1139 4083 heroes
1145 4047 1154 4093 ;
1165 4028 1225 4081 vide

198 4110 262 4162 503,
269 4108 311 4162 sic
316 4127 364 4176 per
371 4112 572 4162 millearolumina
581 4113 673 4163 insum·
716 4109 793 4181 Virg.
812 4111 873 4163 AEn.
888 4110 958 4172 ΧΠ,
972 4109 1021 4178 95,
1035 4121 1061 4162 et
1080 4109 1150 4162 inira
1169 4109 1225 4170 111,

162 4189 253 4240 beatem
264 4199 362 4259 pontus
371 4187 511 4263 eoruitatur
524 4188 582 4242 altis
593 4194 672 4241 assul-
718 4207 785 4259 707,
798 4209 846 4261 per
855 4207 929 4248 arma
937 4189 1061 4259 jurabant
1071 4190 1148 4254 ;vins
1157 4187 1223 4241 adeo

161 4281 218 4318 tans
229 4265 368 4332 fluctibus,
379 4277 404 4318 et
413 4271 510 4336 trepidis
520 4283 627 4322 menum
640 4272 671 4324 li·
714 4269 746 4322 iis
755 4267 911 4326 fundebant.
927 4269 973 4323 Sil.
986 4268 1045 4322 Ital.
1063 4268 1118 4332 vl,
1136 4269 1194 4322 138.
