3192 5128
352 583 353 588 ,
394 547 487 592 cxxx
635 521 951 591 LUDOVlCUS
981 521 1223 590 C‘ARRION

392 655 578 737 niresolet,
599 653 626 718 si
642 651 774 742 quando
791 651 990 718 creditorum
1004 651 1168 717 debitores
1183 670 1394 742 conspectum
1407 659 1467 720 lu·

392 763 499 850 giant,
519 782 580 825 nec
595 760 656 848 ipsi
674 760 761 824 ultro
777 781 832 824 eos
848 757 1021 842 accedant,
1038 774 1078 823 ut
1100 757 1217 822 infitias
1237 757 1387 824 meditari
1407 761 1468 840 ju·
1487 810 1495 824 .

393 865 554 931 dicentur.
570 868 642 930 Hoc
664 889 706 930 ne
721 866 1045 954 mihicontingeret,
1062 883 1160 953 opere
1180 866 1321 929 maximo
1337 886 1470 957 semper

391 971 573 1036 cavendum
593 971 681 1036 duxi.
707 972 781 1036 Huc
804 970 946 1054 accedit,
970 969 1060 1058 quod
1086 986 1135 1052 te,
1153 993 1257 1059 quum
1281 972 1468 1038 Lovanium

392 1078 532 1144 venisses
548 1076 848 1166 (quemadmodum
861 1076 1056 1144 Parthorum
1070 1097 1180 1166 regem
1192 1077 1241 1140 vir
1255 1079 1467 1144 amoenissimi

390 1184 528 1273 ingenii,
540 1186 683 1248 Annaeus
697 1185 836 1265 Seneca,
852 1205 920 1247 non
939 1181 1009 1246 sine
1028 1205 1164 1247 munere
1177 1183 1308 1249 salutari
1318 1187 1467 1274 potuisse

391 1289 555 1354 memoriae
572 1289 757 1378 prodidit),
770 1289 939 1371 volebam,
956 1311 1025 1353 non
1042 1288 1104 1358 nisi
1123 1310 1198 1357 cum
1209 1312 1362 1375 munere,
1376 1291 1466 1356 salu·

390 1410 517 1458 taturus
528 1393 692 1460 accedere.
701 1396 811 1478 Quare
820 1417 924 1482 quum
933 1395 1049 1460 scirem
1060 1393 1225 1459 vivacibus
1238 1396 1361 1485 ingenii
1370 1397 1465 1462 labo-

389 1498 479 1564 ribus
492 1548 501 1581 ,
516 1501 574 1587 qui
586 1501 737 1566 mortales
754 1501 794 1565 ab
811 1500 974 1564 oblivione
987 1498 1170 1582 vindicant,
1182 1516 1215 1565 ct
1226 1501 1461 1566 immortalitati

390 1624 554 1692 asserunt,
571 1610 689 1698 magis,
705 1631 803 1696 quam
821 1607 940 1674 divitiis
966 1608 1058 1672 brevi
1076 1623 1244 1674 momento
1260 1609 1410 1699 peritauis
1428 1625 1464 1674 te

389 1711 559 1795 delectari,
584 1715 666 1802 coepi
681 1713 981 1780 tandem-excutere
1000 1712 1135 1778 schedas
1151 1737 1257 1798 meas,
1278 1731 1311 1779 et
1326 1738 1463 1804 papyra-

389 1841 485 1886 ceum
507 1818 641 1909 aliquod
663 1819 897 1888 munusculum
922 1840 1268 1908 quaererezquumque
1284 1821 1369 1884 varia
1392 1843 1463 1885 sese

388 1923 546 1988 offerrent
570 1939 604 1988 et
625 1939 796 2012 poetarum
819 1939 852 1988 et
873 1939 1041 1995 oratorum
1068 1925 1206 2012 scripta,
1232 1924 1352 2012 quibus
1374 1924 1463 1990 refici

302 2111 311 2121 ι
390 2029 525 2100 mirifice
541 2031 651 2112 sole03
672 2030 755 2094 nihil
770 2030 1002 2111 ¹commodius,
1025 2030 1108 2095 nihil
1129 2031 1168 2094 Τ.
1189 2033 1231 2096 Η.
1252 2031 1381 2120 dignius
1406 2054 1463 2096 oc·

389 2137 492 2202 currit
504 2135 559 2223 (si
575 2134 755 2224 quidquam
777 2151 887 2200 tamen
910 2159 947 2204 ea
963 2136 1099 2223 dignum
1123 2157 1191 2200 esse
1213 2136 1340 2224 potest)
1363 2140 1463 2202 Com·

385 2241 566 2323 mentatio,
580 2263 678 2328 quem
695 2241 729 2304 in
746 2241 1077 2306 Valerium-Flaccum
1093 2241 1268 2306 subsecivis
1282 2242 1371 2307 horis
1388 2258 1461 2307 tum

391 2347 606 2412 claborabam.
625 2349 710 2413 Nam
726 2349 755 2412 si
767 2370 834 2434 quo
849 2363 998 2436 tempore
1014 2369 1033 2410 a
1049 2347 1130 2426 juris
1146 2347 1256 2412 studio
1276 2348 1462 2414 feriandum

358 2536 361 2548 Ι
389 2470 454 2534 est,
470 2454 609 2518 libenter
626 2451 782 2517 totumid
801 2453 835 2516 in
852 2453 940 2516 hisce
955 2453 1187 2524 amoenioribus
1202 2471 1374 2542 poetarum
1390 2477 1462 2520 mo·

388 2559 553 2624 numentis
570 2581 762 2624 consumere
778 2559 878 2624 soleo.
892 2559 926 2623 Si
945 2560 1018 2646 quis
1034 2581 1111 2624 vero
1128 2561 1185 2641 sit,
1203 2561 1260 2648 qui
1279 2583 1411 2625 omnem
1425 2562 1461 2625 in

388 2665 452 2728 hoc
479 2665 666 2755 castigando
691 2688 824 2754 operam
848 2666 962 2730 lusisse
980 2688 1050 2746 me,
1074 2681 1107 2731 et
1130 2666 1232 2730 bonas
1253 2667 1350 2732 horas
1377 2667 1461 2732 male

388 2794 562 2859 occupasse
584 2770 686 2854 dicat,
714 2772 793 2836 sciat
814 2771 948 2836 istanti
967 2770 1057 2834 hunc
1074 2771 1115 2834 ab
1136 2771 1291 2836 omnibus
1310 2772 1461 2838 habitum

389 2879 505 2964 luisse,
528 2897 647 2963 utnon
661 2878 802 2945 defuerit
817 2880 918 2944 homo
932 2879 1094 2944 acerrimae
1112 2901 1274 2976 censura,
1293 2881 1385 2960 cujus
1400 2903 1461 2945 no·

388 3009 464 3051 men
479 2987 527 3050 in
552 2986 700 3052 Politiani
721 3010 779 3051 ore
803 3002 962 3076 perpetuo
989 2986 1135 3050 habitare
1165 2987 1265 3067 solet,
1287 2987 1459 3052 Gervasius

389 3097 559 3174 Amoenus,
585 3093 642 3181 qui
667 3077 758 3156 hunc
782 3091 962 3156 secundum
988 3115 1006 3156 a
1040 3092 1175 3180 Virgilio
1204 3107 1333 3179 poetam
1364 3094 1458 3175 fecit,

388 3199 602 3286 Apollonium
618 3221 696 3264 vero
721 3214 754 3262 et
779 3198 965 3286 Orpheum,
985 3199 1013 3260 si
1030 3214 1139 3260 tamen
1157 3197 1226 3277 ejus
1244 3199 1459 3288 Argonautica

387 3319 483 3385 sunt,
498 3303 597 3392 longo
613 3303 782 3368 intervallo
795 3318 870 3390 post
883 3325 917 3365 se
933 3303 1118 3390 relinquere
1133 3321 1262 3370 asserat.
1279 3304 1386 3368 Taceo
1399 3307 1458 3368 Ba·

386 3409 517 3495 ptistam
532 3410 647 3491 Pium,
666 3410 693 3476 is
710 3409 753 3474 ita
768 3409 939 3495 pusillum,
954 3409 1023 3488 ejus
1039 3409 1146 3474 verbis
1164 3427 1254 3492 utar,
1275 3411 1378 3476 Flacci
1392 3432 1452 3474 au·

388 3537 463 3580 rum
487 3536 605 3602 magno
630 3529 781 3602 praestare
805 3515 1153 3603 Apolloniiorichalco
1177 3515 1333 3600 affirmat,
1358 3518 1459 3581 veluti

389 3619 470 3684 unio
486 3641 585 3706 parvo
603 3619 756 3707 quidem,
770 3619 828 3684 sed
847 3621 990 3709 pretioso
1015 3643 1169 3710 corpore,
1186 3623 1311 3710 magnis
1329 3638 1458 3710 praestat

387 3727 594 3814 arenosisque
610 3727 733 3816 lapillis.
748 3726 838 3810 Quid
853 3743 962 3796 autem
978 3727 1032 3792 hic
1047 3750 1113 3792 non
1132 3727 1258 3792 efficere
1272 3743 1417 3815 poterat,
1430 3729 1457 3791 si

384 3833 504 3912 justam
526 3849 652 3900 aetatem
670 3833 848 3923 attigisset?
864 3834 922 3921 qui
940 3835 1009 3916 illa,
1027 3856 1092 3919 qua
1107 3834 1161 3900 vix
1177 3833 1338 3898 doctiores
1358 3832 1457 3896 etiam

388 3937 548 4002 balbutire
569 3939 667 4003 latine
688 3939 867 4027 incipiunt,
884 3961 922 4002 ea
947 3939 1095 4027 reliquit,
1115 3961 1187 4026 quae
1206 3938 1352 4027 superbae
1368 3937 1458 4000 Grae-

388 4043 444 4108 cioe
460 4043 494 4106 in
511 4067 584 4108 suas
600 4044 711 4110 laudes
723 4045 924 4114 effusissima
935 4047 1073 4114 Romam
1084 4044 1200 4112 merito
1211 4041 1349 4123 objicere
1363 4063 1458 4129 posse

388 4150 565 4218 doctissimi
583 4153 706 4240 quique
723 4153 862 4242 graviter
884 4166 1092 4214 censuerunt.
1115 4151 1220 4218 Nemo
1236 4148 1323 4215 enim
1340 4163 1457 4212 est-aut

387 4257 605 4326 recentiorum
617 4274 674 4330 aut
682 4258 908 4340 venustiorem,
918 4257 1011 4337 cujus
1024 4257 1141 4345 scripta
1152 4255 1286 4336 alicujus
1298 4254 1456 4328 momenti
