3116 5102
366 542 760 637 ARGONAUTICON
788 545 874 610 LIB.
899 545 938 609 V.
1125 547 1186 634 367

162 673 219 737 His
230 672 381 761 Lapithes
395 691 539 739 assuerat
553 696 661 761 eques.
677 675 725 739 Da
738 675 875 765 jungere
887 676 1049 759 dextram,

161 790 209 852 Da
226 787 392 877 Scythicas
408 790 530 854 sociare
547 787 681 872 domos,
697 791 776 854 sciat
792 791 890 855 effera
905 792 989 881 regis

161 904 210 966 Ira
224 901 322 985 mihi,
337 925 435 991 quern
452 918 485 968 te
500 903 659 968 horrifero
676 905 809 969 sortitus
825 907 859 968 in
876 929 934 970 axe
1002 945 1007 953 ·

161 1018 344 1102 Caucasus,
359 1035 458 1106 atque
471 1019 535 1082 tuis
549 1034 709 1105 quantum
726 1019 872 1084 mitescat
886 1021 1057 1088 habenis».

203 1133 336 1207 Talibus
354 1151 502 1199 orantem
518 1135 612 1199 vultu
625 1135 729 1224 gravis
745 1135 798 1199 ille
813 1137 930 1202 minaci
1152 1160 1191 1200 ειη

159 1249 230 1312 Jam
248 1247 374 1314 dudum
388 1250 513 1331 fremit,
531 1266 563 1314 et
578 1250 670 1313 furiis
682 1249 820 1339 ignescit
830 1253 962 1338 opertis.

160 1365 230 1428 Ceu
247 1379 369 1445 tumet,
386 1379 483 1451 atque
501 1365 568 1427 imo
585 1364 647 1427 sub
666 1365 792 1453 gurgite
809 1365 954 1453 concipit
968 1368 1104 1431 Austros

160 1477 257 1543 Unda
270 1477 386 1562 silens3
404 1477 503 1542 trahit
518 1499 558 1542 ex
576 1478 640 1541 alto
659 1479 705 1542 sic
721 1478 875 1543 barbarus
890 1480 971 1562 iras,

160 1586 203 1648 Et
221 1607 311 1648 nunc
329 1607 406 1649 ausa
423 1584 502 1666 viri,
517 1605 608 1648 nunc
623 1583 707 1648 heu!
725 1607 784 1649 sua
796 1585 924 1673 prodita
936 1587 1039 1653 Graiis

160 1701 274 1788 Regna
292 1699 419 1782 fremit3
438 1700 518 1787 quin
532 1699 566 1763 et
582 1699 665 1764 facili
676 1699 737 1764 sibi
750 1715 861 1765 mente
875 1718 1042 1790 receptum
1153 1721 1191 1762 ⁵2⁵

150 1893 203 1941 διδ.
220 1895 321 1955 Iungere
334 1892 405 1939 dena.
417 1891 492 1940 Vatic.
505 1901 529 1940 et
538 1893 629 1939 Bouon.
641 1892 712 1940 codd.
722 1903 746 1939 et
759 1893 813 1940 edd.
828 1903 884 1942 aute
899 1896 964 1945 sarr.
975 1922 1006 1932 -
1020 1897 1073 1961 519.
1085 1901 1194 1946 Mroercat

117 1975 199 2020 arenis.
208 1971 284 2020 Vatic.
296 1975 386 2019 Bonou.
399 1973 468 2019 codd.
483 1983 507 2018 et
522 1971 577 2019 edd.
594 1982 649 2018 aute
662 1974 761 2034 lingent.
777 1972 881 2020 Similem
899 1975 1051 2024 variationem
1067 1977 1120 2025 vide
1129 1978 1191 2027 infra

118 2069 142 2100 v.
151 2053 208 2114 609.
222 2079 254 2088 -
267 2053 322 2100 iar.
334 2053 441 2115 ignoscit.
450 2052 527 2100 Vatic.
539 2052 630 2099 Bonan.
646 2061 670 2098 et
683 2053 810 2099 Burmann.
826 2052 897 2099 codd.
911 2055 1002 2102 Bonam
1019 2058 1038 2102 1.
1054 2058 1119 2105 iant.
1135 2059 1191 2105 Ald.

74 2161 77 2166 ·
119 2133 219 2202 Aperlae.
230 2133 295 2180 Carr-
307 2157 338 2166 -
351 2131 406 2186 524.
418 2133 516 2177 Etnrsae
526 2147 605 2177 eausa.
616 2132 691 2178 Vatia.
699 2139 723 2178 et
732 2131 822 2178 Bouou.
833 2131 903 2178 codd.
913 2133 957 2179 Eu.
994 2181 996 2186 ,

119 2322 258 2370 semitecta
271 2320 377 2378 laboris,
390 2320 440 2377 isis,
450 2315 569 2386 (irenis)
584 2321 632 2366 La·
677 2332 752 2368 suam
767 2333 863 2389 nempe
880 2333 912 2369 ac
928 2315 1045 2369 debitam
1060 2336 1133 2384 rem,
1148 2340 1194 2388 pe-

115 2401 194 2466 pitlses
205 2412 360 2457 assueverat,
373 2414 436 2448 usus
445 2407 501 2456 est,
514 2414 596 2462 eques.
678 2400 723 2448 tit:
736 2397 831 2461 vellus,
841 2407 977 2471 tamquam
986 2398 1030 2450 lite
1040 2417 1070 2450 ac
1080 2397 1192 2472 judicio,

60 2511 66 2522 -
156 2477 217 2528 516.
229 2481 269 2526 Da
274 2479 381 2544 frangere
394 2479 523 2534 dextram,
536 2475 633 2546 pignus
677 2477 868 2547 persequitur;
901 2476 974 2548 apud
1000 2477 1191 2550 Apollonium,

120 2553 259 2620 amicitia,
278 2558 312 2606 da
331 2557 456 2619 Scythicas
475 2558 571 2605 saciare
590 2557 634 2604 do·
678 2554 744 2626 quid
762 2566 851 2626 optet,
869 2553 1006 2609 humiliter
1023 2574 1055 2608 ac
1078 2555 1195 2612 demisse

121 2653 173 2684 mos
182 2635 193 2701 (
198 2633 256 2698 111,
270 2639 301 2695 ri
311 2670 319 2695 ,
328 2635 440 2684 inanibus
457 2636 521 2683 datis
525 2635 635 2699 junxere
678 2634 797 2705 exponit.
809 2635 862 2687 En.

116 2715 247 2784 perraras),
257 2711 342 2766 foedus
353 2710 460 2784 hospitii
470 2711 556 2763 mutui
566 2711 636 2763 inea·
716 2714 776 2766 520.
790 2715 887 2764 Talibus
900 2711 976 2765 dictis
992 2729 1103 2764 orantem
1119 2715 1193 2768 Jaso-

122 2811 192 2846 mus.
678 2811 740 2845 nem
751 2797 822 2844 vulne
829 2795 913 2860 gravis
923 2795 973 2854 ille,
984 2794 1192 2856 AEetes,mr'nacr'‚

158 2873 219 2943 517.
232 2877 299 2925 Sciat
317 2872 399 2941 effera
420 2874 485 2940 regis
505 2873 543 2921 ira
563 2871 633 2931 mihi,
679 2864 715 2917 ad
727 2863 891 2917 severitatem
905 2864 1052 2935 composito
1064 2875 1090 2917 et
1104 2878 1189 2918 auste-

122 2951 214 3006 audiat
223 2953 308 3009 Pelias
321 2949 533 3012 minitarentur,
546 2969 632 3018 quem,
679 2963 711 2996 ro
720 2947 823 3012 ,premit
840 2943 895 3011 (sic
906 2943 1000 3015 scripsi
1011 2962 1061 3016 pro
1072 2946 1192 3016 fremit),

122 3050 204 3105 quam
227 3032 317 3084 mitem
341 3041 420 3102 atque
439 3027 593 3102 placidum,
613 3043 637 3080 re
679 3025 908 3093 territat,etsuriis
918 3025 1023 3092 ignescit
1031 3027 1134 3092 opertis,
1149 3043 1193 3079 ar-

123 3117 247 3166 Caueasus
259 3113 283 3163 iu
296 3131 348 3162 axe
360 3111 494 3178 bomfem,
508 3108 558 3160 sub
572 3108 636 3161 celo
680 3103 725 3157 det
737 3102 841 3156 animus
857 3103 912 3168 ira,
929 3120 1010 3173 quam
1021 3115 1109 3156 tamen
1119 3121 1193 3157 corn·

122 3191 236 3263 frigido,
248 3193 360 3250 sortitus,
375 3191 451 3258 atque
462 3192 508 3240 tuis
519 3202 637 3256 qrcanasm
680 3183 788 3256 primit,
802 3181 959 3236 dissimulat.

123 3276 233 3324 mitescat
256 3274 371 3331 habenis,
398 3280 527 3342 quantum
555 3268 638 3340 proli·
718 3265 777 3318 521.
795 3269 853 3314 lam
871 3266 963 3314 dudum
972 3261 1139 3329 fremitvid.
1159 3263 1195 3317 ad

122 3352 211 3416 ciant,
223 3363 248 3403 te
266 3350 426 3422 imperante,
443 3350 471 3401 in
487 3349 637 3401 animorum
681 3343 780 3397 calcem
792 3341 871 3417 hujus
882 3341 944 3396 libri
956 3351 1010 3393 not.
1026 3342 1085 3394 520.
1096 3343 1146 3396 En.

123 3431 226 3483 cultura
235 3430 314 3483 cives.
322 3459 357 3469 ·-
367 3427 480 3500 Egregia
487 3427 544 3480 hec
552 3427 637 3480 oratio
718 3425 777 3477 522.
789 3426 836 3475 Ceu
849 3435 922 3473 mmet
931 3436 1006 3489 atque
1018 3423 1067 3472 imo
1080 3426 1124 3472 sub
1133 3441 1195 3492 gur-

124 3520 155 3562 ut
172 3509 296 3561 eximium
315 3509 379 3562 artis
396 3507 536 3580 precipua
554 3507 638 3578 speci·
679 3507 732 3572 gite
740 3505 845 3570 concipit
851 3507 954 3553 Austros
963 3504 1037 3552 Unda
1045 3504 1133 3564 silens,
1146 3501 1195 3556 flu-

124 3607 186 3642 men
207 3588 299 3641 haberi
319 3598 415 3659 potest.
439 3587 467 3640 si
485 3585 639 3640 conferatur
680 3581 923 3646 vius,aliasleuis,
938 3581 1116 3635 subterraneis
1129 3603 1193 3636 ven-

124 3668 298 3742 Apollonius,
332 3668 419 3739 major
440 3666 539 3720 eminet
566 3663 638 3736 apud
682 3659 1010 3724 tisinfluctusattollitur3
1025 3664 1099 3712 trahit
1112 3683 1146 3714 ea
1160 3667 1197 3715 al·

125 3749 263 3802 Valerium
279 3739 411 3818 dignitas,
429 3744 480 3800 nisi
498 3743 572 3817 quod
594 3742 639 3797 ali·
682 3755 721 3802 to,
734 3741 803 3806 imo,
811 3753 911 3810 pectore
921 3742 956 3790 sic
965 3741 1082 3791 barbarus
1092 3745 1152 3796 iras.

124 3827 284 3899 quantulum
295 3826 427 3898 jactantias
437 3821 635 3896 deprehendas;
718 3819 778 3884 524.
790 3825 822 3871 Et
835 3839 901 3871 nane
914 3819 985 3888 (ob,
999 3824 1122 3890 propter)
1133 3843 1197 3873 ausa

126 3908 281 3960 submissior
291 3905 426 3979 Apollonii
438 3906 537 3970 Jasou,
552 3901 597 3956 sed
610 3914 637 3957 et
681 3901 744 3959 viti,
755 3919 821 3950 nune
834 3918 880 3950 saa
886 3901 987 3966 predita
1000 3901 1093 3950 Greecr's
1107 3905 1196 3970 Regna

127 3987 261 4040 callidior:
275 3987 322 4058 qui
344 3984 451 4056 quidem
476 4003 582 4036 omnem
602 3981 636 4036 ad
673 3979 774 4047 fremit,
790 3980 829 4031 ira
842 3989 950 4044 astuat3
958 3976 1194 4046 facilisibimente,

127 4066 246 4118 animum
269 4069 348 4137 AEetas
368 4065 418 4117 sibi
439 4062 637 4118 conciliandum
681 4070 735 4111 tam
749 4058 850 4123 amice,
867 4055 931 4109 olim
944 4071 1062 4125 receptum
1072 4061 1195 4123 Phryxum
1225 4071 1230 4081 ·

127 4146 272 4198 orationem
292 4145 513 4218 dirigit3Valerii
530 4155 637 4210 contra,
682 4141 762 4197 dolet,
785 4150 808 4188 et
832 4139 934 4202 Seytisr'oe
953 4139 1057 4204 periisse
1083 4141 1195 4199 timores,

128 4237 157 4277 ut
168 4237 310 4291 exterreat,
321 4225 374 4280 hoc
389 4225 439 4278 sibi
451 4227 592 4296 sumpsisse
601 4223 639 4274 vi·
683 4216 834 4282 contemni,
848 4214 924 4268 nihili
941 4233 1012 4268 nuuc
1025 4214 1117 4268 haberi
1131 4215 1197 4290 Scy·

128 4302 223 4358 detur:
247 4324 295 4356 non
317 4308 419 4365 aliena,
440 4325 490 4356 uon
514 4305 638 4365 indebita,
685 4297 784 4362 thiam,
797 4295 919 4368 gentibus
930 4295 995 4349 olim
1005 4293 1160 4349 timendam.
