3192 5128
381 511 514 598 'cxxm
687 523 836 596 rerer
868 511 1146 600 annulum

285 665 291 680 '
387 658 869 746 codicibusquemanuexaratis
881 659 1228 748 suppressis-veterum
1239 659 1453 750 interpretum

382 765 508 830 labores
523 786 583 853 pro
600 764 666 828 suis
689 762 919 848 venditabant3
948 781 986 830 nt
1005 765 1046 846 dc
1063 764 1208 830 Domino
1232 764 1405 832 Calderino
1421 784 1454 833 et

380 872 449 936 aliis
477 884 612 936 constat.
629 869 775 958 Ideoque
797 872 954 936 Maserius
980 872 1110 936 illorum
1130 872 1281 961 exemplo
1300 873 1452 939 verbosas

380 1000 464 1077 saepe
479 993 512 1041 et
529 977 641 1066 longas
654 977 875 1057 intermiscet,
892 975 933 1041 de
950 976 1084 1060 fabulis,
1099 978 1304 1066 argumentis
1315 1001 1450 1069 geogra-

383 1084 486 1175 phicis
500 1097 547 1148 ct
571 1081 733 1148 historicis
749 1081 1009 1165 dissertationes,
1029 1105 1101 1171 quae
1118 1081 1218 1152 hodie
1232 1083 1268 1146 in
1281 1084 1334 1148 illa
1349 1084 1453 1150 h'tera·

380 1213 454 1256 rum
470 1190 563 1273 luce,
585 1207 617 1255 et
637 1206 726 1255 tanta
749 1189 927 1272 librorum,
945 1189 1055 1255 omnia
1071 1189 1126 1254 illa
1145 1190 1340 1280 amplissime
1358 1215 1450 1258 oom-

380 1297 610 1387 plectentium,
623 1296 731 1384 copia,
739 1294 891 1385 putidum
899 1312 932 1360 et
937 1295 1085 1384 ineptum
1095 1313 1197 1377 esset,
1205 1297 1329 1363 iterare.
1340 1299 1450 1381 Quare

380 1425 416 1468 ea
428 1419 555 1470 tantum
571 1402 693 1484 exejus
707 1399 973 1467 adnotationibus
988 1403 1149 1493 excerpsi,
1165 1425 1238 1490 quae
1252 1405 1304 1468 vel
1317 1405 1449 1470 lectioni

378 1509 487 1574 dubiae
500 1527 533 1575 et
546 1509 723 1574 sollicitatae
739 1508 994 1592 constituendas,
1003 1509 1055 1574 rel
1070 1509 1252 1574 obscuriori
1265 1511 1338 1578 loco
1350 1513 1448 1601 expli·

377 1615 484 1681 cando
507 1616 611 1680 facere
637 1615 717 1680 mihi
730 1613 958 1702 ridebantur.¹
970 1614 1054 1698 Quis
1073 1613 1171 1680 fuerit
1190 1615 1244 1679 hic
1266 1616 1445 1701 Maserius,

377 1745 444 1811 quo
462 1723 535 1787 loco
548 1737 582 1786 et
596 1721 712 1786 ordine
726 1720 878 1802 babitus,
895 1720 950 1784 vix
975 1718 1128 1810 indagare
1146 1721 1260 1810 potui,
1276 1722 1338 1785 nisi
1356 1723 1447 1811 quod

377 1851 417 1893 ex
439 1829 508 1910 ejus
524 1827 767 1892 commentariis
789 1825 937 1914 quadam
954 1825 996 1892 de
1022 1826 1121 1891 rebus
1138 1827 1205 1892 suis
1226 1827 1447 1894 intermiscere

354 1934 679 2000 animadverterim:
705 1932 762 1997 sic·
777 1930 819 1996 ad
843 1931 899 1995 lib.
917 1933 957 2012 V,
980 1953 1026 1995 vs.
1050 1933 1110 2013 24,
1136 1930 1233 2016 dicit,
1249 1954 1284 1997 se
1303 1933 1445 2020 primum

374 2043 428 2108 vix
446 2061 611 2131 egressum
636 2038 776 2100 lustrum
797 2034 948 2098 orbatum
972 2034 1073 2099 finisse
1096 2051 1241 2099 materna
1260 2035 1444 2104 dulcedine.

374 2146 583 2215 Avunculum
599 2155 759 2205 memorat
766 2139 923 2204 Jacobum
943 2137 984 2202 de
996 2138 1206 2219 Molendino,
1228 2138 1444 2216 indivinitate

374 2255 579 2346 maguum,
595 2271 614 2311 a
628 2269 695 2334 qno
711 2243 857 2310 codicem
867 2243 1082 2333 Virgilianum
1101 2265 1136 2308 se
1151 2244 1313 2336 accepisse
1331 2264 1443 2336 gratus

374 2358 520 2449 agnoscit
532 2354 573 2419 ad
588 2351 643 2416 lib.
659 2352 727 2433 111,
747 2348 821 2437 378.
836 2343 922 2413 Huic
932 2348 1059 2414 labores
1073 2371 1149 2415 suos
1161 2350 1195 2417 in
1208 2350 1299 2415 hunc
1311 2367 1443 2440 poetam

372 2465 548 2532 exantlatos
557 2458 722 2539 inscribit,
734 2478 876 2545 eumque
886 2457 1056 2546 theologie
1064 2455 1281 2546 professorem
1291 2459 1440 2548 appellat.

371 2569 539 2637 Dedicatio
560 2587 637 2631 vero
654 2564 707 2628 illa
725 2562 940 2628 adfectatione
957 2562 1161 2650 putidissimo
1177 2563 1275 2628 etiam
1291 2586 1359 2629 non
1381 2564 1441 2632 ad·

372 2677 507 2742 modum
526 2691 653 2739 teneras
669 2685 703 2734 et
724 2668 873 2734 delicatas
886 2689 980 2732 aures
996 2666 1088 2732 facile
1106 2667 1263 2734 offendet.
1285 2670 1354 2736 Nec
1378 2671 1440 2736 mi·

371 2805 485 2849 norem
498 2778 638 2846 subactis
653 2775 791 2866 ingeniis
807 2775 910 2840 risum
922 2797 1053 2840 movere
1064 2773 1162 2839 debet
1170 2775 1338 2864 allegorica
1350 2777 1438 2860 ejus,

371 2911 444 2980 quae
454 2909 513 2977 per
524 2901 625 2950 totam
639 2883 705 2947 fere
715 2880 952 2946 dedicationem
962 2896 1095 2970 regnat,
1107 2881 1331 2970 interpretatio
1340 2883 1439 2964 hujus

370 2991 584 3085 expeditionis
608 2987 791 3054 Colchicae:
808 3009 883 3050 nam
899 3003 933 3051 et
949 2986 1014 3068 ibi,
1031 3002 1064 3051 et
1082 2986 1118 3050 in
1138 2987 1325 3075 prenotatis
1347 2989 1437 3072 suis,

369 3089 453 3167 hanc
469 3098 635 3177 militiam,
656 3093 829 3183 imaginem
847 3107 880 3156 et
894 3093 1000 3156 vivam
1017 3093 1155 3182 speciem
1174 3115 1245 3158 esse
1267 3093 1438 3158 contendit

369 3229 484 3274 cursus
495 3201 742 3279 vitaehumanae,
754 3218 895 3286 quoeper
905 3196 1199 3284 multopericulaet
1211 3197 1436 3280 incommoda,

368 3313 540 3398 variosque
559 3321 650 3370 terrae
665 3303 827 3391 marisque
843 3301 968 3366 labores
983 3301 1117 3384 jactata,
1132 3325 1212 3366 nave
1226 3302 1381 3384 Palladia,
1399 3303 1435 3368 id

368 3437 434 3501 est,
444 3412 596 3506 prudenti
606 3409 742 3475 consilio
753 3410 851 3490 freta,
862 3407 995 3473 tandem
1004 3407 1045 3473 ad
1053 3408 1160 3473 arietis
1169 3409 1272 3474 vellus
1280 3433 1432 3491 aureum,

368 3525 402 3590 id
426 3537 493 3598 est,
520 3538 642 3608 agnum
659 3514 767 3595 illum,
792 3535 892 3602 quem
912 3511 1012 3579 deum
1029 3535 1112 3594 esse,
1131 3513 1187 3601 qui
1204 3514 1273 3578 ovis
1298 3531 1331 3580 et
1351 3516 1432 3580 aries

364 3629 503 3708 dicitur,
518 3621 693 3713 perveniat.
706 3620 783 3684 Haec
796 3619 959 3685 avunculo
975 3619 1111 3684 fortasse
1121 3618 1190 3701 ejus
1204 3619 1360 3708 placuisse
1374 3642 1433 3707 po-

366 3747 521 3811 tuerunt,
539 3728 596 3817 qui
622 3726 649 3790 si
675 3748 714 3790 ex
739 3725 795 3790 illo
813 3747 910 3815 grege
936 3725 1165 3812 theologorum
1191 3725 1270 3806 fuit,
1297 3725 1355 3814 qui
1379 3726 1430 3790 his

364 3838 493 3929 ineptiis
510 3852 544 3899 et
558 3832 691 3898 somniis
712 3853 814 3896 sacras
834 3831 930 3894 etiam
947 3829 1095 3894 historias
1117 3828 1239 3894 foedant
1255 3847 1288 3894 et
1312 3830 1432 3896 obscu-

365 3961 455 4027 rant,
472 3943 682 4007 vehementer
697 3937 817 4002 sororis
836 3937 887 4000 sui
911 3933 966 4000 filii
984 3935 1117 4024 ingenio
1136 3935 1287 4000 delectari
1309 3937 1429 4024 potuit.

364 4055 449 4118 Hinc
464 4065 552 4114 certe
569 4042 736 4122 videmus,
754 4041 846 4106 nullo
860 4057 1007 4130 tempore
1021 4039 1160 4106 defuisse
1177 4057 1286 4106 mente
1300 4059 1428 4125 motos,

364 4177 396 4226 et
413 4152 606 4246 imaginariae
623 4147 778 4213 doctrine
793 4147 972 4226 antistites,
986 4145 1047 4233 qui
1064 4146 1159 4212 fatuis
1174 4162 1208 4210 et
1223 4146 1430 4214 ridiculisex·

361 4259 607 4354 plicationihus‚
625 4275 740 4319 omnes
752 4253 818 4318 sive
831 4251 972 4332 tabulas,
986 4251 1053 4315 sive
1069 4251 1240 4334 historias,
1256 4254 1298 4318 ad
1311 4256 1428 4343 allego·
