<?xml version="1.0" encoding="UTF-8"?>
<!DOCTYPE html PUBLIC "-//W3C//DTD XHTML 1.0 Transitional//EN"
    "http://www.w3.org/TR/xhtml1/DTD/xhtml1-transitional.dtd">
<html xmlns="http://www.w3.org/1999/xhtml" xml:lang="en" lang="en">
 <head>
  <title>
</title>
<meta http-equiv="Content-Type" content="text/html;charset=utf-8" />
  <meta name='ocr-system' content='tesseract 3.04.00' />
  <meta name='ocr-capabilities' content='ocr_page ocr_carea ocr_par ocr_line ocrx_word'/>
</head>
<body>
  <div class='ocr_page' id='page_1' title='image "./cvaleriiflaccis00apolgoog_0285.png"; bbox 0 0 3246 5112; ppageno 0'>
   <div class='ocr_carea' id='block_1_1' title="bbox 366 546 1123 617">
    <p class='ocr_par' dir='ltr' id='par_1_1' title="bbox 366 546 1123 617">
     <span class='ocr_line' id='line_1_1' title="bbox 366 546 1123 617; baseline 0.004 -7"><span class='ocrx_word' id='word_1_1' title='bbox 366 546 408 610; x_wconf 85' lang='lat'><strong>60</strong></span> <span class='ocrx_word' id='word_1_2' title='bbox 669 548 704 610; x_wconf 92' lang='lat' dir='ltr'><strong>C.</strong></span> <span class='ocrx_word' id='word_1_3' title='bbox 728 546 924 613; x_wconf 79' lang='lat' dir='ltr'><strong>VALERII</strong></span> <span class='ocrx_word' id='word_1_4' title='bbox 952 550 1123 617; x_wconf 82' lang='lat' dir='ltr'>FLACCI</span> 
     </span>
    </p>
   </div>
   <div class='ocr_carea' id='block_1_2' title="bbox 381 676 1427 1446">
    <p class='ocr_par' dir='ltr' id='par_1_2' title="bbox 408 676 1427 1108">
     <span class='ocr_line' id='line_1_2' title="bbox 410 676 1396 766; baseline 0.006 -27"><span class='ocrx_word' id='word_1_5' title='bbox 410 677 477 739; x_wconf 84' lang='lat' dir='ltr'><strong>Aut</strong></span> <span class='ocrx_word' id='word_1_6' title='bbox 490 676 593 756; x_wconf 87' lang='lat' dir='ltr'><strong>Atho,</strong></span> <span class='ocrx_word' id='word_1_7' title='bbox 611 692 668 739; x_wconf 91' lang='lat' dir='ltr'><strong>aut</strong></span> <span class='ocrx_word' id='word_1_8' title='bbox 684 677 865 766; x_wconf 84' lang='lat' dir='ltr'>Rhodopen</span> <span class='ocrx_word' id='word_1_9' title='bbox 875 704 886 759; x_wconf 88' lang='lat'><strong>;·</strong></span> <span class='ocrx_word' id='word_1_10' title='bbox 901 697 1019 744; x_wconf 71' lang='lat' dir='ltr'><strong>moestae</strong></span> <span class='ocrx_word' id='word_1_11' title='bbox 1035 703 1167 744; x_wconf 92' lang='lat' dir='ltr'><strong>nemora</strong></span> <span class='ocrx_word' id='word_1_12' title='bbox 1184 679 1284 744; x_wconf 87' lang='lat' dir='ltr'><strong>ardua</strong></span> <span class='ocrx_word' id='word_1_13' title='bbox 1302 681 1396 764; x_wconf 67' lang='lat' dir='ltr'><strong>Pisae,</strong></span> 
     </span>
     <span class='ocr_line' id='line_1_3' title="bbox 408 788 1427 882; baseline 0.004 -30"><span class='ocrx_word' id='word_1_14' title='bbox 408 788 558 852; x_wconf 86' lang='lat' dir='ltr'><strong>AEmulus</strong></span> <span class='ocrx_word' id='word_1_15' title='bbox 575 805 607 852; x_wconf 92' lang='lat' dir='ltr'><strong>et</strong></span> <span class='ocrx_word' id='word_1_16' title='bbox 625 790 757 853; x_wconf 91' lang='lat' dir='ltr'><strong>miseros</strong></span> <span class='ocrx_word' id='word_1_17' title='bbox 775 791 843 879; x_wconf 88' lang='lat' dir='ltr'><strong>ipse</strong></span> <span class='ocrx_word' id='word_1_18' title='bbox 860 809 967 856; x_wconf 87' lang='lat' dir='ltr'><strong>ureret</strong></span> <span class='ocrx_word' id='word_1_19' title='bbox 983 791 1083 857; x_wconf 86' lang='lat' dir='ltr'><strong>Elidis</strong></span> <span class='ocrx_word' id='word_1_20' title='bbox 1101 815 1193 882; x_wconf 84' lang='lat' dir='ltr'><strong>agros</strong></span> <span class='ocrx_word' id='word_1_21' title='bbox 1388 807 1427 858; x_wconf 77' lang='lat' dir='ltr'><strong>&#39;sss</strong></span> 
     </span>
     <span class='ocr_line' id='line_1_4' title="bbox 410 901 1122 992; baseline 0.008 -26"><span class='ocrx_word' id='word_1_22' title='bbox 410 905 477 967; x_wconf 90' lang='lat' dir='ltr'><strong>Hac</strong></span> <span class='ocrx_word' id='word_1_23' title='bbox 492 901 606 992; x_wconf 82' lang='lat' dir='ltr'><strong>pelago</strong></span> <span class='ocrx_word' id='word_1_24' title='bbox 621 904 699 969; x_wconf 91' lang='lat' dir='ltr'><strong>libat</strong></span> <span class='ocrx_word' id='word_1_25' title='bbox 715 906 839 986; x_wconf 83' lang='lat' dir='ltr'><strong>latices,</strong></span> <span class='ocrx_word' id='word_1_26' title='bbox 855 921 887 970; x_wconf 91' lang='lat' dir='ltr'><strong>et</strong></span> <span class='ocrx_word' id='word_1_27' title='bbox 901 907 1017 971; x_wconf 79' lang='lat' dir='ltr'><strong>talibus</strong></span> <span class='ocrx_word' id='word_1_28' title='bbox 1032 906 1122 972; x_wconf 87' lang='lat' dir='ltr'><strong>infit:</strong></span> 
     </span>
     <span class='ocr_line' id='line_1_5' title="bbox 408 1018 1223 1108; baseline 0.009 -28"><span class='ocrx_word' id='word_1_29' title='bbox 408 1018 488 1097; x_wconf 76' lang='lat' dir='ltr'><strong>«Di,</strong></span> <span class='ocrx_word' id='word_1_30' title='bbox 506 1018 624 1105; x_wconf 91' lang='lat' dir='ltr'><strong>quibus</strong></span> <span class='ocrx_word' id='word_1_31' title='bbox 640 1018 801 1084; x_wconf 89' lang='lat' dir='ltr'><strong>undarum</strong></span> <span class='ocrx_word' id='word_1_32' title='bbox 819 1021 1079 1108; x_wconf 84' lang='lat' dir='ltr'><strong>tempestatisque</strong></span> <span class='ocrx_word' id='word_1_33' title='bbox 1098 1043 1223 1088; x_wconf 82' lang='lat' dir='ltr'><strong>sonorae</strong></span> 
     </span>
    </p>

    <p class='ocr_par' dir='ltr' id='par_1_3' title="bbox 381 1133 1426 1446">
     <span class='ocr_line' id='line_1_6' title="bbox 381 1133 1206 1224; baseline 0.007 -30"><span class='ocrx_word' id='word_1_34' title='bbox 381 1187 384 1194; x_wconf 29' lang='lat'><strong>⁴</strong></span> <span class='ocrx_word' id='word_1_35' title='bbox 408 1133 601 1220; x_wconf 83' lang='lat' dir='ltr'>Imperium,</span> <span class='ocrx_word' id='word_1_36' title='bbox 618 1149 650 1196; x_wconf 93' lang='lat' dir='ltr'><strong>et</strong></span> <span class='ocrx_word' id='word_1_37' title='bbox 666 1156 783 1222; x_wconf 82' lang='lat' dir='ltr'><strong>magno</strong></span> <span class='ocrx_word' id='word_1_38' title='bbox 798 1135 926 1222; x_wconf 90' lang='lat' dir='ltr'><strong>penitus</strong></span> <span class='ocrx_word' id='word_1_39' title='bbox 942 1157 1000 1223; x_wconf 88' lang='lat' dir='ltr'><strong>par</strong></span> <span class='ocrx_word' id='word_1_40' title='bbox 1013 1137 1099 1224; x_wconf 84' lang='lat' dir='ltr'><strong>regia</strong></span> <span class='ocrx_word' id='word_1_41' title='bbox 1115 1138 1206 1217; x_wconf 82' lang='lat' dir='ltr'><strong>caelo,</strong></span> 
     </span>
     <span class='ocr_line' id='line_1_7' title="bbox 409 1246 1294 1336; baseline 0.009 -28"><span class='ocrx_word' id='word_1_42' title='bbox 409 1247 539 1334; x_wconf 87' lang='lat' dir='ltr'><strong>Tuque,</strong></span> <span class='ocrx_word' id='word_1_43' title='bbox 555 1247 674 1311; x_wconf 86' lang='lat' dir='ltr'><strong>fretum</strong></span> <span class='ocrx_word' id='word_1_44' title='bbox 690 1246 861 1336; x_wconf 83' lang='lat' dir='ltr'><strong>dirosque,</strong></span> <span class='ocrx_word' id='word_1_45' title='bbox 877 1264 984 1336; x_wconf 88' lang='lat' dir='ltr'><strong>pater,</strong></span> <span class='ocrx_word' id='word_1_46' title='bbox 998 1251 1109 1313; x_wconf 87' lang='lat' dir='ltr'><strong>sortite</strong></span> <span class='ocrx_word' id='word_1_47' title='bbox 1124 1250 1294 1334; x_wconf 82' lang='lat' dir='ltr'><strong>biformes,</strong></span> 
     </span>
     <span class='ocr_line' id='line_1_8' title="bbox 409 1361 1426 1446; baseline 0.004 -22"><span class='ocrx_word' id='word_1_48' title='bbox 409 1361 472 1426; x_wconf 90' lang='lat' dir='ltr'><strong>Seu</strong></span> <span class='ocrx_word' id='word_1_49' title='bbox 491 1383 582 1426; x_wconf 89' lang='lat' dir='ltr'><strong>casus</strong></span> <span class='ocrx_word' id='word_1_50' title='bbox 600 1385 665 1426; x_wconf 83' lang='lat' dir='ltr'><strong>nox</strong></span> <span class='ocrx_word' id='word_1_51' title='bbox 682 1363 741 1426; x_wconf 85' lang='lat' dir='ltr'><strong>ista</strong></span> <span class='ocrx_word' id='word_1_52' title='bbox 755 1362 832 1444; x_wconf 83' lang='lat' dir='ltr'><strong>fuit,</strong></span> <span class='ocrx_word' id='word_1_53' title='bbox 851 1385 909 1428; x_wconf 90' lang='lat' dir='ltr'><strong>seu</strong></span> <span class='ocrx_word' id='word_1_54' title='bbox 925 1364 1065 1428; x_wconf 82' lang='lat' dir='ltr'><strong>volvitur</strong></span> <span class='ocrx_word' id='word_1_55' title='bbox 1081 1365 1164 1446; x_wconf 80' lang='lat' dir='ltr'><strong>axis,</strong></span> <span class='ocrx_word' id='word_1_56' title='bbox 1386 1390 1426 1442; x_wconf 74' lang='lat'><strong>⁶7·</strong></span> 
     </span>
    </p>
   </div>
   <div class='ocr_carea' id='block_1_3' title="bbox 408 1476 1278 1682">
    <p class='ocr_par' dir='ltr' id='par_1_4' title="bbox 408 1476 1278 1682">
     <span class='ocr_line' id='line_1_9' title="bbox 409 1476 1228 1568; baseline 0.007 -30"><span class='ocrx_word' id='word_1_57' title='bbox 409 1476 453 1538; x_wconf 89' lang='lat' dir='ltr'><strong>Ut</strong></span> <span class='ocrx_word' id='word_1_58' title='bbox 468 1497 622 1564; x_wconf 91' lang='lat' dir='ltr'><strong>superum</strong></span> <span class='ocrx_word' id='word_1_59' title='bbox 639 1476 685 1540; x_wconf 91' lang='lat' dir='ltr'><strong>sie</strong></span> <span class='ocrx_word' id='word_1_60' title='bbox 703 1493 800 1568; x_wconf 84' lang='lat' dir='ltr'><strong>staret</strong></span> <span class='ocrx_word' id='word_1_61' title='bbox 815 1501 916 1565; x_wconf 81' lang='lat' dir='ltr'><strong>opus3</strong></span> <span class='ocrx_word' id='word_1_62' title='bbox 936 1479 1070 1566; x_wconf 89' lang='lat' dir='ltr'><strong>tollique</strong></span> <span class='ocrx_word' id='word_1_63' title='bbox 1088 1481 1228 1544; x_wconf 86' lang='lat' dir='ltr'><strong>vicissim</strong></span> 
     </span>
     <span class='ocr_line' id='line_1_10' title="bbox 408 1586 1278 1682; baseline 0.009 -32"><span class='ocrx_word' id='word_1_64' title='bbox 408 1586 531 1651; x_wconf 89' lang='lat' dir='ltr'><strong>Pontus</strong></span> <span class='ocrx_word' id='word_1_65' title='bbox 549 1588 663 1670; x_wconf 80' lang='lat' dir='ltr'><strong>habet3</strong></span> <span class='ocrx_word' id='word_1_66' title='bbox 682 1613 740 1653; x_wconf 87' lang='lat' dir='ltr'><strong>seu</strong></span> <span class='ocrx_word' id='word_1_67' title='bbox 756 1605 788 1654; x_wconf 88' lang='lat' dir='ltr'><strong>te</strong></span> <span class='ocrx_word' id='word_1_68' title='bbox 805 1590 918 1655; x_wconf 82' lang='lat' dir='ltr'><strong>subitae</strong></span> <span class='ocrx_word' id='word_1_69' title='bbox 937 1614 1020 1656; x_wconf 80' lang='lat' dir='ltr'><strong>nova</strong></span> <span class='ocrx_word' id='word_1_70' title='bbox 1035 1593 1153 1681; x_wconf 88' lang='lat' dir='ltr'><strong>puppis</strong></span> <span class='ocrx_word' id='word_1_71' title='bbox 1172 1595 1278 1682; x_wconf 80' lang='lat' dir='ltr'><strong>imago</strong></span> 
     </span>
    </p>
   </div>
   <div class='ocr_carea' id='block_1_4' title="bbox 407 1704 1425 2014">
    <p class='ocr_par' dir='ltr' id='par_1_5' title="bbox 407 1704 1425 2014">
     <span class='ocr_line' id='line_1_11' title="bbox 407 1704 1359 1798; baseline 0.008 -33"><span class='ocrx_word' id='word_1_72' title='bbox 407 1705 647 1792; x_wconf 84' lang='lat' dir='ltr'><strong>Armorumque</strong></span> <span class='ocrx_word' id='word_1_73' title='bbox 660 1704 898 1794; x_wconf 83' lang='lat' dir='ltr'><strong>hominumque</strong></span> <span class='ocrx_word' id='word_1_74' title='bbox 913 1721 1018 1770; x_wconf 90' lang='lat' dir='ltr'><strong>truces</strong></span> <span class='ocrx_word' id='word_1_75' title='bbox 1036 1729 1230 1798; x_wconf 84' lang='lat' dir='ltr'><strong>consurgere</strong></span> <span class='ocrx_word' id='word_1_76' title='bbox 1246 1710 1280 1773; x_wconf 92' lang='lat' dir='ltr'><strong>in</strong></span> <span class='ocrx_word' id='word_1_77' title='bbox 1298 1711 1359 1774; x_wconf 88' lang='lat' dir='ltr'><strong>iras</strong></span> 
     </span>
     <span class='ocr_line' id='line_1_12' title="bbox 409 1817 1303 1904; baseline 0.01 -26"><span class='ocrx_word' id='word_1_78' title='bbox 409 1817 557 1903; x_wconf 85' lang='lat' dir='ltr'><strong>Impulit,</strong></span> <span class='ocrx_word' id='word_1_79' title='bbox 572 1817 641 1881; x_wconf 78' lang='lat' dir='ltr'><strong>haec</strong></span> <span class='ocrx_word' id='word_1_80' title='bbox 656 1818 771 1882; x_wconf 88' lang='lat' dir='ltr'><strong>luerim</strong></span> <span class='ocrx_word' id='word_1_81' title='bbox 786 1820 876 1900; x_wconf 86' lang='lat' dir='ltr'><strong>satis,</strong></span> <span class='ocrx_word' id='word_1_82' title='bbox 892 1835 925 1882; x_wconf 89' lang='lat' dir='ltr'><strong>et</strong></span> <span class='ocrx_word' id='word_1_83' title='bbox 940 1835 996 1884; x_wconf 84' lang='lat' dir='ltr'><strong>tua</strong></span> <span class='ocrx_word' id='word_1_84' title='bbox 1013 1821 1163 1901; x_wconf 87' lang='lat' dir='ltr'><strong>numina,</strong></span> <span class='ocrx_word' id='word_1_85' title='bbox 1182 1839 1303 1904; x_wconf 79' lang='lat' dir='ltr'><strong>recten,</strong></span> 
     </span>
     <span class='ocr_line' id='line_1_13' title="bbox 408 1930 1425 2014; baseline 0.003 -20"><span class='ocrx_word' id='word_1_86' title='bbox 408 1932 477 1994; x_wconf 80' lang='lat' dir='ltr'><strong>lam</strong></span> <span class='ocrx_word' id='word_1_87' title='bbox 494 1930 616 1996; x_wconf 83' lang='lat' dir='ltr'><strong>fuerint</strong></span> <span class='ocrx_word' id='word_1_88' title='bbox 633 1933 765 1998; x_wconf 88' lang='lat' dir='ltr'><strong>meliora</strong></span> <span class='ocrx_word' id='word_1_89' title='bbox 781 1932 878 2014; x_wconf 83' lang='lat' dir='ltr'><strong>mihi3</strong></span> <span class='ocrx_word' id='word_1_90' title='bbox 896 1932 936 1997; x_wconf 92' lang='lat' dir='ltr'><strong>da</strong></span> <span class='ocrx_word' id='word_1_91' title='bbox 955 1932 1089 1998; x_wconf 87' lang='lat' dir='ltr'><strong>reddere</strong></span> <span class='ocrx_word' id='word_1_92' title='bbox 1107 1936 1199 1999; x_wconf 90' lang='lat' dir='ltr'><strong>terris</strong></span> <span class='ocrx_word' id='word_1_93' title='bbox 1386 1959 1425 2012; x_wconf 71' lang='lat'><strong>⁶7⁵</strong></span> 
     </span>
    </p>
   </div>
   <div class='ocr_carea' id='block_1_5' title="bbox 363 2138 1426 2282">
    <p class='ocr_par' dir='ltr' id='par_1_6' title="bbox 363 2138 1426 2282">
     <span class='ocr_line' id='line_1_14' title="bbox 395 2138 1426 2206; baseline 0.004 -20"><span class='ocrx_word' id='word_1_94' title='bbox 395 2141 449 2200; x_wconf 79' lang='lat'><strong>671.</strong></span> <span class='ocrx_word' id='word_1_95' title='bbox 461 2142 537 2186; x_wconf 82' lang='lat' dir='ltr'><strong>Locus</strong></span> <span class='ocrx_word' id='word_1_96' title='bbox 551 2149 687 2202; x_wconf 80' lang='lat' dir='ltr'><strong>corruptus,</strong></span> <span class='ocrx_word' id='word_1_97' title='bbox 702 2138 735 2185; x_wconf 81' lang='lat' dir='ltr'><strong>tlc</strong></span> <span class='ocrx_word' id='word_1_98' title='bbox 746 2138 825 2185; x_wconf 77' lang='lat' dir='ltr'><strong>forsan</strong></span> <span class='ocrx_word' id='word_1_99' title='bbox 836 2138 1005 2186; x_wconf 78' lang='lat' dir='ltr'><strong>restituendus:</strong></span> <span class='ocrx_word' id='word_1_100' title='bbox 1015 2155 1069 2195; x_wconf 80' lang='lat' dir='ltr'><strong>eeu,</strong></span> <span class='ocrx_word' id='word_1_101' title='bbox 1082 2139 1182 2186; x_wconf 73' lang='lat' dir='ltr'><strong>volvitur</strong></span> <span class='ocrx_word' id='word_1_102' title='bbox 1195 2143 1250 2188; x_wconf 72' lang='lat' dir='ltr'><strong>raia</strong></span> <span class='ocrx_word' id='word_1_103' title='bbox 1266 2145 1294 2189; x_wconf 84' lang='lat' dir='ltr'><strong>Ut</strong></span> <span class='ocrx_word' id='word_1_104' title='bbox 1306 2159 1426 2206; x_wconf 74' lang='lat' dir='ltr'><strong>auperm,</strong></span> 
     </span>
     <span class='ocr_line' id='line_1_15' title="bbox 363 2217 1006 2282; baseline -0.002 -17"><span class='ocrx_word' id='word_1_105' title='bbox 363 2221 395 2265; x_wconf 79' lang='lat' dir='ltr'><strong>sie</strong></span> <span class='ocrx_word' id='word_1_106' title='bbox 402 2230 461 2265; x_wconf 80' lang='lat' dir='ltr'><strong>stare</strong></span> <span class='ocrx_word' id='word_1_107' title='bbox 469 2229 493 2264; x_wconf 75' lang='lat' dir='ltr'><strong>at</strong></span> <span class='ocrx_word' id='word_1_108' title='bbox 504 2234 560 2282; x_wconf 79' lang='lat' dir='ltr'><strong>opus</strong></span> <span class='ocrx_word' id='word_1_109' title='bbox 568 2217 664 2280; x_wconf 72' lang='lat' dir='ltr'><strong>tollique</strong></span> <span class='ocrx_word' id='word_1_110' title='bbox 673 2219 773 2264; x_wconf 60' lang='lat' dir='ltr'><strong>etanta</strong></span> <span class='ocrx_word' id='word_1_111' title='bbox 783 2217 869 2264; x_wconf 75' lang='lat' dir='ltr'><strong>Pontus</strong></span> <span class='ocrx_word' id='word_1_112' title='bbox 877 2217 948 2264; x_wconf 76' lang='lat' dir='ltr'><strong>labet.</strong></span> <span class='ocrx_word' id='word_1_113' title='bbox 963 2219 1006 2264; x_wconf 82' lang='lat' dir='ltr'><strong>En.</strong></span> 
     </span>
    </p>
   </div>
   <div class='ocr_carea' id='block_1_6' title="bbox 338 2397 1426 3184">
    <p class='ocr_par' dir='ltr' id='par_1_7' title="bbox 338 2397 1426 3184">
     <span class='ocr_line' id='line_1_16' title="bbox 365 2397 1425 2472; baseline 0.005 -22"><span class='ocrx_word' id='word_1_114' title='bbox 365 2401 440 2472; x_wconf 80' lang='lat' dir='ltr'><strong>virg.</strong></span> <span class='ocrx_word' id='word_1_115' title='bbox 452 2399 548 2471; x_wconf 82' lang='lat' dir='ltr'><strong>Georg.</strong></span> <span class='ocrx_word' id='word_1_116' title='bbox 559 2401 589 2463; x_wconf 86' lang='lat'><strong>1,</strong></span> <span class='ocrx_word' id='word_1_117' title='bbox 604 2399 670 2462; x_wconf 72' lang='lat'><strong>332,</strong></span> <span class='ocrx_word' id='word_1_118' title='bbox 684 2397 730 2450; x_wconf 88' lang='lat' dir='ltr'><strong>ubi</strong></span> <span class='ocrx_word' id='word_1_119' title='bbox 745 2410 771 2451; x_wconf 90' lang='lat' dir='ltr'><strong>et</strong></span> <span class='ocrx_word' id='word_1_120' title='bbox 784 2397 867 2451; x_wconf 78' lang='lat' dir='ltr'><strong>Athon</strong></span> <span class='ocrx_word' id='word_1_121' title='bbox 910 2411 1089 2470; x_wconf 76' lang='lat' dir='ltr'><strong>tempestatem</strong></span> <span class='ocrx_word' id='word_1_122' title='bbox 1097 2400 1187 2453; x_wconf 86' lang='lat' dir='ltr'><strong>intulit</strong></span> <span class='ocrx_word' id='word_1_123' title='bbox 1193 2400 1256 2470; x_wconf 87' lang='lat' dir='ltr'><strong>(hoe</strong></span> <span class='ocrx_word' id='word_1_124' title='bbox 1262 2400 1358 2465; x_wconf 81' lang='lat' dir='ltr'><strong>facile,</strong></span> <span class='ocrx_word' id='word_1_125' title='bbox 1368 2421 1425 2455; x_wconf 88' lang='lat' dir='ltr'><strong>non</strong></span> 
     </span>
     <span class='ocr_line' id='line_1_17' title="bbox 362 2477 1426 2552; baseline 0.002 -20"><span class='ocrx_word' id='word_1_126' title='bbox 362 2493 388 2532; x_wconf 88' lang='lat' dir='ltr'><strong>et</strong></span> <span class='ocrx_word' id='word_1_127' title='bbox 397 2479 522 2552; x_wconf 84' lang='lat' dir='ltr'><strong>Rhodope</strong></span> <span class='ocrx_word' id='word_1_128' title='bbox 532 2478 622 2532; x_wconf 89' lang='lat' dir='ltr'><strong>itidem</strong></span> <span class='ocrx_word' id='word_1_129' title='bbox 632 2478 787 2550; x_wconf 74' lang='lat' dir='ltr'><strong>junguntur.</strong></span> <span class='ocrx_word' id='word_1_130' title='bbox 802 2477 867 2531; x_wconf 84' lang='lat' dir='ltr'><strong>Aliis</strong></span> <span class='ocrx_word' id='word_1_131' title='bbox 879 2516 882 2523; x_wconf 86' lang='lat'>-</span> <span class='ocrx_word' id='word_1_132' title='bbox 910 2479 990 2541; x_wconf 86' lang='lat' dir='ltr'><strong>item,</strong></span> <span class='ocrx_word' id='word_1_133' title='bbox 1009 2496 1067 2548; x_wconf 73' lang='lat' dir='ltr'><strong>quc</strong></span> <span class='ocrx_word' id='word_1_134' title='bbox 1084 2491 1230 2550; x_wconf 83' lang='lat' dir='ltr'><strong>sequuntur</strong></span> <span class='ocrx_word' id='word_1_135' title='bbox 1240 2482 1267 2548; x_wconf 87' lang='lat'><strong>)‚</strong></span> <span class='ocrx_word' id='word_1_136' title='bbox 1290 2501 1332 2532; x_wconf 81' lang='lat' dir='ltr'><strong>seu</strong></span> <span class='ocrx_word' id='word_1_137' title='bbox 1347 2486 1426 2534; x_wconf 77' lang='lat' dir='ltr'><strong>volvi-</strong></span> 
     </span>
     <span class='ocr_line' id='line_1_18' title="bbox 364 2557 1425 2631; baseline 0 -19"><span class='ocrx_word' id='word_1_138' title='bbox 364 2573 452 2612; x_wconf 86' lang='lat' dir='ltr'><strong>tamen</strong></span> <span class='ocrx_word' id='word_1_139' title='bbox 463 2561 525 2612; x_wconf 89' lang='lat' dir='ltr'><strong>locis</strong></span> <span class='ocrx_word' id='word_1_140' title='bbox 534 2557 649 2631; x_wconf 85' lang='lat' dir='ltr'><strong>priorem</strong></span> <span class='ocrx_word' id='word_1_141' title='bbox 662 2557 788 2629; x_wconf 82' lang='lat' dir='ltr'><strong>syllabam</strong></span> <span class='ocrx_word' id='word_1_142' title='bbox 801 2576 868 2610; x_wconf 88' lang='lat' dir='ltr'><strong>sern-</strong></span> <span class='ocrx_word' id='word_1_143' title='bbox 911 2572 950 2610; x_wconf 82' lang='lat' dir='ltr'><strong>mr</strong></span> <span class='ocrx_word' id='word_1_144' title='bbox 962 2563 1033 2620; x_wconf 65' lang='lat' dir='ltr'><strong>areis,</strong></span> <span class='ocrx_word' id='word_1_145' title='bbox 1048 2574 1075 2610; x_wconf 83' lang='lat' dir='ltr'><strong>ut</strong></span> <span class='ocrx_word' id='word_1_146' title='bbox 1091 2579 1201 2627; x_wconf 82' lang='lat' dir='ltr'><strong>superum</strong></span> <span class='ocrx_word' id='word_1_147' title='bbox 1219 2563 1255 2610; x_wconf 78' lang='lat' dir='ltr'><strong>sic</strong></span> <span class='ocrx_word' id='word_1_148' title='bbox 1274 2575 1349 2611; x_wconf 79' lang='lat' dir='ltr'><strong>staret</strong></span> <span class='ocrx_word' id='word_1_149' title='bbox 1364 2580 1425 2628; x_wconf 77' lang='lat' dir='ltr'><strong>opus</strong></span> 
     </span>
     <span class='ocr_line' id='line_1_19' title="bbox 362 2634 1422 2711; baseline 0.001 -19"><span class='ocrx_word' id='word_1_150' title='bbox 362 2659 410 2711; x_wconf 90' lang='lat' dir='ltr'><strong>per</strong></span> <span class='ocrx_word' id='word_1_151' title='bbox 421 2639 528 2710; x_wconf 86' lang='lat' dir='ltr'><strong>corripit</strong></span> <span class='ocrx_word' id='word_1_152' title='bbox 540 2639 643 2690; x_wconf 84' lang='lat' dir='ltr'><strong>Noster.</strong></span> <span class='ocrx_word' id='word_1_153' title='bbox 659 2634 759 2701; x_wconf 87' lang='lat' dir='ltr'><strong>Quidni</strong></span> <span class='ocrx_word' id='word_1_154' title='bbox 768 2655 830 2689; x_wconf 80' lang='lat' dir='ltr'><strong>vero</strong></span> <span class='ocrx_word' id='word_1_155' title='bbox 844 2649 869 2690; x_wconf 90' lang='lat' dir='ltr'><strong>et</strong></span> <span class='ocrx_word' id='word_1_156' title='bbox 913 2640 952 2704; x_wconf 86' lang='lat' dir='ltr'><strong>(et</strong></span> <span class='ocrx_word' id='word_1_157' title='bbox 967 2638 1019 2690; x_wconf 91' lang='lat' dir='ltr'><strong>hoc</strong></span> <span class='ocrx_word' id='word_1_158' title='bbox 1035 2639 1145 2690; x_wconf 81' lang='lat' dir='ltr'><strong>fortasse</strong></span> <span class='ocrx_word' id='word_1_159' title='bbox 1158 2639 1254 2709; x_wconf 85' lang='lat' dir='ltr'><strong>exponi</strong></span> <span class='ocrx_word' id='word_1_160' title='bbox 1270 2639 1308 2691; x_wconf 83' lang='lat' dir='ltr'><strong>sic</strong></span> <span class='ocrx_word' id='word_1_161' title='bbox 1320 2640 1422 2710; x_wconf 84' lang='lat' dir='ltr'><strong>possit:</strong></span> 
     </span>
     <span class='ocr_line' id='line_1_20' title="bbox 362 2715 1424 2798; baseline 0.004 -30"><span class='ocrx_word' id='word_1_162' title='bbox 362 2717 521 2776; x_wconf 82' lang='lat' dir='ltr'><strong>hicbrevem</strong></span> <span class='ocrx_word' id='word_1_163' title='bbox 530 2715 868 2798; x_wconf 74' lang='lat' dir='ltr'><strong>syllabmntumiliceut‚si</strong></span> <span class='ocrx_word' id='word_1_164' title='bbox 913 2717 971 2770; x_wconf 81' lang='lat' dir='ltr'><strong>fieri</strong></span> <span class='ocrx_word' id='word_1_165' title='bbox 986 2717 1086 2788; x_wconf 89' lang='lat' dir='ltr'><strong>potuit,</strong></span> <span class='ocrx_word' id='word_1_166' title='bbox 1103 2729 1134 2770; x_wconf 87' lang='lat' dir='ltr'><strong>ut</strong></span> <span class='ocrx_word' id='word_1_167' title='bbox 1148 2729 1222 2770; x_wconf 75' lang='lat' dir='ltr'><strong>terres</strong></span> <span class='ocrx_word' id='word_1_168' title='bbox 1237 2729 1311 2770; x_wconf 90' lang='lat' dir='ltr'><strong>motu</strong></span> <span class='ocrx_word' id='word_1_169' title='bbox 1326 2735 1424 2772; x_wconf 84' lang='lat' dir='ltr'><strong>concu-</strong></span> 
     </span>
     <span class='ocr_line' id='line_1_21' title="bbox 364 2793 1423 2868; baseline 0.001 -21"><span class='ocrx_word' id='word_1_170' title='bbox 364 2796 484 2849; x_wconf 87' lang='lat' dir='ltr'><strong>ultimam</strong></span> <span class='ocrx_word' id='word_1_171' title='bbox 493 2795 595 2848; x_wconf 87' lang='lat' dir='ltr'><strong>literam</strong></span> <span class='ocrx_word' id='word_1_172' title='bbox 603 2794 633 2846; x_wconf 89' lang='lat' dir='ltr'><strong>in</strong></span> <span class='ocrx_word' id='word_1_173' title='bbox 641 2795 697 2850; x_wconf 73' lang='lat' dir='ltr'><strong>nou</strong></span> <span class='ocrx_word' id='word_1_174' title='bbox 706 2813 760 2848; x_wconf 82' lang='lat' dir='ltr'><strong>non</strong></span> <span class='ocrx_word' id='word_1_175' title='bbox 770 2793 868 2858; x_wconf 80' lang='lat' dir='ltr'><strong>elidas,</strong></span> <span class='ocrx_word' id='word_1_176' title='bbox 913 2795 1017 2849; x_wconf 83' lang='lat' dir='ltr'><strong>tiendus</strong></span> <span class='ocrx_word' id='word_1_177' title='bbox 1031 2807 1097 2849; x_wconf 81' lang='lat' dir='ltr'><strong>esset</strong></span> <span class='ocrx_word' id='word_1_178' title='bbox 1109 2797 1197 2860; x_wconf 84' lang='lat' dir='ltr'><strong>orbis,</strong></span> <span class='ocrx_word' id='word_1_179' title='bbox 1212 2809 1240 2849; x_wconf 90' lang='lat' dir='ltr'><strong>ut</strong></span> <span class='ocrx_word' id='word_1_180' title='bbox 1254 2797 1349 2868; x_wconf 66' lang='lat' dir='ltr'><strong>equali</strong></span> <span class='ocrx_word' id='word_1_181' title='bbox 1360 2797 1423 2849; x_wconf 83' lang='lat' dir='ltr'><strong>ubi-</strong></span> 
     </span>
     <span class='ocr_line' id='line_1_22' title="bbox 365 2873 1425 2948; baseline 0.002 -22"><span class='ocrx_word' id='word_1_182' title='bbox 365 2873 411 2927; x_wconf 80' lang='lat' dir='ltr'><strong>sed</strong></span> <span class='ocrx_word' id='word_1_183' title='bbox 424 2894 509 2947; x_wconf 75' lang='lat' dir='ltr'><strong>graeco</strong></span> <span class='ocrx_word' id='word_1_184' title='bbox 522 2893 596 2928; x_wconf 89' lang='lat' dir='ltr'><strong>more</strong></span> <span class='ocrx_word' id='word_1_185' title='bbox 610 2875 645 2926; x_wconf 92' lang='lat' dir='ltr'><strong>ob</strong></span> <span class='ocrx_word' id='word_1_186' title='bbox 661 2885 811 2945; x_wconf 88' lang='lat' dir='ltr'><strong>sequentem</strong></span> <span class='ocrx_word' id='word_1_187' title='bbox 824 2893 870 2928; x_wconf 79' lang='lat' dir='ltr'><strong>vc·</strong></span> <span class='ocrx_word' id='word_1_188' title='bbox 914 2895 965 2948; x_wconf 87' lang='lat' dir='ltr'><strong>que</strong></span> <span class='ocrx_word' id='word_1_189' title='bbox 973 2874 1089 2946; x_wconf 88' lang='lat' dir='ltr'><strong>pondere</strong></span> <span class='ocrx_word' id='word_1_190' title='bbox 1098 2875 1266 2944; x_wconf 66' lang='lat' dir='ltr'><strong>libaretur),</strong></span> <span class='ocrx_word' id='word_1_191' title='bbox 1277 2880 1375 2943; x_wconf 79' lang='lat' dir='ltr'><strong>tollique</strong></span> <span class='ocrx_word' id='word_1_192' title='bbox 1385 2879 1425 2928; x_wconf 79' lang='lat' dir='ltr'><strong>vi-</strong></span> 
     </span>
     <span class='ocr_line' id='line_1_23' title="bbox 365 2951 1422 3026; baseline -0.002 -16"><span class='ocrx_word' id='word_1_193' title='bbox 365 2955 449 3010; x_wconf 81' lang='lat' dir='ltr'><strong>cclem</strong></span> <span class='ocrx_word' id='word_1_194' title='bbox 474 2953 635 3026; x_wconf 80' lang='lat' dir='ltr'><strong>corripiasi&#39;)</strong></span> <span class='ocrx_word' id='word_1_195' title='bbox 658 2969 702 3004; x_wconf 86' lang='lat' dir='ltr'><strong>aut</strong></span> <span class='ocrx_word' id='word_1_196' title='bbox 720 2957 868 3023; x_wconf 74' lang='lat' dir='ltr'><strong>Rhodopen,</strong></span> <span class='ocrx_word' id='word_1_197' title='bbox 914 2959 994 3008; x_wconf 79' lang='lat' dir='ltr'><strong>cissr&#39;m</strong></span> <span class='ocrx_word' id='word_1_198' title='bbox 1006 2969 1096 3024; x_wconf 82' lang='lat' dir='ltr'><strong>pontus</strong></span> <span class='ocrx_word' id='word_1_199' title='bbox 1111 2959 1196 3017; x_wconf 63' lang='lat' dir='ltr'><strong>laben</strong></span> <span class='ocrx_word' id='word_1_200' title='bbox 1207 2951 1324 3009; x_wconf 82' lang='lat' dir='ltr'><strong>hisvero</strong></span> <span class='ocrx_word' id='word_1_201' title='bbox 1338 2955 1422 3008; x_wconf 66' lang='lat' dir='ltr'><strong>haret</strong></span> 
     </span>
     <span class='ocr_line' id='line_1_24' title="bbox 338 3034 1421 3105; baseline 0.002 -19"><span class='ocrx_word' id='word_1_202' title='bbox 338 3045 339 3048; x_wconf 78' lang='grc'>’</span> <span class='ocrx_word' id='word_1_203' title='bbox 366 3035 404 3087; x_wconf 83' lang='lat' dir='ltr'><strong>sic</strong></span> <span class='ocrx_word' id='word_1_204' title='bbox 426 3035 597 3098; x_wconf 80' lang='lat' dir='ltr'><strong>Salmoneus,</strong></span> <span class='ocrx_word' id='word_1_205' title='bbox 620 3037 685 3087; x_wconf 77' lang='lat' dir='ltr'><strong>lovis</strong></span> <span class='ocrx_word' id='word_1_206' title='bbox 708 3037 821 3094; x_wconf 71' lang='lat' dir='ltr'><strong>amedu,</strong></span> <span class='ocrx_word' id='word_1_207' title='bbox 842 3034 869 3085; x_wconf 93' lang='lat' dir='ltr'><strong>in</strong></span> <span class='ocrx_word' id='word_1_208' title='bbox 915 3052 1002 3105; x_wconf 78' lang='lat' dir='ltr'><strong>aqua,</strong></span> <span class='ocrx_word' id='word_1_209' title='bbox 1019 3053 1082 3087; x_wconf 76' lang='lat' dir='ltr'><strong>nam</strong></span> <span class='ocrx_word' id='word_1_210' title='bbox 1097 3038 1205 3086; x_wconf 53' lang='lat' dir='ltr'><strong>vicissim</strong></span> <span class='ocrx_word' id='word_1_211' title='bbox 1221 3053 1275 3105; x_wconf 89' lang='lat' dir='ltr'><strong>qno</strong></span> <span class='ocrx_word' id='word_1_212' title='bbox 1290 3035 1421 3098; x_wconf 67' lang='lat' dir='ltr'><strong>referam,</strong></span> 
     </span>
     <span class='ocr_line' id='line_1_25' title="bbox 365 3114 1422 3184; baseline 0.001 -18"><span class='ocrx_word' id='word_1_213' title='bbox 365 3135 424 3168; x_wconf 82' lang='lat' dir='ltr'><strong>suas</strong></span> <span class='ocrx_word' id='word_1_214' title='bbox 434 3127 516 3168; x_wconf 82' lang='lat' dir='ltr'><strong>terras</strong></span> <span class='ocrx_word' id='word_1_215' title='bbox 526 3115 641 3176; x_wconf 71' lang='lat' dir='ltr'><strong>seruet,</strong></span> <span class='ocrx_word' id='word_1_216' title='bbox 650 3116 731 3164; x_wconf 81' lang='lat' dir='ltr'><strong>ardua</strong></span> <span class='ocrx_word' id='word_1_217' title='bbox 743 3116 806 3163; x_wconf 78' lang='lat' dir='ltr'><strong>Pisce</strong></span> <span class='ocrx_word' id='word_1_218' title='bbox 814 3117 871 3183; x_wconf 83' lang='lat' dir='ltr'><strong>(per</strong></span> <span class='ocrx_word' id='word_1_219' title='bbox 914 3131 969 3166; x_wconf 89' lang='lat' dir='ltr'><strong>non</strong></span> <span class='ocrx_word' id='word_1_220' title='bbox 983 3114 1100 3184; x_wconf 87' lang='lat' dir='ltr'><strong>reperio,</strong></span> <span class='ocrx_word' id='word_1_221' title='bbox 1118 3133 1167 3166; x_wconf 87' lang='lat' dir='ltr'><strong>nec</strong></span> <span class='ocrx_word' id='word_1_222' title='bbox 1184 3121 1212 3168; x_wconf 80' lang='grc' dir='ltr'><strong>τὸ</strong></span> <span class='ocrx_word' id='word_1_223' title='bbox 1228 3117 1299 3166; x_wconf 79' lang='lat' dir='ltr'><strong>tabet</strong></span> <span class='ocrx_word' id='word_1_224' title='bbox 1314 3133 1422 3167; x_wconf 79' lang='lat' dir='ltr'><strong>sentum</strong></span> 
     </span>
    </p>
   </div>
   <div class='ocr_carea' id='block_1_7' title="bbox 364 3191 1523 3267">
    <p class='ocr_par' dir='ltr' id='par_1_8' title="bbox 364 3191 1523 3267">
     <span class='ocr_line' id='line_1_26' title="bbox 364 3191 1523 3267; baseline -0.002 -21"><span class='ocrx_word' id='word_1_225' title='bbox 364 3195 507 3267; x_wconf 87' lang='lat' dir='ltr'><strong>prolepsin)</strong></span> <span class='ocrx_word' id='word_1_226' title='bbox 527 3212 627 3246; x_wconf 84' lang='lat' dir='ltr'><strong>nemora</strong></span> <span class='ocrx_word' id='word_1_227' title='bbox 642 3207 667 3242; x_wconf 85' lang='lat' dir='ltr'><strong>et</strong></span> <span class='ocrx_word' id='word_1_228' title='bbox 679 3195 773 3251; x_wconf 84' lang='lat' dir='ltr'><strong>Elidis,</strong></span> <span class='ocrx_word' id='word_1_229' title='bbox 797 3192 871 3263; x_wconf 79' lang='lat' dir='ltr'><strong>cujus</strong></span> <span class='ocrx_word' id='word_1_230' title='bbox 915 3191 1011 3245; x_wconf 80' lang='lat' dir='ltr'><strong>fundit.</strong></span> <span class='ocrx_word' id='word_1_231' title='bbox 1032 3191 1122 3244; x_wconf 84' lang='lat' dir='ltr'><strong>Malim</strong></span> <span class='ocrx_word' id='word_1_232' title='bbox 1143 3193 1224 3264; x_wconf 81' lang='lat' dir='ltr'><strong>igitur</strong></span> <span class='ocrx_word' id='word_1_233' title='bbox 1241 3211 1304 3246; x_wconf 86' lang='lat' dir='ltr'><strong>cum</strong></span> <span class='ocrx_word' id='word_1_234' title='bbox 1324 3197 1422 3245; x_wconf 79' lang='lat' dir='ltr'><strong>Ouden-</strong></span> <span class='ocrx_word' id='word_1_235' title='bbox 1521 3205 1523 3210; x_wconf 84' lang='grc'>’</span> 
     </span>
    </p>
   </div>
   <div class='ocr_carea' id='block_1_8' title="bbox 326 3270 1421 4374">
    <p class='ocr_par' dir='ltr' id='par_1_9' title="bbox 326 3270 1421 4374">
     <span class='ocr_line' id='line_1_27' title="bbox 365 3270 1419 3343; baseline -0.002 -17"><span class='ocrx_word' id='word_1_236' title='bbox 365 3293 411 3328; x_wconf 90' lang='lat' dir='ltr'><strong>rex</strong></span> <span class='ocrx_word' id='word_1_237' title='bbox 428 3285 500 3337; x_wconf 80' lang='lat' dir='ltr'><strong>erat,</strong></span> <span class='ocrx_word' id='word_1_238' title='bbox 517 3293 592 3342; x_wconf 74' lang='lat' dir='ltr'><strong>agros</strong></span> <span class='ocrx_word' id='word_1_239' title='bbox 609 3285 697 3323; x_wconf 82' lang='lat' dir='ltr'><strong>ureret.</strong></span> <span class='ocrx_word' id='word_1_240' title='bbox 718 3272 758 3324; x_wconf 89' lang='lat' dir='ltr'><strong>Ne</strong></span> <span class='ocrx_word' id='word_1_241' title='bbox 776 3270 871 3341; x_wconf 73' lang='lat' dir='ltr'><strong>longus</strong></span> <span class='ocrx_word' id='word_1_242' title='bbox 902 3275 997 3340; x_wconf 63' lang='lat' dir='ltr'><strong>*dorpr&#39;o</strong></span> <span class='ocrx_word' id='word_1_243' title='bbox 1009 3270 1043 3325; x_wconf 88' lang='lat' dir='ltr'><strong>ad</strong></span> <span class='ocrx_word' id='word_1_244' title='bbox 1054 3270 1172 3324; x_wconf 85' lang='lat' dir='ltr'><strong>Frontini</strong></span> <span class='ocrx_word' id='word_1_245' title='bbox 1181 3271 1245 3325; x_wconf 81' lang='lat' dir='ltr'><strong>edit.</strong></span> <span class='ocrx_word' id='word_1_246' title='bbox 1258 3291 1311 3325; x_wconf 86' lang='lat' dir='ltr'><strong>sec.</strong></span> <span class='ocrx_word' id='word_1_247' title='bbox 1326 3281 1351 3343; x_wconf 85' lang='lat' dir='ltr'><strong>p.</strong></span> <span class='ocrx_word' id='word_1_248' title='bbox 1369 3275 1419 3336; x_wconf 79' lang='lat'><strong>6⁶,</strong></span> 
     </span>
     <span class='ocr_line' id='line_1_28' title="bbox 365 3348 1420 3424; baseline -0.004 -18"><span class='ocrx_word' id='word_1_249' title='bbox 365 3353 429 3417; x_wconf 86' lang='lat' dir='ltr'><strong>sim,</strong></span> <span class='ocrx_word' id='word_1_250' title='bbox 445 3353 591 3424; x_wconf 83' lang='lat' dir='ltr'><strong>comparari</strong></span> <span class='ocrx_word' id='word_1_251' title='bbox 605 3350 684 3402; x_wconf 85' lang='lat' dir='ltr'><strong>velim</strong></span> <span class='ocrx_word' id='word_1_252' title='bbox 697 3348 793 3421; x_wconf 78' lang='lat' dir='ltr'><strong>virgil.</strong></span> <span class='ocrx_word' id='word_1_253' title='bbox 808 3353 869 3404; x_wconf 84' lang='lat' dir='ltr'><strong>AEn.</strong></span> <span class='ocrx_word' id='word_1_254' title='bbox 915 3352 958 3403; x_wconf 90' lang='lat' dir='ltr'><strong>cui</strong></span> <span class='ocrx_word' id='word_1_255' title='bbox 967 3365 992 3404; x_wconf 88' lang='lat' dir='ltr'><strong>et</strong></span> <span class='ocrx_word' id='word_1_256' title='bbox 1002 3351 1057 3404; x_wconf 88' lang='lat' dir='ltr'><strong>Cel.</strong></span> <span class='ocrx_word' id='word_1_257' title='bbox 1067 3355 1180 3414; x_wconf 69' lang='lat' dir='ltr'><strong>Bechires,</strong></span> <span class='ocrx_word' id='word_1_258' title='bbox 1196 3352 1215 3404; x_wconf 92' lang='lat' dir='ltr'><strong>l.</strong></span> <span class='ocrx_word' id='word_1_259' title='bbox 1226 3352 1245 3404; x_wconf 91' lang='lat' dir='ltr'><strong>l.</strong></span> <span class='ocrx_word' id='word_1_260' title='bbox 1257 3349 1370 3413; x_wconf 80' lang='lat' dir='ltr'><strong>accedit,</strong></span> <span class='ocrx_word' id='word_1_261' title='bbox 1381 3351 1420 3403; x_wconf 80' lang='lat' dir='ltr'><strong>sic</strong></span> 
     </span>
     <span class='ocr_line' id='line_1_29' title="bbox 365 3429 1420 3504; baseline -0.002 -21"><span class='ocrx_word' id='word_1_262' title='bbox 365 3434 421 3496; x_wconf 89' lang='lat' dir='ltr'><strong>VI,</strong></span> <span class='ocrx_word' id='word_1_263' title='bbox 445 3434 513 3494; x_wconf 77' lang='lat'><strong>585,</strong></span> <span class='ocrx_word' id='word_1_264' title='bbox 536 3431 580 3483; x_wconf 90' lang='lat' dir='ltr'><strong>cui</strong></span> <span class='ocrx_word' id='word_1_265' title='bbox 607 3429 735 3482; x_wconf 82' lang='lat' dir='ltr'><strong>nonnulla</strong></span> <span class='ocrx_word' id='word_1_266' title='bbox 759 3430 871 3503; x_wconf 75' lang='lat' dir='ltr'><strong>sublegit</strong></span> <span class='ocrx_word' id='word_1_267' title='bbox 913 3431 1100 3504; x_wconf 82' lang='lat' dir='ltr'><strong>interpungere</strong></span> <span class='ocrx_word' id='word_1_268' title='bbox 1110 3444 1137 3484; x_wconf 89' lang='lat' dir='ltr'><strong>et</strong></span> <span class='ocrx_word' id='word_1_269' title='bbox 1146 3447 1292 3504; x_wconf 85' lang='lat' dir='ltr'><strong>reponere:</strong></span> <span class='ocrx_word' id='word_1_270' title='bbox 1307 3451 1348 3482; x_wconf 80' lang='lat' dir='ltr'><strong>seu</strong></span> <span class='ocrx_word' id='word_1_271' title='bbox 1363 3434 1420 3482; x_wconf 82' lang='lat' dir='ltr'><strong>vol-</strong></span> 
     </span>
     <span class='ocr_line' id='line_1_30' title="bbox 365 3513 1419 3580; baseline -0.003 -16"><span class='ocrx_word' id='word_1_272' title='bbox 365 3513 468 3565; x_wconf 86' lang='lat' dir='ltr'><strong>Noster.</strong></span> <span class='ocrx_word' id='word_1_273' title='bbox 914 3514 1205 3580; x_wconf 61' lang='lat' dir='ltr'><strong>vmrmisvisupemm,</strong></span> <span class='ocrx_word' id='word_1_274' title='bbox 1216 3514 1419 3578; x_wconf 58' lang='lat' dir='ltr'><strong>secederemus,</strong></span> 
     </span>
     <span class='ocr_line' id='line_1_31' title="bbox 400 3589 1420 3661; baseline -0.005 -15"><span class='ocrx_word' id='word_1_275' title='bbox 400 3596 460 3646; x_wconf 87' lang='lat'>666.</span> <span class='ocrx_word' id='word_1_276' title='bbox 480 3591 519 3643; x_wconf 85' lang='lat' dir='ltr'><strong>Ex</strong></span> <span class='ocrx_word' id='word_1_277' title='bbox 536 3589 587 3643; x_wconf 88' lang='lat' dir='ltr'><strong>hac</strong></span> <span class='ocrx_word' id='word_1_278' title='bbox 605 3589 686 3661; x_wconf 80' lang='lat' dir='ltr'><strong>igitur</strong></span> <span class='ocrx_word' id='word_1_279' title='bbox 703 3601 793 3660; x_wconf 84' lang='lat' dir='ltr'><strong>patera</strong></span> <span class='ocrx_word' id='word_1_280' title='bbox 813 3595 872 3643; x_wconf 74' lang='lat' dir='ltr'><strong>libor</strong></span> <span class='ocrx_word' id='word_1_281' title='bbox 914 3593 1010 3658; x_wconf 75' lang='lat' dir='ltr'><strong>tollique</strong></span> <span class='ocrx_word' id='word_1_282' title='bbox 1026 3594 1150 3651; x_wconf 79' lang='lat' dir='ltr'><strong>vicissim,</strong></span> <span class='ocrx_word' id='word_1_283' title='bbox 1171 3590 1224 3643; x_wconf 88' lang='lat' dir='ltr'><strong>hcc</strong></span> <span class='ocrx_word' id='word_1_284' title='bbox 1243 3606 1345 3642; x_wconf 84' lang='lat' dir='ltr'><strong>sensu:</strong></span> <span class='ocrx_word' id='word_1_285' title='bbox 1374 3607 1420 3641; x_wconf 84' lang='lat' dir='ltr'><strong>seu</strong></span> 
     </span>
     <span class='ocr_line' id='line_1_32' title="bbox 364 3668 1419 3740; baseline -0.006 -16"><span class='ocrx_word' id='word_1_286' title='bbox 364 3676 460 3730; x_wconf 81' lang='lat' dir='ltr'><strong>latices,</strong></span> <span class='ocrx_word' id='word_1_287' title='bbox 471 3671 563 3723; x_wconf 79' lang='lat' dir='ltr'><strong>viuum</strong></span> <span class='ocrx_word' id='word_1_288' title='bbox 573 3669 686 3740; x_wconf 73' lang='lat' dir='ltr'><strong>(laticem</strong></span> <span class='ocrx_word' id='word_1_289' title='bbox 692 3668 869 3740; x_wconf 79' lang='lat' dir='ltr'><strong>lyaeanirg.</strong></span> <span class='ocrx_word' id='word_1_290' title='bbox 914 3688 1019 3723; x_wconf 84' lang='lat' dir='ltr'><strong>necesse</strong></span> <span class='ocrx_word' id='word_1_291' title='bbox 1032 3670 1079 3732; x_wconf 84' lang='lat' dir='ltr'><strong>sit,</strong></span> <span class='ocrx_word' id='word_1_292' title='bbox 1090 3682 1120 3724; x_wconf 90' lang='lat' dir='ltr'><strong>ut</strong></span> <span class='ocrx_word' id='word_1_293' title='bbox 1132 3685 1204 3722; x_wconf 73' lang='lat' dir='ltr'><strong>mare</strong></span> <span class='ocrx_word' id='word_1_294' title='bbox 1216 3687 1276 3720; x_wconf 87' lang='lat' dir='ltr'><strong>mox</strong></span> <span class='ocrx_word' id='word_1_295' title='bbox 1287 3668 1419 3738; x_wconf 84' lang='lat' dir='ltr'><strong>quiescat,</strong></span> 
     </span>
     <span class='ocr_line' id='line_1_33' title="bbox 326 3745 1421 3822; baseline -0.004 -20"><span class='ocrx_word' id='word_1_296' title='bbox 326 3813 330 3822; x_wconf 43' lang='lat'><strong>,</strong></span> <span class='ocrx_word' id='word_1_297' title='bbox 366 3753 426 3802; x_wconf 85' lang='lat' dir='ltr'><strong>AEn.</strong></span> <span class='ocrx_word' id='word_1_298' title='bbox 447 3750 478 3813; x_wconf 87' lang='lat'><strong>1,</strong></span> <span class='ocrx_word' id='word_1_299' title='bbox 500 3752 582 3818; x_wconf 84' lang='lat'><strong>600),</strong></span> <span class='ocrx_word' id='word_1_300' title='bbox 597 3749 695 3812; x_wconf 76' lang='lat' dir='ltr'><strong>Jnson,</strong></span> <span class='ocrx_word' id='word_1_301' title='bbox 711 3747 754 3800; x_wconf 86' lang='lat' dir='ltr'><strong>his</strong></span> <span class='ocrx_word' id='word_1_302' title='bbox 773 3747 871 3801; x_wconf 81' lang='lat' dir='ltr'><strong>additis</strong></span> <span class='ocrx_word' id='word_1_303' title='bbox 913 3755 1206 3816; x_wconf 76' lang='lat' dir='ltr'><strong>moxmoveatur.0pur</strong></span> <span class='ocrx_word' id='word_1_304' title='bbox 1217 3750 1298 3807; x_wconf 73' lang='lat' dir='ltr'><strong>labet,</strong></span> <span class='ocrx_word' id='word_1_305' title='bbox 1313 3745 1421 3799; x_wconf 73' lang='lat' dir='ltr'><strong>sicinii·</strong></span> 
     </span>
     <span class='ocr_line' id='line_1_34' title="bbox 364 3823 1419 3901; baseline -0.007 -18"><span class='ocrx_word' id='word_1_306' title='bbox 364 3830 500 3901; x_wconf 78' lang='lat' dir='ltr'><strong>precilrus:</strong></span> <span class='ocrx_word' id='word_1_307' title='bbox 512 3831 779 3898; x_wconf 74' lang='lat' dir='ltr'><strong>diimmini,quorum</strong></span> <span class='ocrx_word' id='word_1_308' title='bbox 786 3831 868 3895; x_wconf 73' lang='lat' dir='ltr'><strong>regia,</strong></span> <span class='ocrx_word' id='word_1_309' title='bbox 913 3827 995 3880; x_wconf 80' lang='lat' dir='ltr'><strong>nitivo</strong></span> <span class='ocrx_word' id='word_1_310' title='bbox 1016 3827 1134 3880; x_wconf 87' lang='lat' dir='ltr'><strong>additum</strong></span> <span class='ocrx_word' id='word_1_311' title='bbox 1157 3825 1288 3896; x_wconf 78' lang='lat' dir='ltr'><strong>singulare</strong></span> <span class='ocrx_word' id='word_1_312' title='bbox 1309 3823 1419 3897; x_wconf 88' lang='lat' dir='ltr'><strong>quidem</strong></span> 
     </span>
     <span class='ocr_line' id='line_1_35' title="bbox 363 3904 1417 3982; baseline -0.006 -21"><span class='ocrx_word' id='word_1_313' title='bbox 363 3908 509 3982; x_wconf 83' lang='lat' dir='ltr'><strong>palatium,</strong></span> <span class='ocrx_word' id='word_1_314' title='bbox 531 3908 670 3979; x_wconf 89' lang='lat' dir='ltr'><strong>imperium</strong></span> <span class='ocrx_word' id='word_1_315' title='bbox 694 3906 770 3974; x_wconf 89' lang='lat' dir='ltr'><strong>(vide</strong></span> <span class='ocrx_word' id='word_1_316' title='bbox 791 3925 870 3978; x_wconf 85' lang='lat' dir='ltr'><strong>supra</strong></span> <span class='ocrx_word' id='word_1_317' title='bbox 914 3919 968 3970; x_wconf 82' lang='lat' dir='ltr'><strong>est,</strong></span> <span class='ocrx_word' id='word_1_318' title='bbox 986 3905 1058 3978; x_wconf 88' lang='lat' dir='ltr'><strong>quod</strong></span> <span class='ocrx_word' id='word_1_319' title='bbox 1080 3918 1150 3958; x_wconf 85' lang='lat' dir='ltr'><strong>recte</strong></span> <span class='ocrx_word' id='word_1_320' title='bbox 1177 3917 1266 3956; x_wconf 90' lang='lat' dir='ltr'><strong>monet</strong></span> <span class='ocrx_word' id='word_1_321' title='bbox 1288 3904 1417 3968; x_wconf 76' lang='lat' dir='ltr'><strong>Beclius3</strong></span> 
     </span>
     <span class='ocr_line' id='line_1_36' title="bbox 364 3981 1328 4058; baseline -0.007 -14"><span class='ocrx_word' id='word_1_322' title='bbox 364 4009 391 4044; x_wconf 78' lang='lat' dir='ltr'><strong>r.</strong></span> <span class='ocrx_word' id='word_1_323' title='bbox 405 3988 471 4054; x_wconf 77' lang='lat'>563)</span> <span class='ocrx_word' id='word_1_324' title='bbox 486 4007 539 4040; x_wconf 89' lang='lat' dir='ltr'><strong>non</strong></span> <span class='ocrx_word' id='word_1_325' title='bbox 548 3987 636 4040; x_wconf 88' lang='lat' dir='ltr'><strong>minus</strong></span> <span class='ocrx_word' id='word_1_326' title='bbox 647 3985 778 4058; x_wconf 83' lang='lat' dir='ltr'><strong>amplum,</strong></span> <span class='ocrx_word' id='word_1_327' title='bbox 789 4005 869 4057; x_wconf 73' lang='lat' dir='ltr'><strong>quam</strong></span> <span class='ocrx_word' id='word_1_328' title='bbox 913 3987 960 4041; x_wconf 84' lang='lat' dir='ltr'><strong>sed</strong></span> <span class='ocrx_word' id='word_1_329' title='bbox 969 3987 1112 4058; x_wconf 75' lang='lat' dir='ltr'><strong>singularia</strong></span> <span class='ocrx_word' id='word_1_330' title='bbox 1121 3981 1328 4052; x_wconf 75' lang='lat' dir='ltr'><strong>umatanerinn.</strong></span> 
     </span>
     <span class='ocr_line' id='line_1_37' title="bbox 364 4065 1419 4138; baseline -0.008 -17"><span class='ocrx_word' id='word_1_331' title='bbox 364 4067 471 4138; x_wconf 81' lang='lat' dir='ltr'><strong>Olympi</strong></span> <span class='ocrx_word' id='word_1_332' title='bbox 486 4080 540 4129; x_wconf 86' lang='lat' dir='ltr'><strong>est,</strong></span> <span class='ocrx_word' id='word_1_333' title='bbox 558 4079 639 4138; x_wconf 89' lang='lat' dir='ltr'><strong>tuque</strong></span> <span class='ocrx_word' id='word_1_334' title='bbox 650 4104 657 4131; x_wconf 83' lang='lat'><strong>,</strong></span> <span class='ocrx_word' id='word_1_335' title='bbox 670 4067 807 4137; x_wconf 84' lang='lat' dir='ltr'><strong>Neptune,</strong></span> <span class='ocrx_word' id='word_1_336' title='bbox 826 4065 868 4118; x_wconf 86' lang='lat' dir='ltr'><strong>cui</strong></span> <span class='ocrx_word' id='word_1_337' title='bbox 948 4069 1008 4128; x_wconf 78' lang='lat'>672.</span> <span class='ocrx_word' id='word_1_338' title='bbox 1020 4071 1065 4117; x_wconf 84' lang='lat' dir='ltr'><strong>Seu</strong></span> <span class='ocrx_word' id='word_1_339' title='bbox 1074 4075 1228 4136; x_wconf 79' lang='lat' dir='ltr'><strong>conspectus</strong></span> <span class='ocrx_word' id='word_1_340' title='bbox 1237 4066 1307 4115; x_wconf 75' lang='lat' dir='ltr'><strong>navis</strong></span> <span class='ocrx_word' id='word_1_341' title='bbox 1316 4077 1419 4114; x_wconf 78' lang='lat' dir='ltr'><strong>annoto:</strong></span> 
     </span>
     <span class='ocr_line' id='line_1_38' title="bbox 365 4143 1418 4217; baseline -0.006 -17"><span class='ocrx_word' id='word_1_342' title='bbox 365 4159 434 4200; x_wconf 85' lang='lat' dir='ltr'><strong>sorte</strong></span> <span class='ocrx_word' id='word_1_343' title='bbox 449 4146 559 4217; x_wconf 75' lang='lat' dir='ltr'><strong>contigit</strong></span> <span class='ocrx_word' id='word_1_344' title='bbox 574 4165 663 4208; x_wconf 76' lang='lat' dir='ltr'><strong>ruere,</strong></span> <span class='ocrx_word' id='word_1_345' title='bbox 683 4148 779 4214; x_wconf 73' lang='lat' dir='ltr'><strong>divique</strong></span> <span class='ocrx_word' id='word_1_346' title='bbox 797 4146 870 4214; x_wconf 66' lang='lat' dir='ltr'><strong>br&#39;forb</strong></span> <span class='ocrx_word' id='word_1_347' title='bbox 913 4147 999 4196; x_wconf 75' lang='lat' dir='ltr'><strong>subieras</strong></span> <span class='ocrx_word' id='word_1_348' title='bbox 1010 4143 1118 4196; x_wconf 76' lang='lat' dir='ltr'><strong>adirem</strong></span> <span class='ocrx_word' id='word_1_349' title='bbox 1130 4157 1155 4197; x_wconf 87' lang='lat' dir='ltr'><strong>te</strong></span> <span class='ocrx_word' id='word_1_350' title='bbox 1165 4143 1345 4198; x_wconf 81' lang='lat' dir='ltr'><strong>concitaverit.</strong></span> <span class='ocrx_word' id='word_1_351' title='bbox 1356 4143 1418 4194; x_wconf 78' lang='lat' dir='ltr'><strong>sutis</strong></span> 
     </span>
     <span class='ocr_line' id='line_1_39' title="bbox 364 4217 1414 4298; baseline -0.007 -20"><span class='ocrx_word' id='word_1_352' title='bbox 364 4247 414 4278; x_wconf 81' lang='lat' dir='ltr'><strong>mes</strong></span> <span class='ocrx_word' id='word_1_353' title='bbox 432 4230 475 4295; x_wconf 89' lang='lat' dir='ltr'><strong>(ut</strong></span> <span class='ocrx_word' id='word_1_354' title='bbox 483 4225 569 4298; x_wconf 83' lang='lat' dir='ltr'><strong>Scylla</strong></span> <span class='ocrx_word' id='word_1_355' title='bbox 582 4237 608 4277; x_wconf 89' lang='lat' dir='ltr'><strong>et</strong></span> <span class='ocrx_word' id='word_1_356' title='bbox 618 4225 664 4277; x_wconf 84' lang='lat' dir='ltr'><strong>alii</strong></span> <span class='ocrx_word' id='word_1_357' title='bbox 673 4225 811 4294; x_wconf 72' lang='lat' dir='ltr'><strong>alioque),</strong></span> <span class='ocrx_word' id='word_1_358' title='bbox 828 4243 869 4276; x_wconf 82' lang='lat' dir='ltr'><strong>seu</strong></span> <span class='ocrx_word' id='word_1_359' title='bbox 914 4236 1007 4276; x_wconf 87' lang='lat' dir='ltr'><strong>memet</strong></span> <span class='ocrx_word' id='word_1_360' title='bbox 1026 4222 1106 4276; x_wconf 89' lang='lat' dir='ltr'><strong>luisse</strong></span> <span class='ocrx_word' id='word_1_361' title='bbox 1129 4217 1293 4294; x_wconf 65' lang='lat' dir='ltr'><strong>putaverim</strong></span> <span class='ocrx_word' id='word_1_362' title='bbox 1314 4235 1339 4275; x_wconf 84' lang='lat' dir='ltr'><strong>et</strong></span> <span class='ocrx_word' id='word_1_363' title='bbox 1358 4237 1414 4282; x_wconf 72' lang='lat' dir='ltr'><strong>aaa,</strong></span> 
     </span>
     <span class='ocr_line' id='line_1_40' title="bbox 364 4299 1418 4374; baseline -0.007 -15"><span class='ocrx_word' id='word_1_364' title='bbox 364 4327 437 4359; x_wconf 77' lang='lat' dir='ltr'><strong>casus</strong></span> <span class='ocrx_word' id='word_1_365' title='bbox 453 4326 505 4358; x_wconf 72' lang='lat' dir='ltr'><strong>noe</strong></span> <span class='ocrx_word' id='word_1_366' title='bbox 522 4309 582 4366; x_wconf 78' lang='lat' dir='ltr'><strong>itta,</strong></span> <span class='ocrx_word' id='word_1_367' title='bbox 602 4323 659 4374; x_wconf 62' lang='lat' dir='ltr'><strong>qua²</strong></span> <span class='ocrx_word' id='word_1_368' title='bbox 676 4317 775 4373; x_wconf 80' lang='lat' dir='ltr'><strong>tantam</strong></span> <span class='ocrx_word' id='word_1_369' title='bbox 793 4304 870 4356; x_wconf 81' lang='lat' dir='ltr'><strong>no&#39;bis</strong></span> <span class='ocrx_word' id='word_1_370' title='bbox 913 4303 1050 4374; x_wconf 89' lang='lat' dir='ltr'><strong>Neptune,</strong></span> <span class='ocrx_word' id='word_1_371' title='bbox 1064 4305 1165 4354; x_wconf 73' lang='lat' dir='ltr'><strong>numne</strong></span> <span class='ocrx_word' id='word_1_372' title='bbox 1178 4302 1229 4370; x_wconf 84' lang='lat' dir='ltr'><strong>(sic</strong></span> <span class='ocrx_word' id='word_1_373' title='bbox 1240 4319 1307 4373; x_wconf 69' lang='lat' dir='ltr'><strong>sepe</strong></span> <span class='ocrx_word' id='word_1_374' title='bbox 1322 4299 1355 4353; x_wconf 87' lang='lat' dir='ltr'><strong>de</strong></span> <span class='ocrx_word' id='word_1_375' title='bbox 1368 4320 1418 4352; x_wconf 75' lang='lat' dir='ltr'><strong>usco</strong></span> 
     </span>
    </p>
   </div>
   <div class='ocr_carea' id='block_1_9' title="bbox 0 0 1628 5112">
    <p class='ocr_par' dir='ltr' id='par_1_10' title="bbox 0 0 1628 5112">
     <span class='ocr_line' id='line_1_41' title="bbox 0 0 1628 5112; baseline 0 0"><span class='ocrx_word' id='word_1_376' title='bbox 0 0 1628 5112; x_wconf 95' lang='lat' dir='ltr'><strong> </strong></span> 
     </span>
    </p>
   </div>
  </div>
 </body>
</html>
