3192 5128
373 604 908 630 mmmmmvummvwwwvm
913 589 1434 624 mmmm-mmmmm

653 831 896 902 NICOLAl
934 827 1154 902 HEINSII

706 1043 1109 1151 PRAEFATIO.

468 1340 472 1350 '
523 1325 730 1375 NICOLAUS
765 1323 976 1386 firmum,
1007 1321 1102 1370 DAN·
1128 1321 1278 1369 rimus.

644 1507 868 1574 merom
897 1503 1168 1574 Bursvono
1256 1529 1260 1536 ·

743 1737 748 1752 .
846 1693 880 1766 s.
906 1693 951 1758 n.

637 1927 1138 1968 ψ..-

369 2151 481 2252 lurra
503 2183 675 2274 scriptores
692 2204 864 2264 romanos,
883 2182 939 2270 qui
955 2182 1068 2270 poesin
1086 2183 1210 2270 epicam
1229 2179 1432 2246 lucubratio·

365 2285 463 2350 nibus
475 2283 541 2350 suis
555 2283 740 2372 insignitam
756 2282 821 2363 jam
839 2282 918 2346 olim
931 2281 1145 2346 reddiderunt
1158 2281 1171 2370 (
1182 2280 1223 2346 de
1238 2281 1288 2347 his
1301 2283 1432 2370 loquor,

365 2411 448 2478 quos
466 2389 579 2468 majori
596 2409 635 2455 ex
650 2404 740 2476 parte
756 2388 858 2452 salvos
873 2384 914 2451 ad
927 2388 1148 2475 posteritatem
1161 2388 1363 2475 pervenisse,
1374 2409 1433 2452 an·

363 2494 522 2584 tiquitatis
535 2509 626 2558 tanto
638 2493 672 2557 in
689 2491 872 2581 naufragio,
881 2491 1027 2556 literariae
1040 2492 1086 2556 rei
1100 2493 1331 2582 gratulamur),
1342 2490 1432 2557 haud

365 2600 537 2689 quisquam
549 2599 643 2664 nobis
656 2599 813 2674 occurrit,
830 2620 929 2687 quem
946 2598 1112 2664 &Valerio
1130 2599 1244 2663 Flacco
1256 2597 1329 2679 jure
1348 2621 1431 2688 prze-

365 2706 528 2789 l'eramus,
541 2719 617 2793 post
626 2711 700 2768 vere
717 2702 864 2768 divinum
876 2719 910 2768 ct
922 2702 1077 2783 majorem
1087 2703 1328 2792 comparatione
1339 2705 1431 2769 omni

364 2810 537 2900 Virgilium
548 2809 729 2874 Maronem.
743 2807 999 2874 'l'amconcinna
1018 2809 1127 2872 omnia
1148 2832 1185 2874 ac
1203 2810 1353 2900 castigata
1367 2808 1432 2874 eni·

365 2930 600 2999 tent31antum
616 2913 711 2997 artis,
733 2913 870 3003 ingenii,
884 2912 1059 2996 doctrinae,
1075 2929 1201 2979 tantum
1218 2915 1372 2980 orationis
1379 2915 1431 2981 ‘ci-

367 3037 417 3086 tra
439 3037 603 3086 tumorem
628 3021 803 3085 clementer
825 3019 1042 3108 exsurgentis,
1058 3019 1268 3108 candidasque
1284 3044 1321 3085 ac
1336 3043 1431 3111 argu·

366 3141 479 3191 mento
494 3148 555 3190 suo
568 3125 672 3214 paris,
683 3125 748 3189 illic
761 3123 889 3188 renidet
903 3125 1040 3213 passim,
1055 3140 1092 3188 ut
1106 3126 1177 3214 ipso
1193 3126 1343 3190 carminis
1357 3147 1431 3190 suc-

365 3252 459 3296 cessu
484 3252 610 3295 summa
635 3245 858 3316 consequutus
874 3227 1039 3312 videatur,
1061 3246 1094 3294 et
1116 3231 1248 3318 reliquis
1274 3231 1429 3295 omnibus

362 3335 565 3425 praeripuisse
575 3333 715 3422 palmam
728 3333 820 3398 facile
837 3333 879 3400 sit
901 3333 1117 3400 arbitrandus.
1139 3337 1189 3400 De
1209 3335 1300 3416 cujus
1319 3351 1427 3400 tamen

362 3441 575 3507 meritissimis
591 3438 742 3504 laudibus
758 3462 824 3503 non
844 3455 894 3505 est
916 3440 1006 3528 quod
1026 3442 1121 3528 plura
1140 3462 1265 3506 nunca
1286 3464 1339 3506 me
1354 3463 1439 3520 con·¹

364 3559 528 3636 gerantur,
543 3567 646 3632 quum
664 3545 803 3634 scriptor
818 3545 913 3642 plane
933 3546 1068 3610 eximius
1089 3543 1244 3628 majorem
1261 3546 1428 3635 aliquanto

361 3650 504 3738 requirat
516 3672 648 3731 curam,
669 3650 696 3714 si
715 3673 774 3740 pro
794 3648 952 3741 dignitate
974 3651 1016 3715 sit
1036 3648 1228 3717 laudandus.
1251 3651 1351 3716 Hunc
1366 3672 1427 3739 ego

360 3776 519 3844 perquam
544 3757 752 3841 familiarem,
777 3757 916 3822 lectione
939 3757 1117 3823 identidem
1143 3759 1295 3848 repetita,
1315 3757 1427 3845 'quum

358 3859 425 3940 jam
441 3859 519 3925 olim
538 3859 723 3926 adolescens
749 3861 830 3926 mihi
855 3860 1090 3946 reddidissem,
1118 3883 1178 3926 nec
1200 3862 1305 3926 multo
1331 3877 1425 3950 post,

361 3965 441 4031 dum
459 3967 648 4058 peregrinor
665 3990 724 4057 per
741 3948 883 4052 ltaliam,
908 3984 1007 4057 atque
1022 3969 1058 4032 in
1084 3966 1172 4031 Urbe
1195 3966 1426 4034 bibliothecam

360 4073 522 4161 perlustro
529 4071 733 4158 Vaticanam,
748 4097 851 4162 quum
868 4073 903 4138 in
920 4074 1123 4139 membranas
1135 4071 1346 4163 Argonautici
1364 4071 1426 4135 hu-

357 4178 410 4258 jus
426 4178 531 4267 operis
547 4178 732 4244 incidissem
747 4195 967 4267 pervetustus,
981 4202 1034 4245 eas
1051 4179 1133 4243 mihi
1150 4177 1238 4243 haud
1260 4179 1425 4268 negligen-

359 4297 410 4346 ter
427 4282 631 4349 excutiendas
647 4286 825 4373 proposui,
849 4285 982 4352 minime
998 4307 1135 4373 gnarus,
1156 4299 1279 4373 praeter
1289 4284 1424 4348 unicum
