3192 5128
370 457 627 529 PRAEFATIO
657 459 910 529 SECUNDA.
1089 483 1168 530 cxcr

108 611 269 676 nusquam
285 587 423 668 burers,
441 609 602 675 nusquam
618 588 793 652 subsistere
813 589 953 676 (quanta
965 589 1097 654 felicitas
1117 592 1168 654 iu-

109 696 191 786 geuii
199 695 244 782 !·.)
257 693 338 760 dicis
349 693 392 759 ad
403 693 459 760 lib.
472 695 539 775 111,
555 717 635 759 vers.
655 691 714 782 76:
733 695 858 759 invenit
873 711 980 760 tamen
999 699 1169 785 Dempste-

109 824 199 882 ruru,
218 801 278 889 qui
296 799 338 864 ad
354 801 467 864 Rosiui
484 800 719 888 Antiquitates,
732 801 788 865 lib.
806 803 857 881 11,
874 823 943 890 cap.
960 806 998 882 4,
1015 825 1087 891 pag.
1106 803 1169 888 98,

18 899 19 940 ³
110 908 176 988 ejus
193 904 448 970 commentarios
468 903 582 968 doctos
609 905 671 969 sibi
688 903 788 970 rideri
806 905 1044 992 pronuntiavit,
1070 929 1167 994 quem

17 1055 18 1078 r
109 1012 169 1075 frui
187 1009 255 1074 lroc
269 1031 332 1074 suo
345 1008 470 1090 judicio
486 1009 577 1074 facile
593 1011 745 1097 patimur.
763 1009 826 1074 Sed
841 1031 908 1072 non
923 1009 1077 1074 doctrine
1097 1027 1169 1074 tan-

109 1133 177 1180 tum
204 1131 239 1180 et
265 1115 407 1205 ingenii,
431 1115 667 1203 qualecumque
689 1115 771 1197 luit,
789 1114 824 1178 iu
846 1116 910 1180 hoc
936 1117 1169 1181 commentario

109 1237 322 1286 monumenta
336 1220 431 1284 nobis
445 1219 599 1308 reliquit,
617 1243 730 1284 rerum
747 1221 844 1285 etiam
860 1241 967 1285 mores
979 1237 1106 1286 suoset
1115 1223 1168 1302 ju·

109 1327 187 1392 dicia
196 1325 239 1390 de
249 1325 405 1414 religione
416 1327 549 1413 eJ'usque
560 1325 774 1406 antistitibus,
786 1342 824 1390 ut
834 1348 895 1390 suo
906 1343 1052 1415 tempore
1061 1343 1168 1407 erant,

110 1435 259 1522 ignorare
274 1453 336 1495 uos
352 1431 473 1510 noluit,
490 1430 531 1496 ad
543 1429 598 1496 lib.
609 1433 678 1514 111,
698 1431 771 1517 398.
786 1431 972 1496 Sacerdotes
988 1432 1038 1496 sui
1060 1433 1168 1496 saeculi

16 1527 17 1534 ἵ
110 1559 291 1626 somnique
312 1537 472 1601 inscitiam
490 1552 525 1600 et
540 1536 720 1600 socordiam
736 1536 816 1600 viris
829 1537 910 1601 sutis
932 1537 1096 1601 coloribus
1111 1537 1168 1601 de·

111 1645 221 1732 pingit.
239 1643 291 1708 Ad
306 1642 450 1722 ejusdem
466 1642 540 1706 libri
555 1663 637 1706 vers.
654 1645 742 1722 444,
760 1665 847 1706 sacru
866 1643 1005 1706 lustralia
1021 1643 1165 1731 gentium

110 1751 287 1838 explimns,
304 1747 411 1830 addit,
429 1769 566 1812 suorum
588 1769 753 1812 sucronem
779 1747 937 1812 antistites
962 1748 1074 1829 etiam,
1099 1749 1169 1811 lure

110 1857 203 1921 alter
224 1869 400 1934 mutantes,
419 1877 479 1942 pro
497 1854 683 1936 auimsbus,
705 1875 767 1942 pro
782 1854 902 1942 quibus
919 1877 1010 1918 omre
1025 1855 1115 1943 pium
1135 1871 1167 1918 ct

112 1980 273 2024 srrmmum
290 1981 374 2047 opus
389 1975 455 2039 est,
471 1981 558 2022 sacra
568 1955 672 2024 lacere
681 1958 839 2041 lustralia,
856 1959 1068 2047 requiemque
1077 1975 1169 2024 aeter·

113 2087 181 2130 narn
204 2064 348 2154 precari,
371 2079 404 2129 et
426 2079 525 2128 centu
545 2066 594 2128 uti
615 2063 789 2146 lustrifico,
812 2085 947 2152 quoque
968 2065 1167 2152 frequentius

113 2193 235 2234 sacrum
249 2170 262 2256 (
270 2168 394 2256 missas)
408 2167 445 2232 lit
454 2186 488 2233 et
497 2169 654 2249 sanetius,
665 2171 834 2257 eospemri
846 2170 956 2236 utilius
967 2169 1085 2234 credit:
1101 2191 1165 2233 non

113 2277 330 2356 dissimulans,
353 2292 392 2339 ut
413 2297 475 2338 nec
496 2275 590 2338 Pium
618 2273 729 2339 fecisse
750 2273 949 2355 ridebimus,
977 2275 1168 2340 cerimonias

112 2403 180 2445 suus
205 2379 381 2444 Ecclesiam
401 2401 566 2444 romanam
589 2380 769 2467 paullulum
789 2396 926 2444 mutatus
955 2403 994 2446 ex
1018 2381 1166 2444 Ethnici-

113 2509 181 2550 suro
194 2487 371 2558 derivasse:
389 2485 508 2550 etbinc
523 2485 632 2550 multis
649 2485 689 2550 de
705 2486 866 2572 frequenti
884 2487 1054 2550 missurum
1071 2501 1104 2550 et
1118 2507 1168 2550 su·

112 2591 304 2656 ciliciorum
315 2613 377 2654 usu
392 2614 429 2655 ac
444 2591 636 2679 repetitione
648 2589 809 2679 disputat,
826 2613 886 2654 uec
900 2591 1062 2656 dissimilia
1074 2606 1168 2672 sunt,

112 2719 181 2784 quse
190 2695 326 2760 adducit
333 2695 375 2759 sd
386 2694 441 2758 lib.
455 2692 581 2782 l,795,
597 2710 630 2758 et
641 2695 707 2775 111,
723 2695 798 2781 367,
815 2693 871 2757 ubi
884 2710 918 2757 et
931 2696 1088 2783 allegoriis
1101 2697 1170 2758 suis

113 2802 274 2891 indulget:
287 2803 362 2866 lieet
374 2801 408 2864 iu
421 2801 523 2890 priori
535 2801 609 2863 loeo
622 2821 689 2862 non
707 2801 789 2864 male
803 2800 921 2863 sentire
935 2799 1097 2881 rideatur;
1109 2801 1169 2862 ho·

113 2907 200 2970 stiam
223 2921 369 2971 nostrum
396 2927 463 2969 nou
481 2927 557 2969 ,esse
577 2921 704 2968 taurum
729 2919 786 2966 aut
805 2903 963 2983 vitulum,
981 2904 1037 2967 sed
1062 2905 1168 2968 Deum

113 3013 237 3100 ipsum,
256 3011 359 3076 filium
384 3011 463 3093 Dei;
482 3012 543 3074 nisi
565 3009 655 3098 quis,
673 3031 740 3072 uon
759 3023 823 3072 tum
847 3009 954 3096 ipsum
976 3009 1167 3090 Christum,

114 3141 205 3205 quum
221 3118 361 3182 bostiam
378 3118 411 3179 in
425 3116 519 3180 missu
532 3117 672 3180 oblatam
684 3115 878 3202 respexisse,
893 3115 1072 3178 existimare
1080 3115 1181 3179 velit·

114 3225 177 3289 Nec
192 3223 366 3289 credidisse
378 3223 473 3286 etiam
487 3221 578 3286 facile
592 3221 678 3311 vulgi
695 3222 847 3286 omnibus
861 3223 1048 3285 rumoribus
1061 3239 1094 3286 et
1104 3223 1171 3309 opi·

116 3331 281 3410 sionibus,
298 3329 418 3416 quibus
433 3328 522 3392 viros
537 3349 673 3416 magnos
689 3327 843 3390 infumare
866 3343 898 3389 et
915 3343 1079 3422 suspectos
1101 3349 1170 3389 mu-

114 3437 168 3526 gio
187 3437 293 3502 lacere
314 3449 556 3498 consueverunt
571 3431 693 3516 invidi,
712 3431 833 3496 indicio
851 3449 919 3513 est,
938 3432 1028 3520 quod
1054 3431 1167 3495 Picum

114 3541 373 3606 Mirandulsuum
387 3540 484 3620 hujus
496 3537 639 3602 criminis
651 3538 833 3626 suspicione
847 3537 961 3602 liberat
973 3537 1014 3604 ad
1027 3539 1083 3602 lib.
1091 3535 1170 3620 Vll,

114 3671 190 3710 rers.
209 3669 285 3712 ura.
316 3646 420 3726 Quale
436 3645 509 3707 vitoe
526 3666 630 3732 genus
645 3659 803 3732 sequutus
819 3643 933 3722 luerit,
955 3659 989 3707 et
1014 3639 1054 3708 au
1072 3644 1170 3710 luerit

117 3753 269 3817 Maserius
282 3751 418 3816 clericus
432 3751 484 3814 vel
501 3750 699 3830 monachus,
716 3749 842 3831 nescio,
861 3749 918 3812 sed
934 3759 1064 3829 μισογινὴς
1083 3765 1171 3813 certe

116 3858 191 3940 fuir-3
209 3881 271 3922 nee
286 3855 484 3936 dissimulat,
497 3855 554 3919 sed
566 3855 677 3918 odium
692 3855 724 3917 in
736 3853 927 3918 muliebrem
941 3877 1053 3918 sexum
1066 3855 1172 3918 decla·

115 3979 162 4026 rut
176 3963 247 4042 ejus
262 3977 339 4026 nota
354 3961 395 4025 od
406 3961 460 4025 lib.
475 3959 523 4043 Il,
544 3959 621 4041 156,
639 3960 696 4022 ubi
709 3960 865 4022 muliebre
880 3983 981 4047 genus
997 3960 1106 4046 elogiis
1122 3959 1172 4023 bis

116 4085 261 4151 exornat,
277 4067 365 4156 quod
381 4066 568 4153 sirflamma
582 4078 727 4143 eruenta,
743 4068 910 4153 scorpionis
917 4068 1091 4154 percussio,
1108 4069 1171 4129 iui-

114 4175 243 4259 quitatis
269 4173 344 4252 υία,
355 4173 467 4260 janua
487 4171 625 4250 diaboli,
648 4191 749 4256 gertus
775 4173 850 4234 viris
876 4172 1027 4251 noxiism,
1062 4173 1172 4234 mentis
