3192 5128
578 497 878 567 DEDICATIO.

317 627 351 679 Ο
362 643 469 699 precor,
481 643 499 678 o
508 626 599 681 faciles
609 626 712 694 aditus,
725 645 768 681 me
774 627 879 702 judice,
891 631 947 683 solo

361 715 490 786 Impetret
500 714 606 769 Andino
615 727 675 768 rate
687 727 764 786 poeta
776 715 873 769 minor.

321 802 385 856 Nec
395 801 439 874 pia
451 799 554 855 devotae
569 801 657 855 fastidi
667 821 778 856 munere
790 802 902 870 mentia,

362 891 432 957 Qum
444 891 494 944 tibi
506 909 555 962 pro
565 891 664 944 meritis
678 890 725 945 dut
735 891 854 946 studiosa
865 911 967 948 manus.

317 979 406 1032 Forte
418 997 467 1033 nec
478 979 639 1046 excidimus,
650 981 763 1034 memori
772 979 820 1034 sed
830 981 940 1036 inheret
953 985 1035 1036 amnti

361 1067 474 1122 Pectore
482 1068 628 1122 Burmanni
636 1080 714 1139 grata
722 1068 809 1139 figura
819 1069 866 1121 tui.

321 1156 352 1210 si
362 1156 430 1209 mihi
437 1198 445 1224 ,
453 1175 503 1210 cen
511 1157 617 1229 juveni,
626 1167 763 1228 promptas
775 1157 804 1210 in
815 1157 934 1211 carmina
945 1157 1028 1225 vires,

360 1245 397 1297 Et
407 1244 512 1300 facilem
522 1263 616 1298 venam
627 1245 703 1298 Musa
714 1246 827 1318 benigna
838 1245 929 1308 daret,

319 1332 435 1387 Grande
448 1332 648 1399 rudimentum,
667 1333 812 1405 primusque
824 1335 906 1388 utatis
915 1334 1047 1402 honores,

361 1422 396 1474 Et
412 1439 534 1475 canerem
548 1420 649 1492 ingenii
663 1421 767 1474 semina
778 1423 838 1476 leta
851 1423 924 1474 boni.

318 1509 430 1580 Belgica
443 1522 470 1563 te
480 1521 621 1581 postquam
632 1509 743 1572 miratu,
755 1509 869 1582 sinuque
880 1509 970 1582 quieto

363 1597 457 1662 Fovit,
470 1596 618 1668 Apollinea
633 1596 742 1668 grandis
752 1596 858 1650 alumne
867 1597 976 1664 schole,

320 1686 453 1749 Francia,
465 1705 524 1759 qne
539 1704 645 1739 morum
657 1686 775 1760 cultique
788 1686 913 1759 magistra
924 1687 1017 1742 nitoris

361 1774 495 1829 Perficere
506 1787 628 1829 externos
639 1775 756 1828 creditur
768 1794 822 1829 una
835 1776 921 1842 viros,

324 1863 375 1917 Nil
385 1863 493 1928 habuit,
502 1882 555 1936 quo
564 1875 603 1929 te,
613 1863 751 1934 ingenium
764 1862 909 1935 stupefacta
922 1865 1047 1936 politum,

361 1951 485 2005 inliceret
495 1951 565 2004 vitiis
576 1951 715 2004 ambitiosa
729 1951 794 2004 suia.

322 2040 426 2092 Martia
436 2058 502 2092 mox
514 2039 598 2092 firmis
606 2039 751 2094 Germania
762 2040 892 2093 moenibus
903 2041 982 2094 nrbes

362 2126 477 2193 Pandit,
495 2140 520 2179 et
530 2127 644 2200 hospitio
654 2129 764 2182 Ceseria
777 2128 837 2181 aule
851 2128 932 2180 fovet.

326 2215 399 2269 Hinc
413 2234 502 2269 comes
513 2218 633 2287 Augusto
647 2215 783 2269 sinuosum
798 2214 883 2268 tendis
899 2213 933 2269 ad
943 2216 1045 2283 Albim,

363 2304 397 2356 Et
405 2302 504 2375 cupido
514 2321 637 2376 peragras
646 2321 708 2357 rura
717 2302 831 2357 Bohema
841 2302 942 2374 gradu,

324 2391 469 2464 Regalique
480 2403 558 2464 caput
569 2386 697 2464 cingi‘dut
707 2393 789 2464 Pruga
799 2411 912 2458 corona,

364 2480 397 2532 Et
409 2499 497 2551 gerere
508 2493 631 2551 augustas
642 2490 760 2552 sceptra,
776 2479 885 2546 ridere,
903 2498 1007 2534 manua.

324 2568 396 2621 Dein
406 2569 546 2622 llanoveru
556 2570 641 2640 capit,
651 2569 708 2640 regi
721 2580 830 2640 regnata
841 2568 981 2634 Britanno,

362 2656 472 2710 Publice
485 2657 528 2710 cui
538 2676 566 2710 se
577 2675 628 2728 pax
640 2656 718 2710 debet
728 2668 757 2710 et
772 2658 825 2709 alta
840 2656 921 2728 quies.

322 2746 386 2798 Jam
396 2743 487 2798 reduci
499 2744 608 2816 cupidas
619 2743 701 2798 tendit
713 2757 789 2816 puter
800 2743 918 2815 optimus
926 2744 1022 2807 ulnae,

363 2832 481 2885 Maxime
490 2851 548 2904 apes
560 2833 637 2885 clare
645 2830 854 2904 praesidiumque
865 2829 972 2884 domus.

327 2919 451 2974 Forsitan
462 2932 487 2973 et
499 2919 630 2974 thalamos
642 2919 689 2972 tibi
699 2921 756 2991 jem
771 2918 928 2992 Cythereius
938 2918 992 2972 ales

362 3011 493 3081 Apparet,
502 3020 528 3063 et
537 3008 621 3062 nodos
633 3019 721 3062 nectet
731 3007 817 3060 amica
826 3007 927 3060 Venus.

325 3098 388 3150 Jam
398 3109 475 3152 vocat
485 3097 518 3150 ad
528 3115 646 3150 summos
655 3096 694 3150 ria
703 3097 779 3168 ignca
789 3095 883 3148 mentia
894 3093 1027 3160 honores,

362 3185 397 3237 Et
410 3185 501 3237 titulos
512 3184 625 3257 spondet
636 3185 722 3257 patria
733 3185 792 3237 luta
803 3201 896 3236 novos.

325 3272 379 3326 illa
387 3271 445 3326 dica
458 3273 560 3338 veniat,
569 3290 623 3346 qun
632 3273 717 3326 sancti
732 3291 828 3344 magna
842 3283 949 3324 senatus

364 3361 429 3414 Pars
437 3401 445 3428 ,
453 3360 544 3432 populi
556 3370 582 3412 et
590 3361 660 3432 regia
667 3363 711 3433 jus
724 3371 815 3414 tueare
825 3360 863 3412 tui
874 3377 881 3422 ;

328 3450 386 3502 Neo
399 3446 493 3519 procul
502 3447 547 3500 illa
556 3446 625 3514 dies,
635 3467 689 3520 qua
698 3448 789 3519 magni
798 3447 867 3520 regia
875 3447 976 3500 amicus

364 3536 506 3608 Purpureo
520 3537 605 3589 celans
618 3535 696 3590 vestis
705 3540 805 3588 honore
819 3536 908 3587 mices.
