3122 5126
396 553 504 599 xtvtu
650 531 981 602 LAURENTlUS
1011 533 1206 601 BALBUS

394 662 484 725 ribus
503 661 569 724 suis
586 659 724 754 nimium
746 660 827 742 sibi,
845 683 883 725 ac
898 684 997 750 supra
1014 683 1112 750 quam
1129 659 1259 749 aequum
1274 678 1375 745 esset,
1391 662 1479 752 pla·

395 783 503 832 centes
520 781 656 830 :natura
669 766 756 830 enim
771 767 815 830 ita
830 784 1053 855 comparatum
1069 785 1134 849 cst,
1158 783 1196 831 ut
1213 767 1479 856 qualiacumque

394 873 479 954 sint,
492 893 564 958 quae
580 887 690 936 nostra
708 871 872 960 prodeunt
885 873 1019 956 foetura,
1031 874 1127 964 longe
1142 873 1263 961 optima
1279 896 1348 938 esse
1364 873 1480 944 duca·

395 1001 480 1061 mus,
491 979 632 1066 quia,ut
642 980 751 1066 inquit
761 979 1168 1070 Libanius‚Sopbistarum
1186 979 1411 1046 atticissimus:
1433 988 1478 1043 τὰ

394 1099 443 1146 τῶν
459 1095 581 1165 lpoplsos
590 1131 598 1160 ,
608 1096 682 1147 larcia
694 1092 752 1147 ποτ’
763 1093 794 1146 ds
812 1091 829 1162 ᾖ
836 1132 845 1161 ,
855 1097 920 1150 salit
934 1097 1046 1168 pairarat
1059 1100 1110 1159 τοῖς
1123 1099 1210 1168 ἐρῶσι,
1220 1095 1262 1149 sal
1278 1097 1306 1149 rb
1319 1092 1478 1169 δοκιμάζειν

394 1187 511 1257 sipiritus,
524 1189 556 1248 ὣς
569 1187 610 1240 itti
623 1189 776 1258 θαυμαστοῖς
790 1189 875 1254 βοῶσι.
888 1181 959 1269 Ego
968 1201 1046 1245 vero
1058 1181 1155 1271 longe
1164 1193 1343 1247 secusdum
1352 1203 1479 1268 super·

396 1283 521 1348 stitiosa
534 1283 620 1348 enirn
635 1284 789 1373 religione
803 1285 913 1350 Musas
924 1308 1071 1369 veneror,
1084 1301 1118 1350 et
1130 1286 1219 1367 colo,
1231 1302 1269 1351 ut
1281 1286 1476 1350 existimem

395 1411 463 1453 non
475 1389 545 1454 sine
556 1411 685 1454 summo
698 1389 814 1454 timore
827 1406 860 1454 et
871 1390 1045 1456 formidine
1057 1411 1166 1456 earum
1179 1414 1266 1456 sacra
1277 1389 1475 1472 tractanda,

395 1495 541 1582 nullique
563 1496 610 1560 rei
630 1495 755 1579 minus,
767 1517 866 1584 quarn
887 1519 961 1561 meo
977 1496 1138 1563 confidam
1161 1521 1197 1562 ac
1219 1497 1360 1562 tribuam
1371 1495 1476 1577 judi·

395 1601 464 1682 cio;
478 1600 584 1664 statim
600 1616 675 1689 post
691 1602 880 1689 praeclarum
896 1603 997 1690 ipsius
1018 1619 1122 1691 poetae
1142 1625 1245 1691 opus,
1260 1617 1386 1666 nostras
1403 1601 1474 1666 ad·

390 1705 559 1785 junximus
570 1707 868 1772 annotatiunculas:
882 1706 999 1773 deinde
1009 1708 1233 1797 Argonauticae
1246 1707 1475 1795 expeditionis

394 1809 561 1876 historiam
585 1833 624 1876 ex
646 1813 741 1878 variis
764 1813 953 1879 auctoribus
976 1830 1010 1878 et
1034 1815 1145 1903 graecis
1169 1828 1203 1876 et
1222 1813 1331 1878 latinis
1354 1834 1475 1878 excer-

394 1931 483 2004 ptam
494 1956 510 2000 ,·
522 1919 742 2007 brevibusque
763 1919 922 2007 capitibus
942 1918 1126 1983 distinctam
1143 1918 1393 1983 contexuimus:
1413 1917 1475 1981 ul·

394 2023 475 2086 timo
486 2025 578 2110 quasi
589 2023 818 2112 appendicem,
832 2040 865 2087 et
882 2024 981 2088 totius
999 2024 1103 2087 nostri
1119 2023 1237 2089 laboris
1253 2022 1472 2104 coronidem,

394 2129 558 2217 Apollonii
572 2152 702 2211 versus,
718 2153 800 2218 quos
818 2130 999 2196 felicissime
1011 2130 1157 2194 Valerius
1174 2145 1284 2194 noster
1298 2143 1347 2194 est
1362 2129 1472 2196 inter·

395 2250 556 2322 pretatus,
574 2251 631 2300 aut
649 2237 834 2318 aemulatus,
851 2236 1009 2302 Macrobii
1029 2237 1149 2300 Aurelii
1173 2234 1321 2323 exemplo
1344 2232 1473 2314 adjun-

394 2339 518 2422 ximus,
536 2362 604 2405 non
622 2363 736 2406 omnes
754 2339 908 2429 quidem,
933 2340 968 2416 id
986 2340 1073 2406 enim
1095 2341 1167 2430 plus
1186 2340 1263 2421 otii,
1284 2339 1470 2427 temporis,

396 2444 494 2509 studii
511 2461 609 2534 atque
624 2447 742 2511 laboris
760 2447 948 2535 expetebat,
964 2446 1021 2511 sed
1037 2469 1120 2535 quos
1139 2469 1178 2510 ex
1195 2462 1385 2510 transcursu
1402 2445 1472 2508 ho-
1541 2435 1546 2444 ’

397 2573 452 2614 ruo
469 2552 603 2616 minime
619 2554 763 2636 otiosus,
789 2575 849 2618 nec
867 2555 973 2641 parvis
992 2553 1157 2618 districtus
1174 2551 1470 2640 occupationibus,

395 2656 551 2722 adnotare
573 2661 689 2746 potui:
712 2680 785 2745 quae
811 2659 921 2722 omnia
943 2682 1004 2723 nec
1028 2656 1228 2739 injucunda,
1251 2679 1312 2721 nec
1335 2657 1471 2722 inutilia

396 2761 466 2826 fore
487 2778 569 2850 puto
589 2763 741 2828 studiosis
760 2763 1032 2832 adolescentibus.
1057 2763 1122 2826 llas
1143 2779 1251 2826 autem
1268 2784 1356 2826 meas
1369 2763 1470 2826 lucu·
1559 2783 1560 2786 ’

396 2866 574 2950 brationes,
590 2891 693 2956 quum
710 2891 839 2936 mecum
854 2868 1032 2934 identidem
1047 2869 1244 2932 revolverem
1259 2867 1387 2932 cuinam
1401 2890 1470 2955 po·

395 2974 556 3038 tissimum
570 2997 804 3064 nuncuparem,
818 2992 855 3040 tu
869 2998 956 3040 unus
969 2975 1139 3040 occurristi
1153 2997 1290 3063 semper,
1303 2974 1396 3054 cujus
1408 2997 1470 3038 no-

396 3079 477 3143 mini
493 3097 694 3144 consecratas
713 3081 746 3143 in
763 3081 870 3144 lucem
892 3080 1041 3144 emittere
1057 3078 1218 3168 placeret3
1234 3100 1302 3143 non
1319 3079 1395 3166 quia
1411 3100 1469 3142 cas

395 3184 508 3274 dignas
516 3185 713 3265 judicarem,
732 3207 805 3272 quae
818 3186 851 3248 in
867 3185 957 3275 vulgi
973 3207 1089 3250 manus
1105 3184 1278 3274 splendore
1292 3185 1341 3248 tui
1353 3185 1469 3248 nomi·
1556 3253 1558 3258 ,

281 3343 286 3352 .
394 3291 447 3355 nis
463 3292 626 3354 illustrate
638 3291 772 3372 exirent,
780 3307 836 3356 aut
853 3291 930 3378 quia
946 3307 979 3356 te
994 3281 1129 3380 opibus,
1142 3291 1314 3381 dignitate,
1327 3292 1469 3356 auctori·

395 3411 461 3460 tate
486 3412 636 3484 praestare
660 3397 757 3486 longe
780 3397 1014 3487 intelligerem,
1043 3396 1101 3462 sed
1119 3399 1196 3486 quia
1221 3413 1254 3462 et
1276 3396 1398 3479 studia,
1431 3413 1468 3462 et

395 3502 557 3565 bonarum
579 3501 745 3565 literarum
759 3519 939 3586 amatores,
955 3503 1035 3568 citra
1048 3505 1220 3586 aemulum,
1236 3525 1338 3585 amas,
1357 3503 1465 3588 foves,

395 3620 494 3692 atque
523 3605 614 3670 omni
638 3606 839 3695 benignitate
866 3609 1108 3696 complecteris,
1131 3626 1235 3696 utque
1263 3608 1304 3672 ab
1329 3608 1466 3672 ineunte

395 3727 488 3776 aetate
497 3712 598 3800 literis
614 3713 830 3800 mancipatus,
844 3715 998 3780 omnibus
1012 3731 1044 3779 te
1060 3715 1157 3780 bonis
1175 3714 1316 3794 artibus,
1332 3712 1465 3778 studiis·

395 3843 460 3907 que
475 3819 636 3884 altissimis
649 3818 828 3886 dedideris:
849 3845 923 3887 nam
940 3846 1042 3911 quum
1059 3847 1077 3886 a
1091 3823 1228 3902 teneris,
1243 3836 1281 3884 ut
1294 3818 1397 3884 Graeci
1411 3819 1464 3883 di·

394 3941 494 4006 cunt,
512 3927 715 4014 unguiculis,
733 3927 923 3992 admiranda
941 3928 1095 4017 praeditus
1112 3927 1239 4009 indole,
1259 3927 1293 3989 in
1312 3948 1463 4014 magnam

396 4051 458 4094 nec
474 4031 584 4094 falsam
602 4052 692 4119 spem
702 4047 850 4119 parentes
865 4034 1036 4114 erexisses,
1050 4055 1179 4097 summo
1196 4028 1305 4094 studio
1320 4051 1464 4118 curaque

391 4157 432 4199 'ac
451 4135 617 4224 diligentia
638 4137 756 4201 teneris
774 4137 918 4226 pueritiae
936 4139 1029 4202 annis
1046 4139 1205 4225 ingenue,
1224 4135 1463 4223 liberaliterque

395 4239 552 4306 educatus
567 4240 647 4306 dum
664 4242 775 4330 primis
792 4244 891 4310 literis
908 4241 1109 4324 informaris,
1121 4243 1211 4309 brevi
1223 4258 1364 4329 quantus
1378 4264 1463 4306 esses
