<?xml version="1.0" encoding="UTF-8"?>
<!DOCTYPE html PUBLIC "-//W3C//DTD XHTML 1.0 Transitional//EN"
    "http://www.w3.org/TR/xhtml1/DTD/xhtml1-transitional.dtd">
<html xmlns="http://www.w3.org/1999/xhtml" xml:lang="en" lang="en">
 <head>
  <title>
</title>
<meta http-equiv="Content-Type" content="text/html;charset=utf-8" />
  <meta name='ocr-system' content='tesseract 3.04.00' />
  <meta name='ocr-capabilities' content='ocr_page ocr_carea ocr_par ocr_line ocrx_word'/>
</head>
<body>
  <div class='ocr_page' id='page_1' title='image "./cvaleriiflaccis00apolgoog_0309.png"; bbox 0 0 3246 5112; ppageno 0'>
   <div class='ocr_carea' id='block_1_1' title="bbox 370 469 1328 592">
    <p class='ocr_par' dir='ltr' id='par_1_1' title="bbox 370 469 1328 592">
     <span class='ocr_line' id='line_1_1' title="bbox 370 469 1328 592; baseline -0.01 -12"><span class='ocrx_word' id='word_1_1' title='bbox 370 469 437 592; x_wconf 74' lang='lat' dir='ltr'><strong>&#39;ss</strong></span> <span class='ocrx_word' id='word_1_2' title='bbox 523 509 574 579; x_wconf 82' lang='lat' dir='ltr'><strong>m</strong></span> <span class='ocrx_word' id='word_1_3' title='bbox 604 512 689 579; x_wconf 81' lang='lat' dir='ltr'><strong>um.</strong></span> <span class='ocrx_word' id='word_1_4' title='bbox 713 507 908 579; x_wconf 75' lang='lat' dir='ltr'><strong>ratmunt</strong></span> <span class='ocrx_word' id='word_1_5' title='bbox 934 500 1328 570; x_wconf 72' lang='lat' dir='ltr'><strong>Aneonlurmon</strong></span> 
     </span>
    </p>
   </div>
   <div class='ocr_carea' id='block_1_2' title="bbox 392 624 1270 922">
    <p class='ocr_par' dir='ltr' id='par_1_2' title="bbox 392 624 1270 922">
     <span class='ocr_line' id='line_1_2' title="bbox 392 624 709 695; baseline -0.006 -14"><span class='ocrx_word' id='word_1_6' title='bbox 392 625 473 681; x_wconf 83' lang='lat' dir='ltr'><strong>Orid.</strong></span> <span class='ocrx_word' id='word_1_7' title='bbox 491 624 644 690; x_wconf 79' lang='lat' dir='ltr'><strong>Metamv,</strong></span> <span class='ocrx_word' id='word_1_8' title='bbox 659 641 709 695; x_wconf 86' lang='lat'><strong>17:</strong></span> 
     </span>
     <span class='ocr_line' id='line_1_3' title="bbox 607 715 1270 788; baseline -0.018 -13"><span class='ocrx_word' id='word_1_9' title='bbox 607 725 654 773; x_wconf 81' lang='lat' dir='ltr'><strong>Sed</strong></span> <span class='ocrx_word' id='word_1_10' title='bbox 663 739 733 788; x_wconf 71' lang='lat' dir='ltr'><strong>grate</strong></span> <span class='ocrx_word' id='word_1_11' title='bbox 740 725 868 774; x_wconf 81' lang='lat' dir='ltr'><strong>Nereidum</strong></span> <span class='ocrx_word' id='word_1_12' title='bbox 878 735 979 776; x_wconf 84' lang='lat' dir='ltr'><strong>numen,</strong></span> <span class='ocrx_word' id='word_1_13' title='bbox 988 719 1030 767; x_wconf 87' lang='lat' dir='ltr'><strong>sed</strong></span> <span class='ocrx_word' id='word_1_14' title='bbox 1038 715 1148 780; x_wconf 78' lang='lat' dir='ltr'>corniger</span> <span class='ocrx_word' id='word_1_15' title='bbox 1156 717 1270 773; x_wconf 71' lang='lat' dir='ltr'><strong>mou,</strong></span> 
     </span>
     <span class='ocr_line' id='line_1_4' title="bbox 504 791 1192 862; baseline -0.013 -15"><span class='ocrx_word' id='word_1_16' title='bbox 504 843 505 847; x_wconf 74' lang='grc'>,</span> <span class='ocrx_word' id='word_1_17' title='bbox 606 799 653 847; x_wconf 82' lang='lat' dir='ltr'><strong>Sed</strong></span> <span class='ocrx_word' id='word_1_18' title='bbox 661 815 713 862; x_wconf 78' lang='lat' dir='ltr'><strong>qun</strong></span> <span class='ocrx_word' id='word_1_19' title='bbox 723 799 850 847; x_wconf 72' lang='lat' dir='ltr'><strong>riscedbua</strong></span> <span class='ocrx_word' id='word_1_20' title='bbox 860 797 968 846; x_wconf 81' lang='lat' dir='ltr'><strong>veniebat</strong></span> <span class='ocrx_word' id='word_1_21' title='bbox 977 795 1057 844; x_wconf 65' lang='lat' dir='ltr'><strong>bilae</strong></span> <span class='ocrx_word' id='word_1_22' title='bbox 1064 791 1132 856; x_wconf 89' lang='lat' dir='ltr'><strong>ponti</strong></span> <span class='ocrx_word' id='word_1_23' title='bbox 1190 818 1192 822; x_wconf 59' lang='lat'>&gt;</span> 
     </span>
     <span class='ocr_line' id='line_1_5' title="bbox 607 873 843 922; baseline -0.008 0"><span class='ocrx_word' id='word_1_24' title='bbox 607 874 767 922; x_wconf 76' lang='lat' dir='ltr'><strong>Rusammnda</strong></span> <span class='ocrx_word' id='word_1_25' title='bbox 777 873 843 921; x_wconf 72' lang='lat' dir='ltr'><strong>mein</strong></span> 
     </span>
    </p>
   </div>
   <div class='ocr_carea' id='block_1_3' title="bbox 390 975 1457 2144">
    <p class='ocr_par' dir='ltr' id='par_1_3' title="bbox 390 975 1457 1803">
     <span class='ocr_line' id='line_1_6' title="bbox 427 975 1455 1056; baseline -0.011 -18"><span class='ocrx_word' id='word_1_26' title='bbox 427 985 571 1056; x_wconf 81' lang='lat' dir='ltr'><strong>Licetque</strong></span> <span class='ocrx_word' id='word_1_27' title='bbox 584 981 618 1036; x_wconf 91' lang='lat' dir='ltr'><strong>ad</strong></span> <span class='ocrx_word' id='word_1_28' title='bbox 628 981 757 1055; x_wconf 88' lang='lat' dir='ltr'><strong>poematis</strong></span> <span class='ocrx_word' id='word_1_29' title='bbox 767 979 906 1036; x_wconf 74' lang='lat' dir='ltr'>exordium</span> <span class='ocrx_word' id='word_1_30' title='bbox 923 995 955 1032; x_wconf 89' lang='lat' dir='ltr'><strong>ac</strong></span> <span class='ocrx_word' id='word_1_31' title='bbox 968 975 1159 1032; x_wconf 80' lang='lat' dir='ltr'><strong>dedicationem</strong></span> <span class='ocrx_word' id='word_1_32' title='bbox 1170 975 1348 1049; x_wconf 76' lang='lat' dir='ltr'>pertinerent,</span> <span class='ocrx_word' id='word_1_33' title='bbox 1361 993 1455 1046; x_wconf 78' lang='lat' dir='ltr'><strong>exege-</strong></span> 
     </span>
     <span class='ocr_line' id='line_1_7' title="bbox 391 1061 1457 1132; baseline -0.009 -11"><span class='ocrx_word' id='word_1_34' title='bbox 391 1067 489 1130; x_wconf 91' lang='lat' dir='ltr'><strong>rimus,</strong></span> <span class='ocrx_word' id='word_1_35' title='bbox 504 1077 649 1120; x_wconf 68' lang='lat' dir='ltr'><strong>erminum</strong></span> <span class='ocrx_word' id='word_1_36' title='bbox 657 1066 710 1120; x_wconf 84' lang='lat' dir='ltr'><strong>hoe</strong></span> <span class='ocrx_word' id='word_1_37' title='bbox 719 1062 984 1126; x_wconf 83' lang='lat' dir='ltr'><strong>animadvertendum</strong></span> <span class='ocrx_word' id='word_1_38' title='bbox 999 1061 1150 1124; x_wconf 88' lang='lat' dir='ltr'><strong>credimus,</strong></span> <span class='ocrx_word' id='word_1_39' title='bbox 1164 1071 1269 1132; x_wconf 73' lang='lat' dir='ltr'><strong>poetam</strong></span> <span class='ocrx_word' id='word_1_40' title='bbox 1280 1071 1417 1123; x_wconf 90' lang='lat' dir='ltr'><strong>nostrum,</strong></span> <span class='ocrx_word' id='word_1_41' title='bbox 1427 1071 1457 1111; x_wconf 92' lang='lat' dir='ltr'><strong>nt</strong></span> 
     </span>
     <span class='ocr_line' id='line_1_8' title="bbox 390 1143 1455 1220; baseline -0.005 -18"><span class='ocrx_word' id='word_1_42' title='bbox 390 1167 448 1202; x_wconf 87' lang='lat' dir='ltr'><strong>mos</strong></span> <span class='ocrx_word' id='word_1_43' title='bbox 459 1161 524 1202; x_wconf 89' lang='lat' dir='ltr'><strong>tuuc</strong></span> <span class='ocrx_word' id='word_1_44' title='bbox 542 1147 706 1212; x_wconf 77' lang='lat' dir='ltr'><strong>invaluerat,</strong></span> <span class='ocrx_word' id='word_1_45' title='bbox 724 1147 838 1220; x_wconf 81' lang='lat' dir='ltr'><strong>principi</strong></span> <span class='ocrx_word' id='word_1_46' title='bbox 850 1145 977 1220; x_wconf 87' lang='lat' dir='ltr'><strong>quidem,</strong></span> <span class='ocrx_word' id='word_1_47' title='bbox 991 1144 1038 1198; x_wconf 85' lang='lat' dir='ltr'><strong>sed</strong></span> <span class='ocrx_word' id='word_1_48' title='bbox 1050 1145 1155 1216; x_wconf 87' lang='lat' dir='ltr'><strong>parcius</strong></span> <span class='ocrx_word' id='word_1_49' title='bbox 1170 1163 1201 1197; x_wconf 88' lang='lat' dir='ltr'><strong>ac</strong></span> <span class='ocrx_word' id='word_1_50' title='bbox 1212 1143 1374 1198; x_wconf 83' lang='lat' dir='ltr'><strong>moderatius</strong></span> <span class='ocrx_word' id='word_1_51' title='bbox 1387 1143 1455 1197; x_wconf 87' lang='lat' dir='ltr'><strong>adu-</strong></span> 
     </span>
     <span class='ocr_line' id='line_1_9' title="bbox 391 1227 1457 1301; baseline -0.002 -17"><span class='ocrx_word' id='word_1_52' title='bbox 391 1231 476 1285; x_wconf 89' lang='lat' dir='ltr'><strong>latum</strong></span> <span class='ocrx_word' id='word_1_53' title='bbox 495 1231 586 1284; x_wconf 82' lang='lat' dir='ltr'><strong>inisse.</strong></span> <span class='ocrx_word' id='word_1_54' title='bbox 605 1231 692 1284; x_wconf 89' lang='lat' dir='ltr'><strong>Immo</strong></span> <span class='ocrx_word' id='word_1_55' title='bbox 709 1230 789 1284; x_wconf 86' lang='lat' dir='ltr'><strong>etiarn</strong></span> <span class='ocrx_word' id='word_1_56' title='bbox 804 1228 832 1284; x_wconf 90' lang='lat' dir='ltr'><strong>id</strong></span> <span class='ocrx_word' id='word_1_57' title='bbox 846 1249 900 1283; x_wconf 89' lang='lat' dir='ltr'><strong>nou</strong></span> <span class='ocrx_word' id='word_1_58' title='bbox 913 1228 970 1284; x_wconf 88' lang='lat' dir='ltr'><strong>siue</strong></span> <span class='ocrx_word' id='word_1_59' title='bbox 987 1229 1055 1282; x_wconf 90' lang='lat' dir='ltr'><strong>mira</strong></span> <span class='ocrx_word' id='word_1_60' title='bbox 1068 1227 1184 1301; x_wconf 87' lang='lat' dir='ltr'><strong>quadam</strong></span> <span class='ocrx_word' id='word_1_61' title='bbox 1198 1227 1297 1300; x_wconf 79' lang='lat' dir='ltr'><strong>ingenii</strong></span> <span class='ocrx_word' id='word_1_62' title='bbox 1313 1227 1457 1301; x_wconf 81' lang='lat' dir='ltr'><strong>sagacitate</strong></span> 
     </span>
     <span class='ocr_line' id='line_1_10' title="bbox 391 1310 1457 1386; baseline -0.005 -18"><span class='ocrx_word' id='word_1_63' title='bbox 391 1314 490 1370; x_wconf 82' lang='lat' dir='ltr'><strong>iactum</strong></span> <span class='ocrx_word' id='word_1_64' title='bbox 502 1314 645 1380; x_wconf 82' lang='lat' dir='ltr'><strong>videbitur,</strong></span> <span class='ocrx_word' id='word_1_65' title='bbox 656 1316 677 1368; x_wconf 88' lang='lat' dir='ltr'><strong>si</strong></span> <span class='ocrx_word' id='word_1_66' title='bbox 687 1315 746 1386; x_wconf 86' lang='lat' dir='ltr'><strong>quis</strong></span> <span class='ocrx_word' id='word_1_67' title='bbox 756 1313 906 1372; x_wconf 82' lang='lat' dir='ltr'><strong>meminerit</strong></span> <span class='ocrx_word' id='word_1_68' title='bbox 914 1313 1120 1386; x_wconf 72' lang='lat' dir='ltr'><strong>Vespasianum,</strong></span> <span class='ocrx_word' id='word_1_69' title='bbox 1130 1311 1244 1365; x_wconf 87' lang='lat' dir='ltr'><strong>Claudio</strong></span> <span class='ocrx_word' id='word_1_70' title='bbox 1254 1313 1387 1384; x_wconf 84' lang='lat' dir='ltr'><strong>principe,</strong></span> <span class='ocrx_word' id='word_1_71' title='bbox 1400 1310 1457 1364; x_wconf 87' lang='lat' dir='ltr'><strong>Bri-</strong></span> 
     </span>
     <span class='ocr_line' id='line_1_11' title="bbox 390 1393 1456 1471; baseline -0.003 -20"><span class='ocrx_word' id='word_1_72' title='bbox 390 1400 525 1453; x_wconf 90' lang='lat' dir='ltr'><strong>tannicum</strong></span> <span class='ocrx_word' id='word_1_73' title='bbox 537 1417 628 1465; x_wconf 86' lang='lat' dir='ltr'><strong>mare,</strong></span> <span class='ocrx_word' id='word_1_74' title='bbox 639 1398 713 1471; x_wconf 85' lang='lat' dir='ltr'><strong>quod</strong></span> <span class='ocrx_word' id='word_1_75' title='bbox 723 1409 867 1452; x_wconf 87' lang='lat' dir='ltr'><strong>extremum</strong></span> <span class='ocrx_word' id='word_1_76' title='bbox 882 1396 953 1451; x_wconf 89' lang='lat' dir='ltr'><strong>orbis</strong></span> <span class='ocrx_word' id='word_1_77' title='bbox 964 1398 1046 1449; x_wconf 88' lang='lat' dir='ltr'><strong>linem</strong></span> <span class='ocrx_word' id='word_1_78' title='bbox 1056 1395 1170 1448; x_wconf 86' lang='lat' dir='ltr'><strong>Romani</strong></span> <span class='ocrx_word' id='word_1_79' title='bbox 1182 1395 1333 1459; x_wconf 87' lang='lat' dir='ltr'><strong>habebant,</strong></span> <span class='ocrx_word' id='word_1_80' title='bbox 1344 1393 1456 1448; x_wconf 78' lang='lat' dir='ltr'><strong>feliciter</strong></span> 
     </span>
     <span class='ocr_line' id='line_1_12' title="bbox 391 1477 1454 1554; baseline -0.003 -19"><span class='ocrx_word' id='word_1_81' title='bbox 391 1499 555 1554; x_wconf 80' lang='lat' dir='ltr'><strong>peragrasse.</strong></span> <span class='ocrx_word' id='word_1_82' title='bbox 578 1481 726 1552; x_wconf 84' lang='lat' dir='ltr'><strong>Equidem,</strong></span> <span class='ocrx_word' id='word_1_83' title='bbox 747 1491 776 1533; x_wconf 90' lang='lat' dir='ltr'><strong>ut</strong></span> <span class='ocrx_word' id='word_1_84' title='bbox 794 1480 877 1534; x_wconf 82' lang='lat' dir='ltr'><strong>libere</strong></span> <span class='ocrx_word' id='word_1_85' title='bbox 901 1479 974 1554; x_wconf 87' lang='lat' dir='ltr'><strong>quod</strong></span> <span class='ocrx_word' id='word_1_86' title='bbox 993 1479 1077 1534; x_wconf 88' lang='lat' dir='ltr'><strong>sentio</strong></span> <span class='ocrx_word' id='word_1_87' title='bbox 1098 1477 1203 1544; x_wconf 91' lang='lat' dir='ltr'><strong>dicam,</strong></span> <span class='ocrx_word' id='word_1_88' title='bbox 1228 1479 1309 1534; x_wconf 87' lang='lat' dir='ltr'><strong>credo</strong></span> <span class='ocrx_word' id='word_1_89' title='bbox 1329 1481 1454 1533; x_wconf 85' lang='lat' dir='ltr'><strong>Nostrum</strong></span> 
     </span>
     <span class='ocr_line' id='line_1_13' title="bbox 391 1561 1455 1638; baseline -0.005 -19"><span class='ocrx_word' id='word_1_90' title='bbox 391 1566 456 1619; x_wconf 88' lang='lat' dir='ltr'><strong>scite</strong></span> <span class='ocrx_word' id='word_1_91' title='bbox 474 1565 557 1638; x_wconf 84' lang='lat' dir='ltr'><strong>magis</strong></span> <span class='ocrx_word' id='word_1_92' title='bbox 572 1583 604 1619; x_wconf 87' lang='lat' dir='ltr'><strong>nc</strong></span> <span class='ocrx_word' id='word_1_93' title='bbox 620 1565 790 1619; x_wconf 83' lang='lat' dir='ltr'><strong>verisimilius</strong></span> <span class='ocrx_word' id='word_1_94' title='bbox 798 1563 925 1618; x_wconf 84' lang='lat' dir='ltr'><strong>cecinisse</strong></span> <span class='ocrx_word' id='word_1_95' title='bbox 934 1575 1029 1618; x_wconf 87' lang='lat' dir='ltr'><strong>nautas</strong></span> <span class='ocrx_word' id='word_1_96' title='bbox 1048 1561 1123 1616; x_wconf 88' lang='lat' dir='ltr'><strong>stella</strong></span> <span class='ocrx_word' id='word_1_97' title='bbox 1135 1562 1293 1634; x_wconf 71' lang='lat' dir='ltr'><strong>Vespasiani</strong></span> <span class='ocrx_word' id='word_1_98' title='bbox 1307 1561 1375 1616; x_wconf 87' lang='lat' dir='ltr'><strong>duce</strong></span> <span class='ocrx_word' id='word_1_99' title='bbox 1390 1562 1455 1616; x_wconf 90' lang='lat' dir='ltr'><strong>olim</strong></span> 
     </span>
     <span class='ocr_line' id='line_1_14' title="bbox 392 1644 1455 1722; baseline -0.004 -21"><span class='ocrx_word' id='word_1_100' title='bbox 392 1649 577 1720; x_wconf 73' lang='lat' dir='ltr'><strong>navigaturos,</strong></span> <span class='ocrx_word' id='word_1_101' title='bbox 588 1665 671 1722; x_wconf 77' lang='lat' dir='ltr'><strong>quam</strong></span> <span class='ocrx_word' id='word_1_102' title='bbox 686 1647 828 1720; x_wconf 82' lang='lat' dir='ltr'><strong>Virgilium</strong></span> <span class='ocrx_word' id='word_1_103' title='bbox 845 1647 951 1702; x_wconf 80' lang='lat' dir='ltr'><strong>finxisse</strong></span> <span class='ocrx_word' id='word_1_104' title='bbox 964 1646 1075 1700; x_wconf 68' lang='lat' dir='ltr'><strong>Gnatis</strong></span> <span class='ocrx_word' id='word_1_105' title='bbox 1092 1644 1194 1699; x_wconf 84' lang='lat' dir='ltr'><strong>stellam</strong></span> <span class='ocrx_word' id='word_1_106' title='bbox 1210 1646 1270 1700; x_wconf 77' lang='lat' dir='ltr'><strong>uvis</strong></span> <span class='ocrx_word' id='word_1_107' title='bbox 1280 1664 1312 1700; x_wconf 86' lang='lat' dir='ltr'><strong>ac</strong></span> <span class='ocrx_word' id='word_1_108' title='bbox 1327 1645 1455 1700; x_wconf 75' lang='lat' dir='ltr'><strong>memdtns</strong></span> 
     </span>
     <span class='ocr_line' id='line_1_15' title="bbox 392 1730 984 1803; baseline -0.003 -19"><span class='ocrx_word' id='word_1_109' title='bbox 392 1732 569 1786; x_wconf 82' lang='lat' dir='ltr'><strong>maturitatem</strong></span> <span class='ocrx_word' id='word_1_110' title='bbox 587 1731 744 1796; x_wconf 86' lang='lat' dir='ltr'><strong>allaturam,</strong></span> <span class='ocrx_word' id='word_1_111' title='bbox 756 1731 847 1803; x_wconf 78' lang='lat' dir='ltr'><strong>Eclog.</strong></span> <span class='ocrx_word' id='word_1_112' title='bbox 859 1730 918 1794; x_wconf 85' lang='lat' dir='ltr'><strong>IX,</strong></span> <span class='ocrx_word' id='word_1_113' title='bbox 931 1733 984 1795; x_wconf 73' lang='lat'><strong>46:</strong></span> 
     </span>
    </p>

    <p class='ocr_par' dir='ltr' id='par_1_4' title="bbox 602 1847 1240 1912">
     <span class='ocr_line' id='line_1_16' title="bbox 602 1847 1240 1912; baseline -0.002 -16"><span class='ocrx_word' id='word_1_114' title='bbox 602 1848 711 1912; x_wconf 84' lang='lat' dir='ltr'><strong>Daphni,</strong></span> <span class='ocrx_word' id='word_1_115' title='bbox 725 1848 783 1910; x_wconf 85' lang='lat' dir='ltr'><strong>quid</strong></span> <span class='ocrx_word' id='word_1_116' title='bbox 796 1849 905 1911; x_wconf 78' lang='lat' dir='ltr'><strong>antiquos</strong></span> <span class='ocrx_word' id='word_1_117' title='bbox 916 1847 1039 1910; x_wconf 73' lang='lat' dir='ltr'><strong>signorum</strong></span> <span class='ocrx_word' id='word_1_118' title='bbox 1049 1847 1148 1909; x_wconf 86' lang='lat' dir='ltr'><strong>suspicis</strong></span> <span class='ocrx_word' id='word_1_119' title='bbox 1157 1850 1240 1895; x_wconf 74' lang='lat' dir='ltr'><strong>ortus?</strong></span> 
     </span>
    </p>

    <p class='ocr_par' dir='ltr' id='par_1_5' title="bbox 605 1923 1104 1987">
     <span class='ocr_line' id='line_1_17' title="bbox 605 1923 1104 1987; baseline -0.006 -16"><span class='ocrx_word' id='word_1_120' title='bbox 605 1925 665 1971; x_wconf 79' lang='lat' dir='ltr'><strong>Ecca</strong></span> <span class='ocrx_word' id='word_1_121' title='bbox 673 1923 763 1970; x_wconf 77' lang='lat' dir='ltr'><strong>Dionaei</strong></span> <span class='ocrx_word' id='word_1_122' title='bbox 772 1923 886 1987; x_wconf 86' lang='lat' dir='ltr'><strong>processit</strong></span> <span class='ocrx_word' id='word_1_123' title='bbox 894 1923 990 1972; x_wconf 61' lang='lat' dir='ltr'><strong>&amp;nris</strong></span> <span class='ocrx_word' id='word_1_124' title='bbox 1000 1931 1104 1977; x_wconf 71' lang='lat' dir='ltr'><strong>asts-um</strong></span> 
     </span>
    </p>

    <p class='ocr_par' dir='ltr' id='par_1_6' title="bbox 585 1995 1241 2144">
     <span class='ocr_line' id='line_1_18' title="bbox 606 1995 1241 2060; baseline -0.006 -15"><span class='ocrx_word' id='word_1_125' title='bbox 606 2001 714 2055; x_wconf 78' lang='lat' dir='ltr'><strong>Annum,</strong></span> <span class='ocrx_word' id='word_1_126' title='bbox 726 2013 775 2060; x_wconf 86' lang='lat' dir='ltr'><strong>quc</strong></span> <span class='ocrx_word' id='word_1_127' title='bbox 783 2007 873 2060; x_wconf 69' lang='lat' dir='ltr'><strong>sagense</strong></span> <span class='ocrx_word' id='word_1_128' title='bbox 882 1997 1012 2059; x_wconf 73' lang='lat' dir='ltr'><strong>gauderent</strong></span> <span class='ocrx_word' id='word_1_129' title='bbox 1024 1995 1145 2057; x_wconf 74' lang='lat' dir='ltr'><strong>frugibus,</strong></span> <span class='ocrx_word' id='word_1_130' title='bbox 1158 2004 1183 2042; x_wconf 88' lang='lat' dir='ltr'><strong>et</strong></span> <span class='ocrx_word' id='word_1_131' title='bbox 1193 2009 1241 2056; x_wconf 80' lang='lat' dir='ltr'><strong>quo</strong></span> 
     </span>
     <span class='ocr_line' id='line_1_19' title="bbox 585 2071 1118 2144; baseline -0.008 -25"><span class='ocrx_word' id='word_1_132' title='bbox 585 2134 589 2144; x_wconf 38' lang='grc' dir='ltr'>Ι</span> <span class='ocrx_word' id='word_1_133' title='bbox 606 2073 708 2120; x_wconf 86' lang='lat' dir='ltr'><strong>Duceret</strong></span> <span class='ocrx_word' id='word_1_134' title='bbox 716 2072 804 2134; x_wconf 80' lang='lat' dir='ltr'><strong>apricis</strong></span> <span class='ocrx_word' id='word_1_135' title='bbox 814 2071 838 2119; x_wconf 90' lang='lat' dir='ltr'><strong>iu</strong></span> <span class='ocrx_word' id='word_1_136' title='bbox 846 2072 946 2119; x_wconf 80' lang='lat' dir='ltr'><strong>collibus</strong></span> <span class='ocrx_word' id='word_1_137' title='bbox 955 2087 999 2118; x_wconf 83' lang='lat' dir='ltr'><strong>ava</strong></span> <span class='ocrx_word' id='word_1_138' title='bbox 1007 2071 1118 2117; x_wconf 86' lang='lat' dir='ltr'><strong>colorem.</strong></span> 
     </span>
    </p>
   </div>
   <div class='ocr_carea' id='block_1_4' title="bbox 428 2184 1241 2338">
    <p class='ocr_par' dir='ltr' id='par_1_7' title="bbox 428 2184 1241 2338">
     <span class='ocr_line' id='line_1_20' title="bbox 428 2184 1241 2256; baseline -0.009 -18"><span class='ocrx_word' id='word_1_139' title='bbox 428 2186 463 2239; x_wconf 91' lang='lat' dir='ltr'><strong>V.</strong></span> <span class='ocrx_word' id='word_1_140' title='bbox 485 2205 529 2240; x_wconf 83' lang='lat' dir='ltr'><strong>ss.</strong></span> <span class='ocrx_word' id='word_1_141' title='bbox 594 2188 747 2238; x_wconf 66' lang='lat' dir='ltr'><strong>remoratos</strong></span> <span class='ocrx_word' id='word_1_142' title='bbox 760 2188 848 2256; x_wconf 81' lang='lat' dir='ltr'><strong>prinis</strong></span> <span class='ocrx_word' id='word_1_143' title='bbox 867 2187 950 2238; x_wconf 82' lang='lat' dir='ltr'><strong>Pelias</strong></span> <span class='ocrx_word' id='word_1_144' title='bbox 964 2184 1140 2254; x_wconf 63' lang='lat' dir='ltr'><strong>frameae</strong></span> <span class='ocrx_word' id='word_1_145' title='bbox 1152 2184 1241 2243; x_wconf 81' lang='lat' dir='ltr'><strong>aunis,</strong></span> 
     </span>
     <span class='ocr_line' id='line_1_21' title="bbox 602 2269 1117 2338; baseline -0.004 -18"><span class='ocrx_word' id='word_1_146' title='bbox 602 2275 661 2320; x_wconf 79' lang='lat' dir='ltr'><strong>lom</strong></span> <span class='ocrx_word' id='word_1_147' title='bbox 672 2273 756 2338; x_wconf 65' lang='lat' dir='ltr'><strong>gravis</strong></span> <span class='ocrx_word' id='word_1_148' title='bbox 770 2283 794 2320; x_wconf 87' lang='lat' dir='ltr'><strong>et</strong></span> <span class='ocrx_word' id='word_1_149' title='bbox 812 2273 901 2338; x_wconf 75' lang='lat' dir='ltr'><strong>longus</strong></span> <span class='ocrx_word' id='word_1_150' title='bbox 917 2269 1012 2336; x_wconf 76' lang='lat' dir='ltr'><strong>populis</strong></span> <span class='ocrx_word' id='word_1_151' title='bbox 1032 2280 1117 2318; x_wconf 79' lang='lat' dir='ltr'><strong>mettas.</strong></span> 
     </span>
    </p>
   </div>
   <div class='ocr_carea' id='block_1_5' title="bbox 390 2375 1456 2539">
    <p class='ocr_par' dir='ltr' id='par_1_8' title="bbox 390 2375 1456 2539">
     <span class='ocr_line' id='line_1_22' title="bbox 390 2375 1456 2454; baseline -0.004 -19"><span class='ocrx_word' id='word_1_152' title='bbox 390 2381 556 2436; x_wconf 76' lang='lat' dir='ltr'><strong>Thessaliam</strong></span> <span class='ocrx_word' id='word_1_153' title='bbox 574 2399 643 2454; x_wconf 70' lang='lat' dir='ltr'><strong>sepe</strong></span> <span class='ocrx_word' id='word_1_154' title='bbox 659 2381 823 2436; x_wconf 77' lang='lat' dir='ltr'><strong>Haemoniam</strong></span> <span class='ocrx_word' id='word_1_155' title='bbox 842 2381 947 2444; x_wconf 82' lang='lat' dir='ltr'><strong>vocari,</strong></span> <span class='ocrx_word' id='word_1_156' title='bbox 959 2381 994 2434; x_wconf 87' lang='lat' dir='ltr'><strong>ab</strong></span> <span class='ocrx_word' id='word_1_157' title='bbox 1012 2379 1153 2446; x_wconf 73' lang='lat' dir='ltr'><strong>Hemone,</strong></span> <span class='ocrx_word' id='word_1_158' title='bbox 1168 2376 1269 2449; x_wconf 74' lang='lat' dir='ltr'><strong>Pelasgi</strong></span> <span class='ocrx_word' id='word_1_159' title='bbox 1282 2375 1339 2428; x_wconf 85' lang='lat' dir='ltr'><strong>lilio</strong></span> <span class='ocrx_word' id='word_1_160' title='bbox 1350 2414 1358 2441; x_wconf 93' lang='lat'><strong>,</strong></span> <span class='ocrx_word' id='word_1_161' title='bbox 1370 2376 1456 2431; x_wconf 73' lang='lat' dir='ltr'><strong>&#39;Ilum-</strong></span> 
     </span>
     <span class='ocr_line' id='line_1_23' title="bbox 391 2458 1455 2539; baseline -0.007 -19"><span class='ocrx_word' id='word_1_162' title='bbox 391 2465 493 2537; x_wconf 84' lang='lat' dir='ltr'><strong>salique</strong></span> <span class='ocrx_word' id='word_1_163' title='bbox 507 2477 600 2539; x_wconf 86' lang='lat' dir='ltr'><strong>patre,</strong></span> <span class='ocrx_word' id='word_1_164' title='bbox 613 2475 740 2519; x_wconf 86' lang='lat' dir='ltr'><strong>testantur</strong></span> <span class='ocrx_word' id='word_1_165' title='bbox 755 2477 781 2518; x_wconf 90' lang='lat' dir='ltr'><strong>et</strong></span> <span class='ocrx_word' id='word_1_166' title='bbox 795 2459 869 2518; x_wconf 89' lang='lat' dir='ltr'><strong>locus</strong></span> <span class='ocrx_word' id='word_1_167' title='bbox 881 2463 976 2517; x_wconf 80' lang='lat' dir='ltr'><strong>lllaiaui</strong></span> <span class='ocrx_word' id='word_1_168' title='bbox 993 2474 1093 2534; x_wconf 86' lang='lat' dir='ltr'><strong>poetae,</strong></span> <span class='ocrx_word' id='word_1_169' title='bbox 1112 2461 1146 2514; x_wconf 80' lang='lat' dir='ltr'><strong>als</strong></span> <span class='ocrx_word' id='word_1_170' title='bbox 1167 2459 1301 2533; x_wconf 83' lang='lat' dir='ltr'><strong>Apollonii</strong></span> <span class='ocrx_word' id='word_1_171' title='bbox 1313 2458 1455 2513; x_wconf 88' lang='lat' dir='ltr'><strong>scholiaste</strong></span> 
     </span>
    </p>
   </div>
   <div class='ocr_carea' id='block_1_6' title="bbox 388 2541 1455 3044">
    <p class='ocr_par' dir='ltr' id='par_1_9' title="bbox 388 2541 1455 3044">
     <span class='ocr_line' id='line_1_24' title="bbox 390 2541 1455 2614; baseline -0.004 -16"><span class='ocrx_word' id='word_1_172' title='bbox 390 2556 529 2608; x_wconf 82' lang='lat' dir='ltr'><strong>servatus,</strong></span> <span class='ocrx_word' id='word_1_173' title='bbox 540 2543 588 2598; x_wconf 87' lang='lat' dir='ltr'><strong>lib.</strong></span> <span class='ocrx_word' id='word_1_174' title='bbox 600 2545 659 2608; x_wconf 88' lang='lat'><strong>111,</strong></span> <span class='ocrx_word' id='word_1_175' title='bbox 671 2564 700 2598; x_wconf 82' lang='lat' dir='ltr'><strong>v.</strong></span> <span class='ocrx_word' id='word_1_176' title='bbox 721 2545 804 2614; x_wconf 81' lang='lat'><strong>1089,</strong></span> <span class='ocrx_word' id='word_1_177' title='bbox 822 2556 848 2598; x_wconf 93' lang='lat' dir='ltr'><strong>et</strong></span> <span class='ocrx_word' id='word_1_178' title='bbox 860 2543 971 2610; x_wconf 87' lang='lat' dir='ltr'><strong>Strabo,</strong></span> <span class='ocrx_word' id='word_1_179' title='bbox 985 2541 1030 2594; x_wconf 88' lang='lat' dir='ltr'><strong>lib.</strong></span> <span class='ocrx_word' id='word_1_180' title='bbox 1045 2542 1099 2604; x_wconf 81' lang='lat' dir='ltr'><strong>tx,</strong></span> <span class='ocrx_word' id='word_1_181' title='bbox 1118 2559 1178 2614; x_wconf 75' lang='lat' dir='ltr'><strong>pag.</strong></span> <span class='ocrx_word' id='word_1_182' title='bbox 1194 2541 1256 2606; x_wconf 67' lang='lat'><strong>443.</strong></span> <span class='ocrx_word' id='word_1_183' title='bbox 1266 2571 1303 2580; x_wconf 96' lang='lat'>—</span> <span class='ocrx_word' id='word_1_184' title='bbox 1314 2543 1400 2591; x_wconf 78' lang='lat' dir='ltr'><strong>Gravis</strong></span> <span class='ocrx_word' id='word_1_185' title='bbox 1418 2549 1455 2614; x_wconf 75' lang='grc' dir='ltr'><strong>τῷ</strong></span> 
     </span>
     <span class='ocr_line' id='line_1_25' title="bbox 388 2622 1454 2700; baseline -0.004 -22"><span class='ocrx_word' id='word_1_186' title='bbox 388 2630 486 2696; x_wconf 80' lang='lat' dir='ltr'><strong>populis</strong></span> <span class='ocrx_word' id='word_1_187' title='bbox 498 2629 615 2700; x_wconf 74' lang='lat' dir='ltr'><strong>jungunt</strong></span> <span class='ocrx_word' id='word_1_188' title='bbox 626 2627 750 2681; x_wconf 80' lang='lat' dir='ltr'><strong>Heinsius</strong></span> <span class='ocrx_word' id='word_1_189' title='bbox 766 2645 797 2680; x_wconf 90' lang='lat' dir='ltr'><strong>ac</strong></span> <span class='ocrx_word' id='word_1_190' title='bbox 807 2627 994 2689; x_wconf 69' lang='lat' dir='ltr'><strong>remensus,</strong></span> <span class='ocrx_word' id='word_1_191' title='bbox 1007 2623 1130 2697; x_wconf 83' lang='lat' dir='ltr'><strong>equidem</strong></span> <span class='ocrx_word' id='word_1_192' title='bbox 1143 2625 1196 2678; x_wconf 89' lang='lat' dir='ltr'><strong>hoc</strong></span> <span class='ocrx_word' id='word_1_193' title='bbox 1208 2622 1290 2676; x_wconf 82' lang='lat' dir='ltr'><strong>verbo</strong></span> <span class='ocrx_word' id='word_1_194' title='bbox 1302 2633 1454 2694; x_wconf 81' lang='lat' dir='ltr'><strong>provectam</strong></span> 
     </span>
     <span class='ocr_line' id='line_1_26' title="bbox 394 2705 1454 2783; baseline -0.004 -21"><span class='ocrx_word' id='word_1_195' title='bbox 394 2711 472 2764; x_wconf 80' lang='lat' dir='ltr'><strong>Pelias</strong></span> <span class='ocrx_word' id='word_1_196' title='bbox 491 2721 593 2764; x_wconf 66' lang='lat' dir='ltr'><strong>numm</strong></span> <span class='ocrx_word' id='word_1_197' title='bbox 611 2709 755 2783; x_wconf 78' lang='lat' dir='ltr'><strong>significari</strong></span> <span class='ocrx_word' id='word_1_198' title='bbox 776 2727 886 2774; x_wconf 78' lang='lat' dir='ltr'><strong>censeo3</strong></span> <span class='ocrx_word' id='word_1_199' title='bbox 906 2713 1022 2778; x_wconf 65' lang='lat' dir='ltr'><strong>mnium</strong></span> <span class='ocrx_word' id='word_1_200' title='bbox 1032 2712 1118 2778; x_wconf 64' lang='lat' dir='ltr'><strong>granu</strong></span> <span class='ocrx_word' id='word_1_201' title='bbox 1139 2711 1190 2777; x_wconf 82' lang='lat' dir='ltr'><strong>ipse</strong></span> <span class='ocrx_word' id='word_1_202' title='bbox 1206 2721 1319 2768; x_wconf 78' lang='lat' dir='ltr'><strong>senecta,</strong></span> <span class='ocrx_word' id='word_1_203' title='bbox 1342 2705 1454 2759; x_wconf 84' lang='lat' dir='ltr'><strong>aitOvi·</strong></span> 
     </span>
     <span class='ocr_line' id='line_1_27' title="bbox 390 2791 1157 2864; baseline -0.001 -18"><span class='ocrx_word' id='word_1_204' title='bbox 390 2791 471 2860; x_wconf 79' lang='lat' dir='ltr'><strong>clim,</strong></span> <span class='ocrx_word' id='word_1_205' title='bbox 486 2793 669 2858; x_wconf 75' lang='lat' dir='ltr'><strong>Metamvli,</strong></span> <span class='ocrx_word' id='word_1_206' title='bbox 684 2811 750 2864; x_wconf 78' lang='lat'><strong>²993</strong></span> <span class='ocrx_word' id='word_1_207' title='bbox 763 2795 801 2848; x_wconf 86' lang='lat' dir='ltr'><strong>sie</strong></span> <span class='ocrx_word' id='word_1_208' title='bbox 815 2805 842 2846; x_wconf 92' lang='lat' dir='ltr'><strong>et</strong></span> <span class='ocrx_word' id='word_1_209' title='bbox 855 2793 960 2861; x_wconf 87' lang='lat' dir='ltr'><strong>Noster,</strong></span> <span class='ocrx_word' id='word_1_210' title='bbox 973 2793 1022 2846; x_wconf 83' lang='lat' dir='ltr'><strong>lils.</strong></span> <span class='ocrx_word' id='word_1_211' title='bbox 1037 2793 1067 2858; x_wconf 92' lang='lat'><strong>1,</strong></span> <span class='ocrx_word' id='word_1_212' title='bbox 1088 2795 1157 2862; x_wconf 76' lang='lat'><strong>296:</strong></span> 
     </span>
     <span class='ocr_line' id='line_1_28' title="bbox 855 2904 1219 2967; baseline -0.008 -14"><span class='ocrx_word' id='word_1_213' title='bbox 855 2939 957 2955; x_wconf 88' lang='grc'><strong>.....</strong></span> <span class='ocrx_word' id='word_1_214' title='bbox 972 2907 1041 2953; x_wconf 84' lang='lat' dir='ltr'><strong>lianc</strong></span> <span class='ocrx_word' id='word_1_215' title='bbox 1054 2904 1131 2967; x_wconf 79' lang='lat' dir='ltr'><strong>gratis</strong></span> <span class='ocrx_word' id='word_1_216' title='bbox 1141 2905 1219 2950; x_wconf 80' lang='lat' dir='ltr'><strong>dEsou</strong></span> 
     </span>
     <span class='ocr_line' id='line_1_29' title="bbox 605 2981 1236 3044; baseline -0.005 -16"><span class='ocrx_word' id='word_1_217' title='bbox 605 2981 636 3028; x_wconf 81' lang='lat' dir='ltr'><strong>Et</strong></span> <span class='ocrx_word' id='word_1_218' title='bbox 643 2981 732 3044; x_wconf 84' lang='lat' dir='ltr'><strong>pariter</strong></span> <span class='ocrx_word' id='word_1_219' title='bbox 743 2981 800 3044; x_wconf 72' lang='lat' dir='ltr'><strong>vigil</strong></span> <span class='ocrx_word' id='word_1_220' title='bbox 810 2981 929 3028; x_wconf 74' lang='lat' dir='ltr'><strong>Alcimede</strong></span> <span class='ocrx_word' id='word_1_221' title='bbox 939 2989 1092 3043; x_wconf 78' lang='lat' dir='ltr'><strong>spectantque</strong></span> <span class='ocrx_word' id='word_1_222' title='bbox 1103 2989 1236 3041; x_wconf 81' lang='lat' dir='ltr'><strong>tenentque.</strong></span> 
     </span>
    </p>
   </div>
   <div class='ocr_carea' id='block_1_7' title="bbox 427 3077 1455 3158">
    <p class='ocr_par' dir='ltr' id='par_1_10' title="bbox 427 3077 1455 3158">
     <span class='ocr_line' id='line_1_30' title="bbox 427 3077 1455 3158; baseline 0 -18"><span class='ocrx_word' id='word_1_223' title='bbox 427 3077 534 3158; x_wconf 77' lang='lat' dir='ltr'><strong>Popniis.</strong></span> <span class='ocrx_word' id='word_1_224' title='bbox 542 3087 625 3142; x_wconf 84' lang='lat' dir='ltr'><strong>-Sie</strong></span> <span class='ocrx_word' id='word_1_225' title='bbox 637 3087 725 3142; x_wconf 87' lang='lat' dir='ltr'><strong>Vatic.</strong></span> <span class='ocrx_word' id='word_1_226' title='bbox 740 3088 800 3144; x_wconf 79' lang='lat' dir='ltr'><strong>cod.</strong></span> <span class='ocrx_word' id='word_1_227' title='bbox 811 3090 949 3158; x_wconf 64' lang='lat' dir='ltr'><strong>nonunt,</strong></span> <span class='ocrx_word' id='word_1_228' title='bbox 959 3095 985 3143; x_wconf 81' lang='lat' dir='ltr'><strong>et</strong></span> <span class='ocrx_word' id='word_1_229' title='bbox 993 3087 1144 3144; x_wconf 86' lang='lat' dir='ltr'><strong>Sabellicus.</strong></span> <span class='ocrx_word' id='word_1_230' title='bbox 1153 3092 1266 3156; x_wconf 83' lang='lat' dir='ltr'><strong>Populos.</strong></span> <span class='ocrx_word' id='word_1_231' title='bbox 1277 3087 1381 3141; x_wconf 86' lang='lat' dir='ltr'><strong>Bonou.</strong></span> <span class='ocrx_word' id='word_1_232' title='bbox 1393 3087 1455 3142; x_wconf 91' lang='lat' dir='ltr'><strong>cod.</strong></span> 
     </span>
    </p>
   </div>
   <div class='ocr_carea' id='block_1_8' title="bbox 392 3175 1455 3734">
    <p class='ocr_par' dir='ltr' id='par_1_11' title="bbox 392 3175 1455 3734">
     <span class='ocr_line' id='line_1_31' title="bbox 394 3175 1455 3250; baseline -0.001 -20"><span class='ocrx_word' id='word_1_233' title='bbox 394 3177 495 3230; x_wconf 86' lang='lat' dir='ltr'><strong>Bonon.</strong></span> <span class='ocrx_word' id='word_1_234' title='bbox 509 3179 536 3230; x_wconf 89' lang='lat'><strong>11</strong></span> <span class='ocrx_word' id='word_1_235' title='bbox 548 3189 574 3230; x_wconf 87' lang='lat' dir='ltr'><strong>et</strong></span> <span class='ocrx_word' id='word_1_236' title='bbox 586 3183 680 3230; x_wconf 86' lang='lat' dir='ltr'><strong>Venet.</strong></span> <span class='ocrx_word' id='word_1_237' title='bbox 691 3178 721 3241; x_wconf 90' lang='lat' dir='ltr'><strong>I;</strong></span> <span class='ocrx_word' id='word_1_238' title='bbox 732 3177 890 3230; x_wconf 86' lang='lat' dir='ltr'><strong>inconcinna</strong></span> <span class='ocrx_word' id='word_1_239' title='bbox 903 3196 967 3230; x_wconf 87' lang='lat' dir='ltr'><strong>sane</strong></span> <span class='ocrx_word' id='word_1_240' title='bbox 980 3175 1117 3250; x_wconf 82' lang='lat' dir='ltr'><strong>cujusdam</strong></span> <span class='ocrx_word' id='word_1_241' title='bbox 1129 3175 1276 3248; x_wconf 85' lang='lat' dir='ltr'><strong>interpretis</strong></span> <span class='ocrx_word' id='word_1_242' title='bbox 1290 3175 1455 3240; x_wconf 86' lang='lat' dir='ltr'><strong>emendatio,</strong></span> 
     </span>
     <span class='ocr_line' id='line_1_32' title="bbox 393 3258 1455 3333; baseline -0.002 -20"><span class='ocrx_word' id='word_1_243' title='bbox 393 3276 500 3313; x_wconf 87' lang='lat' dir='ltr'><strong>sensum</strong></span> <span class='ocrx_word' id='word_1_244' title='bbox 523 3258 575 3313; x_wconf 89' lang='lat' dir='ltr'><strong>loci</strong></span> <span class='ocrx_word' id='word_1_245' title='bbox 599 3279 655 3313; x_wconf 88' lang='lat' dir='ltr'><strong>uon</strong></span> <span class='ocrx_word' id='word_1_246' title='bbox 675 3259 819 3333; x_wconf 86' lang='lat' dir='ltr'><strong>capientis,</strong></span> <span class='ocrx_word' id='word_1_247' title='bbox 837 3265 992 3332; x_wconf 83' lang='lat' dir='ltr'><strong>populosque</strong></span> <span class='ocrx_word' id='word_1_248' title='bbox 1009 3259 1144 3313; x_wconf 81' lang='lat' dir='ltr'><strong>referentis</strong></span> <span class='ocrx_word' id='word_1_249' title='bbox 1164 3259 1200 3313; x_wconf 85' lang='lat' dir='ltr'><strong>ad</strong></span> <span class='ocrx_word' id='word_1_250' title='bbox 1220 3280 1318 3321; x_wconf 77' lang='lat' dir='ltr'><strong>omues,</strong></span> <span class='ocrx_word' id='word_1_251' title='bbox 1340 3271 1371 3313; x_wconf 90' lang='lat' dir='ltr'><strong>ut</strong></span> <span class='ocrx_word' id='word_1_252' title='bbox 1391 3260 1455 3313; x_wconf 88' lang='lat' dir='ltr'><strong>olim</strong></span> 
     </span>
     <span class='ocr_line' id='line_1_33' title="bbox 392 3342 1451 3416; baseline -0.002 -19"><span class='ocrx_word' id='word_1_253' title='bbox 392 3355 511 3398; x_wconf 73' lang='lat' dir='ltr'><strong>exucmo</strong></span> <span class='ocrx_word' id='word_1_254' title='bbox 519 3362 598 3398; x_wconf 82' lang='lat' dir='ltr'><strong>versu</strong></span> <span class='ocrx_word' id='word_1_255' title='bbox 605 3345 751 3416; x_wconf 75' lang='lat' dir='ltr'><strong>legebatur.</strong></span> <span class='ocrx_word' id='word_1_256' title='bbox 760 3375 796 3386; x_wconf 92' lang='lat'><strong>--</strong></span> <span class='ocrx_word' id='word_1_257' title='bbox 805 3351 905 3398; x_wconf 80' lang='lat' dir='ltr'><strong>Omnes.</strong></span> <span class='ocrx_word' id='word_1_258' title='bbox 917 3345 961 3399; x_wconf 87' lang='lat' dir='ltr'><strong>Sic</strong></span> <span class='ocrx_word' id='word_1_259' title='bbox 972 3363 1062 3397; x_wconf 87' lang='lat' dir='ltr'><strong>omnes</strong></span> <span class='ocrx_word' id='word_1_260' title='bbox 1071 3342 1151 3398; x_wconf 80' lang='lat' dir='ltr'><strong>codd.</strong></span> <span class='ocrx_word' id='word_1_261' title='bbox 1163 3355 1189 3397; x_wconf 86' lang='lat' dir='ltr'><strong>et</strong></span> <span class='ocrx_word' id='word_1_262' title='bbox 1197 3355 1261 3397; x_wconf 86' lang='lat' dir='ltr'><strong>vett.</strong></span> <span class='ocrx_word' id='word_1_263' title='bbox 1273 3342 1348 3396; x_wconf 89' lang='lat' dir='ltr'><strong>editt.</strong></span> <span class='ocrx_word' id='word_1_264' title='bbox 1366 3363 1451 3396; x_wconf 79' lang='lat' dir='ltr'><strong>aemes</strong></span> 
     </span>
     <span class='ocr_line' id='line_1_34' title="bbox 394 3426 1454 3500; baseline -0.004 -16"><span class='ocrx_word' id='word_1_265' title='bbox 394 3429 552 3494; x_wconf 69' lang='lat' dir='ltr'><strong>Sabellicus,</strong></span> <span class='ocrx_word' id='word_1_266' title='bbox 568 3430 651 3500; x_wconf 88' lang='lat' dir='ltr'><strong>prima</strong></span> <span class='ocrx_word' id='word_1_267' title='bbox 665 3439 704 3483; x_wconf 88' lang='lat' dir='ltr'><strong>est</strong></span> <span class='ocrx_word' id='word_1_268' title='bbox 713 3427 883 3483; x_wconf 83' lang='lat' dir='ltr'><strong>eruditissimi</strong></span> <span class='ocrx_word' id='word_1_269' title='bbox 899 3429 950 3482; x_wconf 80' lang='lat' dir='ltr'><strong>viri</strong></span> <span class='ocrx_word' id='word_1_270' title='bbox 959 3426 1106 3481; x_wconf 83' lang='lat' dir='ltr'><strong>emendatio</strong></span> <span class='ocrx_word' id='word_1_271' title='bbox 1118 3427 1188 3481; x_wconf 88' lang='lat' dir='ltr'><strong>inter</strong></span> <span class='ocrx_word' id='word_1_272' title='bbox 1201 3428 1292 3500; x_wconf 89' lang='lat' dir='ltr'><strong>plures</strong></span> <span class='ocrx_word' id='word_1_273' title='bbox 1301 3427 1382 3491; x_wconf 82' lang='lat' dir='ltr'><strong>alias,</strong></span> <span class='ocrx_word' id='word_1_274' title='bbox 1396 3447 1454 3500; x_wconf 76' lang='lat' dir='ltr'><strong>qun</strong></span> 
     </span>
     <span class='ocr_line' id='line_1_35' title="bbox 394 3511 1455 3585; baseline 0 -19"><span class='ocrx_word' id='word_1_275' title='bbox 394 3525 522 3585; x_wconf 85' lang='lat' dir='ltr'><strong>quantum</strong></span> <span class='ocrx_word' id='word_1_276' title='bbox 542 3513 576 3567; x_wconf 91' lang='lat' dir='ltr'><strong>de</strong></span> <span class='ocrx_word' id='word_1_277' title='bbox 593 3514 691 3568; x_wconf 88' lang='lat' dir='ltr'><strong>Nostro</strong></span> <span class='ocrx_word' id='word_1_278' title='bbox 713 3512 821 3568; x_wconf 88' lang='lat' dir='ltr'><strong>meritus</strong></span> <span class='ocrx_word' id='word_1_279' title='bbox 839 3512 917 3566; x_wconf 83' lang='lat' dir='ltr'><strong>suerit</strong></span> <span class='ocrx_word' id='word_1_280' title='bbox 933 3523 1050 3564; x_wconf 86' lang='lat' dir='ltr'><strong>testatur.</strong></span> <span class='ocrx_word' id='word_1_281' title='bbox 1068 3511 1091 3564; x_wconf 89' lang='lat' dir='ltr'>E</span> <span class='ocrx_word' id='word_1_282' title='bbox 1111 3523 1207 3565; x_wconf 86' lang='lat' dir='ltr'><strong>contra</strong></span> <span class='ocrx_word' id='word_1_283' title='bbox 1226 3511 1339 3564; x_wconf 86' lang='lat' dir='ltr'><strong>Carrion</strong></span> <span class='ocrx_word' id='word_1_284' title='bbox 1356 3529 1388 3564; x_wconf 81' lang='lat' dir='ltr'><strong>ex</strong></span> <span class='ocrx_word' id='word_1_285' title='bbox 1405 3530 1455 3566; x_wconf 91' lang='lat' dir='ltr'><strong>suo</strong></span> 
     </span>
     <span class='ocr_line' id='line_1_36' title="bbox 395 3593 1455 3668; baseline -0.002 -18"><span class='ocrx_word' id='word_1_286' title='bbox 395 3596 502 3659; x_wconf 88' lang='lat' dir='ltr'><strong>codice,</strong></span> <span class='ocrx_word' id='word_1_287' title='bbox 513 3615 596 3649; x_wconf 79' lang='lat' dir='ltr'><strong>omnes</strong></span> <span class='ocrx_word' id='word_1_288' title='bbox 609 3597 693 3651; x_wconf 88' lang='lat' dir='ltr'><strong>edidit</strong></span> <span class='ocrx_word' id='word_1_289' title='bbox 704 3615 712 3661; x_wconf 87' lang='lat'>;</span> <span class='ocrx_word' id='word_1_290' title='bbox 723 3597 798 3650; x_wconf 85' lang='lat' dir='ltr'><strong>nullo</strong></span> <span class='ocrx_word' id='word_1_291' title='bbox 814 3613 877 3650; x_wconf 78' lang='lat' dir='ltr'><strong>sane</strong></span> <span class='ocrx_word' id='word_1_292' title='bbox 889 3593 1002 3668; x_wconf 86' lang='lat' dir='ltr'><strong>jndicio.</strong></span> <span class='ocrx_word' id='word_1_293' title='bbox 1021 3600 1111 3646; x_wconf 83' lang='lat' dir='ltr'><strong>Omnes</strong></span> <span class='ocrx_word' id='word_1_294' title='bbox 1124 3611 1231 3666; x_wconf 88' lang='lat' dir='ltr'><strong>quoque</strong></span> <span class='ocrx_word' id='word_1_295' title='bbox 1240 3594 1328 3648; x_wconf 86' lang='lat' dir='ltr'><strong>Vatic.</strong></span> <span class='ocrx_word' id='word_1_296' title='bbox 1339 3593 1401 3648; x_wconf 83' lang='lat' dir='ltr'><strong>eod.</strong></span> <span class='ocrx_word' id='word_1_297' title='bbox 1415 3613 1455 3648; x_wconf 82' lang='lat' dir='ltr'><strong>er·</strong></span> 
     </span>
     <span class='ocr_line' id='line_1_37' title="bbox 394 3679 625 3734; baseline 0.017 -4"><span class='ocrx_word' id='word_1_298' title='bbox 394 3697 456 3732; x_wconf 87' lang='lat' dir='ltr'><strong>rore</strong></span> <span class='ocrx_word' id='word_1_299' title='bbox 474 3679 625 3734; x_wconf 78' lang='lat' dir='ltr'><strong>manifesto.</strong></span> 
     </span>
    </p>
   </div>
   <div class='ocr_carea' id='block_1_9' title="bbox 383 3801 1457 4126">
    <p class='ocr_par' dir='ltr' id='par_1_12' title="bbox 383 3801 1457 4126">
     <span class='ocr_line' id='line_1_38' title="bbox 432 3801 1457 3877; baseline 0.001 -23"><span class='ocrx_word' id='word_1_300' title='bbox 432 3801 468 3854; x_wconf 90' lang='lat' dir='ltr'><strong>V.</strong></span> <span class='ocrx_word' id='word_1_301' title='bbox 476 3809 517 3868; x_wconf 62' lang='lat' dir='ltr'><strong>si.</strong></span> <span class='ocrx_word' id='word_1_302' title='bbox 527 3806 573 3854; x_wconf 83' lang='lat' dir='ltr'><strong>Ille</strong></span> <span class='ocrx_word' id='word_1_303' title='bbox 587 3806 678 3868; x_wconf 71' lang='lat' dir='ltr'><strong>Othryn</strong></span> <span class='ocrx_word' id='word_1_304' title='bbox 691 3817 715 3855; x_wconf 83' lang='lat' dir='ltr'><strong>st</strong></span> <span class='ocrx_word' id='word_1_305' title='bbox 726 3809 845 3857; x_wconf 75' lang='lat' dir='ltr'><strong>Hamus.</strong></span> <span class='ocrx_word' id='word_1_306' title='bbox 853 3803 1003 3877; x_wconf 62' lang='lat' dir='ltr'><strong>-Offlrtt,</strong></span> <span class='ocrx_word' id='word_1_307' title='bbox 1017 3823 1091 3858; x_wconf 88' lang='lat' dir='ltr'><strong>mous</strong></span> <span class='ocrx_word' id='word_1_308' title='bbox 1100 3802 1241 3858; x_wconf 73' lang='lat' dir='ltr'><strong>Thessalis</strong></span> <span class='ocrx_word' id='word_1_309' title='bbox 1249 3801 1361 3868; x_wconf 87' lang='lat' dir='ltr'><strong>celeber,</strong></span> <span class='ocrx_word' id='word_1_310' title='bbox 1375 3801 1457 3855; x_wconf 87' lang='lat' dir='ltr'><strong>meri·</strong></span> 
     </span>
     <span class='ocr_line' id='line_1_39' title="bbox 394 3881 1454 3960; baseline -0.001 -22"><span class='ocrx_word' id='word_1_311' title='bbox 394 3885 467 3938; x_wconf 87' lang='lat' dir='ltr'><strong>diem</strong></span> <span class='ocrx_word' id='word_1_312' title='bbox 477 3903 567 3938; x_wconf 78' lang='lat' dir='ltr'><strong>reram</strong></span> <span class='ocrx_word' id='word_1_313' title='bbox 575 3888 621 3956; x_wconf 89' lang='lat' dir='ltr'><strong>(r).</strong></span> <span class='ocrx_word' id='word_1_314' title='bbox 632 3887 708 3939; x_wconf 84' lang='lat' dir='ltr'><strong>Errat</strong></span> <span class='ocrx_word' id='word_1_315' title='bbox 713 3881 883 3944; x_wconf 79' lang='lat' dir='ltr'><strong>Burmannus</strong></span> <span class='ocrx_word' id='word_1_316' title='bbox 894 3887 941 3960; x_wconf 88' lang='lat' dir='ltr'><strong>qui</strong></span> <span class='ocrx_word' id='word_1_317' title='bbox 953 3888 1073 3940; x_wconf 81' lang='lat' dir='ltr'><strong>Thracias</strong></span> <span class='ocrx_word' id='word_1_318' title='bbox 1083 3886 1158 3938; x_wconf 84' lang='lat' dir='ltr'><strong>illum</strong></span> <span class='ocrx_word' id='word_1_319' title='bbox 1172 3901 1228 3938; x_wconf 85' lang='lat' dir='ltr'><strong>esse</strong></span> <span class='ocrx_word' id='word_1_320' title='bbox 1239 3894 1357 3936; x_wconf 88' lang='lat' dir='ltr'><strong>montem</strong></span> <span class='ocrx_word' id='word_1_321' title='bbox 1368 3895 1454 3956; x_wconf 88' lang='lat' dir='ltr'><strong>potat.</strong></span> 
     </span>
     <span class='ocr_line' id='line_1_40' title="bbox 383 3967 1457 4040; baseline 0.001 -21"><span class='ocrx_word' id='word_1_322' title='bbox 383 3967 502 4020; x_wconf 63' lang='lat' dir='ltr'><strong>,flemus</strong></span> <span class='ocrx_word' id='word_1_323' title='bbox 514 3985 611 4020; x_wconf 90' lang='lat' dir='ltr'><strong>nomen</strong></span> <span class='ocrx_word' id='word_1_324' title='bbox 629 3979 668 4020; x_wconf 84' lang='lat' dir='ltr'><strong>est</strong></span> <span class='ocrx_word' id='word_1_325' title='bbox 681 3969 777 4022; x_wconf 85' lang='lat' dir='ltr'><strong>montis</strong></span> <span class='ocrx_word' id='word_1_326' title='bbox 790 3968 842 4024; x_wconf 92' lang='lat' dir='ltr'><strong>late</strong></span> <span class='ocrx_word' id='word_1_327' title='bbox 855 3970 989 4035; x_wconf 87' lang='lat' dir='ltr'><strong>continui,</strong></span> <span class='ocrx_word' id='word_1_328' title='bbox 1004 3989 1033 4023; x_wconf 80' lang='lat' dir='ltr'><strong>en</strong></span> <span class='ocrx_word' id='word_1_329' title='bbox 1046 3969 1167 4023; x_wconf 77' lang='lat' dir='ltr'><strong>Theacire</strong></span> <span class='ocrx_word' id='word_1_330' title='bbox 1180 3979 1256 4040; x_wconf 82' lang='lat' dir='ltr'><strong>purte</strong></span> <span class='ocrx_word' id='word_1_331' title='bbox 1269 3985 1328 4038; x_wconf 81' lang='lat' dir='ltr'><strong>que</strong></span> <span class='ocrx_word' id='word_1_332' title='bbox 1347 3979 1457 4039; x_wconf 88' lang='lat' dir='ltr'><strong>septem-</strong></span> 
     </span>
     <span class='ocr_line' id='line_1_41' title="bbox 395 4049 1457 4126; baseline 0 -23"><span class='ocrx_word' id='word_1_333' title='bbox 395 4050 509 4103; x_wconf 85' lang='lat' dir='ltr'><strong>trionem</strong></span> <span class='ocrx_word' id='word_1_334' title='bbox 526 4061 641 4123; x_wconf 82' lang='lat' dir='ltr'><strong>spectat;</strong></span> <span class='ocrx_word' id='word_1_335' title='bbox 662 4068 717 4103; x_wconf 88' lang='lat' dir='ltr'><strong>non</strong></span> <span class='ocrx_word' id='word_1_336' title='bbox 734 4063 822 4105; x_wconf 88' lang='lat' dir='ltr'><strong>tamen</strong></span> <span class='ocrx_word' id='word_1_337' title='bbox 839 4053 975 4107; x_wconf 88' lang='lat' dir='ltr'><strong>Valerium</strong></span> <span class='ocrx_word' id='word_1_338' title='bbox 992 4065 1076 4126; x_wconf 86' lang='lat' dir='ltr'><strong>puto,</strong></span> <span class='ocrx_word' id='word_1_339' title='bbox 1094 4051 1263 4124; x_wconf 82' lang='lat' dir='ltr'><strong>quantumvis</strong></span> <span class='ocrx_word' id='word_1_340' title='bbox 1285 4049 1361 4104; x_wconf 85' lang='lat' dir='ltr'><strong>Pelias</strong></span> <span class='ocrx_word' id='word_1_341' title='bbox 1375 4069 1457 4122; x_wconf 74' lang='lat' dir='ltr'><strong>regua</strong></span> 
     </span>
    </p>
   </div>
   <div class='ocr_carea' id='block_1_10' title="bbox 457 4236 921 4304">
    <p class='ocr_par' dir='ltr' id='par_1_13' title="bbox 457 4236 921 4304">
     <span class='ocr_line' id='line_1_42' title="bbox 457 4236 921 4304; baseline 0.013 -22"><span class='ocrx_word' id='word_1_342' title='bbox 457 4236 493 4299; x_wconf 84' lang='lat' dir='ltr'><strong>(r)</strong></span> <span class='ocrx_word' id='word_1_343' title='bbox 517 4238 807 4304; x_wconf 81' lang='lat' dir='ltr'><strong>lieredot.lils.Vll,cap.</strong></span> <span class='ocrx_word' id='word_1_344' title='bbox 819 4255 870 4303; x_wconf 67' lang='lat' dir='ltr'><strong>rap</strong></span> <span class='ocrx_word' id='word_1_345' title='bbox 916 4241 921 4265; x_wconf 57' lang='lat' dir='ltr'><strong>l</strong></span> 
     </span>
    </p>
   </div>
   <div class='ocr_carea' id='block_1_11' title="bbox 0 0 1628 5112">
    <p class='ocr_par' dir='ltr' id='par_1_14' title="bbox 0 0 1628 5112">
     <span class='ocr_line' id='line_1_43' title="bbox 0 0 1628 5112; baseline 0 0"><span class='ocrx_word' id='word_1_346' title='bbox 0 0 1628 5112; x_wconf 95' lang='lat' dir='ltr'><strong> </strong></span> 
     </span>
    </p>
   </div>
  </div>
 </body>
</html>
