3116 5102
328 577 722 645 tncoaaurmou
753 581 839 645 ma
863 581 902 645 v.
1088 581 1151 668 375

128 714 362 799 Ambitumque
378 733 505 793 senem,
519 711 743 800 promissaque
757 713 872 778 vellera
884 715 985 803 puppi

116 829 319 894 'Thessalicas
331 852 340 911 3
352 827 435 892 citus
446 825 488 891 ad
499 826 618 890 summi
631 825 787 891 stellantia
797 826 895 915 patris

126 946 226 1008 'lecta
237 941 321 1023 ruit,
333 956 517 1029 questuque
529 943 642 1006 lovem
653 956 791 1006 testatur
800 941 917 1006 acerbo
929 966 938 1008 t

126 1090 140 1115 a
151 1059 234 1141 Quae
246 1055 379 1138 studiis,
392 1079 448 1120 rex
459 1078 593 1146 magne,
605 1057 720 1144 quies?
727 1041 922 1138 jam‘mutua
932 1057 1005 1123 Divi

126 1172 233 1236 Exitio
243 1172 276 1235 in
290 1171 376 1236 solos
389 1170 561 1234 hominum
573 1170 728 1234 molimur
737 1170 896 1251 honores,

126 1288 238 1374 Teque
251 1307 288 1349 ea
300 1300 416 1348 cuncta
424 1285 556 1366 juvant,
567 1283 712 1348 rabidam
725 1283 782 1373 qui
792 1282 919 1348 Pallada
930 1286 1007 1349 caelo

124 1401 202 1465 Non
216 1400 334 1489 abigis,
345 1421 453 1486 neque
464 1399 612 1463 femineis
620 1399 673 1478 jus
685 1398 798 1480 objicis
810 1398 906 1462 ausis.

125 1515 205 1579 Non
219 1536 353 1603 querar,
367 1527 529 1578 exstructa
541 1511 632 1600 quod
643 1513 765 1577 rexerit
777 1513 846 1601 ipsa
857 1513 964 1576 carina

125 1632 254 1696 Vellera
264 1651 353 1694 sacra
363 1628 443 1692 meis
455 1642 640 1714 sperantem
651 1642 794 1690 avertere
805 1627 904 1708 lucis,

126 1743 297 1832 Quodque
308 1743 413 1832 palam
425 1758 528 1806 tutata
539 1741 643 1824 viros3
655 1741 701 1804 sic
711 1755 824 1804 caetera
834 1757 963 1829 pergat,

125 1859 160 1924 Si
171 1859 273 1941 valet,
282 1855 405 1922 insidiis
417 1877 489 1944 quae
500 1877 590 1919 nunc
601 1854 766 1919 fallacibus
776 1854 895 1930 ambit,

125 1972 248 2036 Nostra
263 1985 301 2034 ut
316 1969 468 2059 Phrynen
484 1968 667 2058 spolientur
681 1967 801 2056 templa
816 1968 957 2031 metallo.

126 2085 206 2148 Non
218 2103 302 2172 opus
313 2082 439 2146 auxilio*
445 2082 592 2164 Colchis,
605 2103 666 2147 nec
677 2061 798 2150 findere
807 2095 933 2162 vestro;

126 2199 170 2261 Et
181 2197 302 2262 Persen
316 2196 433 2277 simul,
450 2211 482 2260 et
494 2195 622 2284 Minyas
638 2195 845 2284 deposcimus
859 2195 979 2259 hostes.

128 2312 220 2394 Quin
233 2333 309 2400 age,
325 2309 405 2398 quid
417 2325 512 2374 tantan
523 2326 646 2375 coeunt
656 2309 690 2373 in
702 2310 807 2399 praelia
820 2308 956 2398 gentes?

30 2495 36 2511 ,
129 2423 222 2508 Quid
232 2439 310 2490 tuus
320 2422 512 2489 AEsonides?
521 2425 607 2488 imus
619 2447 696 2506 nos,
708 2425 857 2512 protinus
871 2423 956 2486 imus

117 2599 175 2648 625.
190 2601 288 2652 Mutua,
301 2598 359 2644 null.
371 2596 448 2644 Vatic.
463 2607 488 2643 at
501 2599 593 2644 Bonou.
610 2598 681 2645 codd.
695 2607 720 2645 et
734 2598 788 2645 edd.
805 2607 861 2645 suta
875 2600 955 2646 Heius.
972 2601 1031 2648 Divi.
1054 2599 1159 2664 Gronov,

83 2680 156 2726 Ohss.
171 2679 212 2733 Ν,
224 2693 263 2727 21.
273 2699 304 2714 -·
317 2677 371 2738 629.
382 2679 444 2725 llum
458 2676 630 2740 quetunlatic.
640 2677 694 2723 cod.
706 2679 796 2724 Bonan.
806 2679 823 2723 1.
832 2680 897 2724 lunt.
909 2679 962 2724 atd.
976 2681 1075 2740 Engont.
1088 2683 1156 2724 Naar

83 2773 177 2824 querar.
188 2761 278 2803 Bouom
292 2756 346 2802 cod.
365 2757 416 2802 Noa
432 2771 520 2818 quatur.
535 2756 672 2804 Bououll.
692 2759 778 2802 masor.
795 2759 856 2804 Num
866 2773 961 2820 querar.
971 2759 1037 2804 Carr.
1053 2784 1084 2793 -
1101 2758 1157 2804 632.

87 2837 155 2899 Quid
160 2853 229 2882 auae.
238 2835 314 2884 Vstic.
323 2843 348 2881 ct
358 2836 449 2881 Βοιιοιι.
462 2833 568 2881 reddet
583 2835 638 2881 edd.
654 2845 709 2882 autc
724 2837 789 2883 Gerr.
804 2837 849 2882 Eu.

120 2981 186 3034 623.
201 2981 267 3031 Citrts
280 2981 317 3029 ad
325 2979 412 3028 saratat'
424 2977 546 3027 stellantia
553 2995 600 3044 pta-
644 2976 692 3048 qui
700 2977 854 3030 auctoritate
864 2989 906 3031 tua
917 2995 948 3029 ea
959 2995 1012 3030 non
1019 2978 1160 3049 reprimis?

82 3064 126 3112 tn's
139 3074 206 3110 tecta
215 3059 330 3111 ntltcum
339 3057 455 3127 impeta,
468 3071 601 3123 quormque
679 3059 740 3125 629.
750 3061 807 3108 Noa
827 3075 931 3124 querar,
948 3061 1017 3109 nam'
1027 3057 1087 3110 leve
1101 3069 1157 3121 est,

82 3147 170 3191 Iovem
182 3149 295 3197 testaatr,
314 3136 477 3200 obtestatur,
492 3137 599 3197 aaarb⁰5
620 3145 621 3148 ’
644 3151 767 3187 exstricta
782 3139 955 3204 quodoexen't
967 3137 1055 3187 cutim
1063 3176 1071 3199 ,
1088 3137 1155 3190 adeo

81 3218 139 3272 vid.
155 3216 251 3287 virgil.
269 3217 331 3267 AEn.
351 3213 388 3278 X,
411 3217 443 3267 16
468 3229 526 3285 sqq.
553 3213 600 3266 ubi
644 3234 673 3268 se
682 3215 981 3286 abjecerit‚utmnnum
990 3215 1102 3284 ι’ριαιειιί
1113 3235 1154 3269 re-

81 3300 180 3351 Venus
196 3306 223 3349 et
242 3297 313 3348 luno
328 3311 417 3347 coram
436 3291 503 3346 Jove
521 3293 599 3346 ulter·
645 3293 748 3366 mirque
773 3293 948 3359 admoveret,
978 3295 1157 3368 vehet-etque,

82 3387 194 3432 cantur.
646 3388 798 3440 sperantem,
811 3373 884 3425 innui
903 3391 948 3446 spe
964 3373 1102 3444 impletum
1119 3376 1159 3427 la-

119 3453 184 3508 625.
195 3460 255 3521 Quoe
265 3455 358 3512 amatis,
368 3451 386 3502 i·
395 3469 418 3504 e.
425 3451 600 3516 factionibus,
645 3469 749 3517 sonem,
759 3456 854 3504 uellera
863 3472 891 3504 se
900 3472 975 3504 sacra
985 3471 1133 3504 aversurum.

84 3537 180 3604 quies?
192 3534 250 3601 jam
269 3547 352 3582 munta
366 3533 422 3582 Diti
441 3533 531 3590 exitia,
553 3549 602 3598 ulos
682 3527 743 3583 635.
761 3537 793 3581 Et
803 3538 892 3584 Persea
907 3535 979 3584 simut
989 3545 1014 3583 et
1023 3537 1160 3600 Argonau-
1223 3518 1232 3536 ⁹

84 3615 125 3669 dii
134 3609 200 3667 odia
210 3621 235 3664 et
245 3609 396 3662 inimicitias
408 3609 522 3662 exitiales
532 3627 603 3662 exer·
646 3625 685 3660 tas
697 3613 847 3677 deposcimus
854 3613 942 3672 hostes,
950 3621 1076 3682 utrosque
1087 3611 1157 3664 solus

85 3709 182 3748 cemus
194 3689 324 3754 invicem,
341 3697 367 3740 et
381 3686 482 3759 quare?
496 3689 521 3738 in
538 3691 603 3738 solos
646 3689 675 3741 in
688 3707 730 3740 me
740 3687 865 3760 suscipio.

85 3775 215 3828 leontinum
227 3774 348 3830 honores,
361 3777 391 3819 ut
401 3766 555 3822 hominibus
564 3765 602 3818 la·
683 3769 745 3821 636.
761 3771 823 3836 Quia
838 3787 888 3836 age
899 3769 973 3840 (jam
987 3786 1015 3819 se
1030 3771 1160 3822 convertit

86 3851 288 3906 vestusta-Cf.
298 3849 379 3901 Hom.
391 3849 423 3901 Il.
436 3848 460 3909 Ι,
474 3851 539 3916 574τ
549 3849 602 3918 opio
647 3857 736 3900 orator
756 3846 791 3899 ad
810 3847 944 3900 Palladem
959 3847 1078 3918 ipsam),
1099 3847 1159 3913 dic,

87 3939 165 3988 ἔνεκα
178 3939 270 3989 θνητῶν
286 3927 433 4003 lpidaittroa
445 3923 505 3980 dade.
527 3925 579 3977 Ει).
647 3938 736 3976 curtat
744 3940 832 3994 gentes
842 3939 932 3976 coeant
942 3930 968 3977 ia
974 3929 1064 3994 praelia
1074 3935 1088 3977 θ
1098 3931 1160 3996 quid

125 4015 190 4078 627.
200 4015 292 4077 Teque,
309 4007 347 4061 mi
362 4019 452 4080 pater,
472 4025 503 4056 sa
515 4018 605 4054 cuncta
647 4019 701 4055 ntus
711 4005 812 4057 lason?
822 4004 907 4056 oratio
925 4005 1056 4077 abrupta,
1072 4017 1098 4059 et
1116 4025 1160 4059 cu·

82 4095 193 4162 juvant,
202 4089 332 4155 miratae
338 4086 381 4139 his
387 4084 604 4154 delectariposse‚
624 4125 625 4128 ,
648 4085 754 4139 mulctis
764 4085 1110 4159 interrogationibus‚quod
1120 4087 1159 4138 la-

86 4171 206 4224 rabidam
215 4167 352 4236 (Martiale
363 4165 513 4219 encomium
525 4163 549 4230 l)
561 4164 605 4230 qui
649 4185 709 4219 cere
717 4165 831 4218 solemus
841 4165 877 4216 ira
887 4165 1012 4218 commoti
1019 4183 1026 4229 ς
1034 4169 1096 4218 imas
1104 4185 1160 4225 nos,

85 4249 199 4304 Pallada
212 4250 333 4297 coelottott
347 4247 439 4313 abigis,
449 4243 605 4311 aequeserttr'·
651 4259 674 4298 at
686 4247 798 4314 protinus
816 4243 925 4318 quidem
941 4249 1017 4308 imus,
1039 4259 1064 4297 ct
1085 4248 1160 4297 armis

88 4333 143 4387 treis
154 4324 364 4403 (contemptim)
379 4327 423 4395 jas
437 4325 608 4394 objectantis,
652 4327 822 4378 decemimus?
