3196 5120
387 539 447 615 140
688 537 723 599 C.
748 535 946 600 VALERll
976 535 1149 602 FLACCl

427 667 565 733 Thressa
583 689 717 749 manus,
732 691 947 757 quaecumque
964 669 1049 735 faces
1064 669 1212 736 timuisse
1231 672 1355 762 jugales
1442 677 1446 682 ’

426 782 572 864 Credita,
593 805 653 848 nec
672 782 812 847 dominae
827 801 974 848 sanctum
991 785 1133 875 tetigisse
1151 786 1267 850 cubile.
1417 810 1456 856 ns

426 898 496 961 Jam
515 896 624 961 medio
640 897 831 980 AEsonides,
842 897 909 977 jam
926 919 961 962 se
980 898 1091 988 regina
1107 899 1242 982 locavit,

427 1014 506 1077 Post
524 1013 577 1078 alii
597 1034 766 1102 proceres:
784 1012 881 1077 sacris
898 1010 978 1077 dum
995 1013 1137 1078 vincitur
1155 1014 1236 1079 extis

292 1184 295 1194 .
366 1115 373 1120 ’
426 1129 536 1193 Prima
553 1130 672 1210 fames,
695 1128 819 1192 circum
834 1127 952 1216 pateris
971 1127 997 1192 it
1014 1128 1176 1211 Bacchus,
1191 1147 1224 1193 et
1242 1131 1349 1193 omnis
1387 1101 1391 1110 .

427 1243 509 1306 Aula
524 1243 612 1326 silet;
626 1241 765 1332 dapibus
781 1242 893 1331 coeptis
907 1263 984 1304 mox
1002 1256 1149 1330 tempora
1164 1241 1280 1308 fallunt

427 1357 560 1440 Noctis,
575 1373 609 1423 et
625 1357 659 1421 in
677 1379 762 1422 seras
779 1355 898 1420 durant
911 1355 1115 1422 sermonibus
1129 1358 1271 1423 umbras.
1414 1379 1452 1420 aa

427 1473 660 1562 Praecipueque
679 1469 771 1536 ducis
793 1456 885 1534 casus
902 1470 1017 1534 mirata
1034 1471 1172 1559 requirit

428 1587 624 1680 Hypsipyle,
639 1609 711 1674 quae
729 1587 793 1650 lata
810 1585 953 1669 trahant,
968 1609 1040 1675 quaa
1054 1588 1139 1676 regis
1153 1604 1225 1677 agat
1237 1589 1300 1672 vis,

429 1705 497 1768 Aut
512 1700 601 1765 unde
618 1702 796 1766 Haemoniae
813 1703 933 1765 molem
950 1702 1027 1765 ratis
1042 1724 1049 1766 :
1064 1701 1162 1766 unius
1178 1702 1279 1768 haeret

429 1817 603 1904 Alloquio,
621 1832 654 1880 et
671 1815 809 1880 blandos
827 1815 994 1905 paullatim
1014 1816 1135 1906 colligit
1152 1817 1262 1907 ignes,
1362 1873 1369 1890 .

429 1931 500 1995 Jam
519 1953 587 1994 non
603 1930 684 1994 dura
705 1929 802 2011 toris,
822 1930 942 1993 Veneri
962 1951 1024 1993 nec
1037 1930 1151 2018 iniqua
1165 1954 1313 2016 reversae5
1418 1952 1455 1992 tas

429 2047 472 2110 Et
485 2046 566 2111 deus
580 2047 651 2136 ipse
669 2067 776 2110 moras
790 2045 999 2133 spatiumque
1012 2045 1161 2136 indulget
1176 2048 1289 2114 amori.

418 2256 471 2320 349.
482 2257 564 2318 Captr'e.
573 2254 627 2302 Ald.
636 2253 714 2301 Heius.
723 2263 747 2300 et
758 2253 839 2300 Burm.
853 2253 872 2298 l.
889 2253 934 2300 En.

388 2472 449 2519 atala
460 2471 528 2529 silet,
543 2465 632 2538 quoad
647 2465 756 2518 duraret
771 2463 904 2518 libationis
947 2475 1070 2536 prompta
1091 2473 1117 2516 et
1133 2475 1224 2534 parata
1237 2465 1361 2537 conjugio
1371 2503 1380 2528 ,
1390 2477 1418 2517 nt
1430 2465 1457 2518 in

388 2545 493 2618 religio.
507 2545 572 2600 vid.
592 2545 689 2616 Virgil.
706 2547 768 2597 AEn.
782 2545 813 2610 I,
837 2560 903 2614 729·
948 2542 1060 2614 gratiam
1091 2543 1203 2596 Veneris
1234 2563 1320 2617 nuper
1350 2565 1457 2604 reverse

389 2628 459 2698 738,
472 2626 519 2678 ubi
532 2624 624 2678 itidem
635 2635 661 2678 et
672 2635 787 2696 pateres,
797 2635 824 2676 et
836 2623 903 2675 liba·
951 2641 1033 2695 quam
1048 2623 1163 2695 primurn
1179 2643 1236 2678 sese
1252 2625 1407 2680 insinuaret.
1446 2679 1448 2682 .

388 2705 505 2769 tionem,
516 2715 542 2760 et
549 2704 729 2769 sorbitionem,
737 2715 763 2757 et
769 2703 900 2758 silentium
984 2704 1045 2758 356.
1064 2710 1096 2756 Et
1110 2709 1170 2756 deus
1180 2709 1248 2773 epse,
1261 2710 1356 2774 rapiar
1366 2705 1418 2776 (uti
1430 2706 1457 2758 in

388 2785 516 2840 invenies.
945 2782 1178 2848 antecedentibus,
1194 2784 1301 2856 Virgilii
1318 2787 1417 2838 AEneas
1434 2795 1460 2837 et

426 2868 487 2934 349.
507 2866 577 2918 Tum
600 2863 707 2918 demum
726 2867 803 2938 juste
823 2869 900 2932 dapes
944 2861 1015 2915 Dido
1025 2865 1061 2916 ob
1069 2863 1161 2917 oculos
1170 2864 1459 2930 versatisuntValerio,

389 2961 487 3015 coeproe,
501 2944 599 3000 fercula
611 2943 684 3017 larga
697 2944 832 3017 apposita,
842 2962 901 3016 que
945 2942 980 2994 ita
995 2955 1020 2996 et
1030 2944 1074 2996 bic
1085 2982 1093 3008 ,
1106 2963 1185 3015 quam
1196 2955 1379 3015 tempestatem
1390 2941 1461 3014 apud

386 3025 520 3098 jucundas
538 3027 606 3078 inter
625 3025 853 3078 confabulationes
873 3023 901 3074 in
945 3023 1038 3087 illum,
1056 3035 1086 3077 ut
1103 3024 1253 3095 speluncam
1273 3023 1342 3078 Dido
1362 3023 1418 3076 dux
1435 3033 1467 3076 et

390 3125 474 3160 seram
494 3117 601 3160 noctem
614 3104 816 3179 protrahuntur.
946 3105 1066 3174 trojanus
1073 3103 1191 3158 eamdem
1201 3102 1461 3166 devenirent‚immi-

426 3185 488 3240 351.
507 3183 655 3260 Hypsipyle
668 3187 696 3238 in
714 3184 807 3256 primis
825 3199 902 3236 casus
946 3185 1111 3247 seratluno,
1123 3203 1212 3248 nunc,
1227 3194 1257 3234 ut
1267 3184 1350 3236 lason
1363 3181 1461 3235 diutius

390 3265 502 3318 miratm
515 3266 639 3330 Jasonis,
657 3265 796 3336 diligenter
813 3262 915 3316 omnia*
946 3263 1107 3316 commorari
1140 3273 1227 3337 possm
1248 3263 1277 3318 in
1300 3261 1461 3334 Hypsipyles

391 3345 520 3416 exquirit,
530 3367 586 3414 qua·
595 3347 657 3414 sata
670 3347 783 3404 amana
796 3362 852 3412 quoe
864 3362 903 3394 re·
947 3343 1119 3415 amplexibus,
1126 3353 1314 3414 morerepoeta
1320 3353 1410 3394 noster
1417 3343 1461 3412 ju·

389 3428 429 3492 gis
439 3429 550 3494 agareis
561 3425 663 3494 (malim
680 3443 742 3477 curn
750 3425 904 3476 Burmanno
949 3424 993 3476 bet
1004 3424 1125 3491 lovem),
1138 3423 1241 3496 Jupiter
1257 3422 1337 3494 igitur
1350 3421 1408 3491 ipse
1415 3420 1463 3487 sa·

391 3526 455 3574 qno,
480 3525 543 3577 quo¹
561 3506 688 3558 nimirum
713 3501 818 3565 tendat,
845 3520 905 3574 que
949 3518 986 3556 vet
1001 3507 1080 3554 amori
1091 3522 1101 3554 .·
1115 3521 1178 3555 nam
1197 3507 1253 3572 lege
1272 3503 1325 3571 poli
1343 3498 1410 3569 (vid.
1429 3499 1462 3562 l,

391 3597 462 3638 meta
468 3585 502 3637 sit
510 3585 706 3654 itinerispunde
715 3589 801 3638 molem
809 3587 905 3634 Hemo-
951 3583 1020 3646 213,
1034 3593 1060 3636 et
1073 3581 1227 3636 Columella
1241 3602 1264 3635 v.
1281 3597 1349 3648 219:
1358 3581 1463 3648 jadera

391 3667 440 3717 aia
453 3671 526 3728 ratis,
542 3665 614 3719 unde
627 3677 681 3718 tam
698 3681 836 3736 magnam,
850 3673 905 3713 tam
949 3664 1015 3731 cale)
1024 3678 1140 3716 oetemum
1154 3667 1257 3716 volvens
1269 3681 1342 3730 opus,
1355 3677 1387 3712 ex
1397 3676 1462 3710 con·

391 3746 522 3816 egregiam
539 3733 675 3798 Thessalia
703 3741 833 3815 acceperit
853 3759 904 3794 na·
949 3743 1042 3796 stituto
1061 3743 1095 3795 ab
1115 3743 1192 3796 initio
1215 3761 1305 3796 rerum
1320 3739 1418 3811 equali
1438 3748 1463 3790 et

391 3841 461 3876 vem.
471 3827 592 3880 -Recta
603 3823 763 3878 constructio
777 3823 833 3875 hec
845 3833 902 3874 est:
949 3821 1042 3876 eodem
1051 3841 1156 3894 semper
1165 3821 1259 3875 ordine
1268 3830 1423 3875 recurrente
1431 3817 1463 3869 si-

392 3922 448 3969 qua·
461 3907 501 3955 vir
514 3920 578 3973 agat
587 3911 684 3958 molem.
698 3904 750 3956 En.
948 3901 1043 3956 derum
1056 3906 1261 3968 motu,Pleiadas
1273 3917 1340 3953 astro
1355 3902 1463 3952 nimboso

429 3981 491 4034 353.
504 3986 580 4035 Unius
589 3988 699 4036 adiceret
711 3984 837 4050 alloquio,
848 3991 903 4034 tota
945 3985 1059 4054 jusserat
1074 3983 1140 4036 oriri
1156 4000 1163 4034 :
1181 3986 1253 4035 undis
1270 3995 1360 4032 cuncta
1374 3991 1462 4038 nsunt,

392 4058 490 4130 pendet
503 4080 534 4114 ex
547 4081 593 4116 ore
604 4061 752 4127 numantia,
764 4063 903 4112 erilandus
947 4060 1072 4116 inundari
1085 4061 1230 4125 videntur,
1244 4079 1344 4128 unaque
1363 4062 1405 4111 dei
1421 4059 1463 4108 sub

387 4144 509 4210 paulatim
528 4145 634 4210 colligit,
657 4141 794 4213 concipit,
815 4144 901 4209 ignes,
947 4140 1464 4212 ictululminis,1³angoea(juga)mons

387 4223 444 4290 jam
463 4239 513 4272 non
534 4225 599 4274 dura
613 4225 682 4284 turis,
703 4225 791 4274 Veneri
805 4241 853 4283 nec
867 4223 905 4272 in·
947 4219 1083 4285 Thraciae,
1101 4225 1289 4291 Gargaraque,
1302 4213 1464 4270 montislde

391 4305 452 4370 iqua
475 4321 591 4364 reversae,
615 4321 670 4355 non
690 4320 801 4372 aspera,
823 4299 903 4354 immo
948 4317 1026 4372 pars,
1044 4315 1069 4352 ct
1085 4305 1164 4352 rnoesa'
1179 4312 1295 4352 swterant
1305 4293 1462 4365 sonnidr'ne,
