3192 5128
367 541 1421 572 mmmmmwbmmmfflmmmmmmfflmmmm

662 787 814 858 PETRI
845 789 1115 862 BURMANNI

490 1005 884 1113 PR'AEFATIO
923 1006 1305 1132 SECUNDA,

375 1268 450 1314 srva
479 1267 524 1312 au
550 1265 741 1313 sacunoau
766 1265 963 1312 ramrrorrn
980 1266 1088 1313 suan
1115 1269 1150 1313 a.
1170 1248 1406 1315 cloIsccxxrv.

513 1488 737 1558 sacroru
762 1489 995 1559 anuulrc
1019 1491 1079 1559 nr
1105 1491 1269 1578 AEQuo.

637 1739 1143 1780 ὲ--ῆθθθῦ--ῄ

359 1943 577 2046 Soavmus
588 1976 719 2040 tandem
734 1975 849 2056 fidem,
861 1976 956 2040 toties
968 1976 1097 2064 publice
1111 1978 1236 2060 datam,
1253 1996 1286 2043 et
1298 1997 1426 2068 poetam

359 2087 543 2176 egregium,
556 2083 780 2147 VALERIUM
792 2083 1014 2165 FLACCUM,
1029 2086 1179 2150 omnium
1194 2087 1261 2151 fere
1273 2110 1348 2150 cum
1364 2111 1425 2151 no·

359 2195 419 2274 tis,
441 2214 512 2279 quae
537 2189 642 2278 dignae
665 2189 760 2252 nobis
782 2189 856 2252 risae
878 2205 977 2270 sunt,
996 2206 1034 2253 ut
1052 2191 1202 2256 manibus
1220 2193 1425 2268 eruditorum

357 2313 580 2378 versarentur,
608 2296 801 2359 illustratum
828 2295 1015 2358 emittimus.
1040 2297 1089 2360 De
1113 2298 1254 2363 auctoris
1272 2299 1424 2387 ingenio,

359 2402 558 2483 eruditione,
573 2417 606 2464 et
623 2401 699 2464 artis
715 2400 849 2488 poeticae
861 2423 988 2464 summa
998 2392 1166 2482 facultate,
1179 2419 1211 2465 et
1222 2425 1282 2466 nos
1297 2403 1330 2466 in
1344 2426 1424 2490 prae-

358 2507 497 2587 satione,
515 2505 650 2570 editioni
668 2505 745 2567 olim
766 2503 884 2567 minori
902 2504 1081 2592 praemissa,
1101 2505 1248 2592 quaedam
1265 2505 1423 2589 diximus,

358 2630 391 2677 et
406 2612 577 2693 Heinsius,
594 2611 712 2697 aliique
724 2609 784 2672 viri
796 2608 900 2690 docti,
918 2602 1061 2697 quorum
1073 2609 1292 2698 praefationes,
1305 2610 1425 2691 judicia

358 2737 391 2785 et
407 2719 509 2810 elogia
525 2719 578 2783 hic
594 2716 787 2798 adjecimus,
807 2732 870 2812 tam
887 2732 1036 2780 accurate
1050 2733 1083 2780 et
1096 2716 1266 2805 diligenter
1281 2717 1424 2807 disputa·

358 2841 454 2907 runt,
473 2841 510 2888 ut
535 2822 629 2887 nobis
650 2822 784 2911 gratiam
811 2821 915 2910 longae
937 2820 1169 2886 dissertationis
1191 2823 1304 2887 fecisse
1322 2823 1436 2888 videri·

356 2932 492 3021 possint.
513 2927 670 3012 Quaedam
692 2941 801 2991 tamen
826 2941 865 2988 ut
881 2925 1038 3008 analecta,
1058 2927 1136 2990 hinc
1154 2943 1186 2991 et
1203 2927 1291 2992 illinc
1308 2928 1423 3012 nobis,

358 3036 438 3101 dum
455 3034 652 3124 quotidianis
666 3031 781 3096 studiis
800 3055 966 3112 vacamus,
984 3033 1118 3097 collecta
1134 3033 1175 3097 de
1193 3035 1264 3124 ipso
1277 3035 1422 3116 Valerio,

358 3159 391 3207 et
405 3140 523 3207 deinde
541 3139 583 3203 de
600 3137 694 3202 variis
714 3137 781 3217 ejus
800 3136 1017 3220 editionibus,
1036 3155 1086 3220 et,
1105 3162 1187 3227 quos
1205 3141 1338 3204 sortitus
1357 3157 1422 3222 est,

358 3243 685 3326 commentatoribus,
702 3242 768 3307 buc
785 3264 959 3330 congerere
974 3244 1080 3308 visum
1099 3245 1172 3310 fuit.

401 3355 444 3418 Et
460 3353 602 3442 primum
627 3347 761 3437 quidem
783 3347 824 3411 ‹le
842 3349 942 3436 patria
966 3349 1035 3429 ejus
1053 3350 1231 3418 admodum
1254 3353 1373 3443 ambigi
1390 3370 1423 3416 et

357 3459 472 3524 certari
488 3459 573 3522 inter
588 3457 673 3518 viros
687 3453 830 3518 eruditos
846 3453 1012 3537 videmus,
1027 3473 1059 3520 et
1072 3479 1112 3520 ex
1125 3458 1208 3522 Setia
1221 3459 1302 3523 urbe
1315 3461 1424 3524 oriun-

357 3566 437 3630 dum
458 3565 556 3627 fuisse
573 3561 731 3649 plurimos
753 3559 898 3648 opinari,
916 3561 991 3648 quia
1009 3562 1095 3626 inter
1111 3563 1179 3642 ejus
1198 3566 1349 3647 nomina,
1366 3567 1421 3630 se-

358 3672 419 3738 tini
430 3669 581 3736 occurrit.
601 3667 710 3750 Quem
726 3689 867 3730 errorem
880 3683 955 3756 post
966 3669 1044 3732 alios
1057 3669 1225 3734 Heinsium
1239 3672 1420 3736 confutasse

356 3779 430 3843 satis
448 3776 584 3842 feliciter
602 3773 783 3855 credimus,
802 3795 909 3861 neque
923 3797 1120 3863 quemquam
1132 3792 1242 3864 postca
1255 3794 1420 3864 repertum

356 3885 413 3967 iri,
434 3883 490 3971 qui
505 3903 580 3945 eum
594 3880 755 3944 Patavinis
774 3879 918 3944 invidere
937 3881 1022 3946 velit.
1044 3881 1202 3946 Memorat
1216 3883 1305 3946 Felix
1322 3884 1420 3948 Osius

356 3992 391 4054 in
413 3987 647 4054 commentario
670 3984 711 4050 ad
737 3983 807 4049 Alb.
835 3986 970 4050 Mussati
993 3985 1160 4051 historiam
1184 3989 1315 4053 Henrici
1337 3991 1419 4070 Vll,

356 4121 428 4188 pag.
442 4096 505 4162 388
517 4143 526 4177 ,
542 4110 632 4158 tomo
645 4095 709 4175 Vl,
728 4109 818 4181 parte
831 4093 1046 4176 ll,Tbesauri
1060 4094 1180 4176 Italici,
1200 4095 1344 4160 historici
1361 4119 1419 4161 cu·

333 4203 480 4287 ‘jusdam
502 4200 667 4281 Patavini,
685 4198 792 4263 adhuc
814 4196 946 4278 inediti,
966 4201 1116 4266 Guilelmi
1137 4202 1342 4290 Ongharelli,
1363 4203 1418 4288 qui
