3198 5106
274 477 280 494 '
347 521 386 562 ια
646 499 1103 564 G.vALER11FLACCI

388 634 432 695 At
445 627 561 718 procul
574 651 592 692 e
606 629 738 722 stabulis
752 628 868 717 trepidi
882 629 1021 694 clamore
1036 642 1218 716 sequuntur

388 742 553 823 Pastores,
565 742 777 831 fremitusque
791 763 924 823 canum3
936 742 1019 805 citus
1033 757 1171 829 occupat
1184 764 1277 807 auras

388 861 526 947 Raptor,
541 873 574 921 et
585 858 688 948 AEgaei
701 881 798 946 super
812 857 926 947 effugit
939 858 1001 922 alta
1013 857 1179 945 profundi.
1371 881 1408 921 ss·

389 972 516 1060 Accipit
529 972 701 1060 augurium
715 971 903 1054 AEsonides,
917 973 1071 1058 lacteisque
1087 971 1217 1060 superbi

389 1087 486 1150 Tecta
499 1085 580 1174 petit
593 1085 706 1148 Peliae:
723 1085 812 1173 prior
825 1084 902 1148 huie
915 1100 985 1150 tum
999 1086 1085 1174 regia
1101 1086 1208 1173 proles

389 1200 542 1281 Advolat,
559 1200 723 1288 amplexus
736 1199 940 1288 fraternaque
956 1215 1087 1289 pectora
1097 1200 1246 1289 jungens.

390 1317 515 1378 Ductor
528 1315 571 1376 ait
584 1339 592 1378 :
605 1315 700 1378 «Non
715 1313 906 1402 degeneres,
920 1330 958 1377 ut
970 1315 1067 1395 reris,
1079 1317 1210 1395 Aceste,

392 1428 548 1490 Venimus
562 1425 602 1491 ad
616 1442 764 1516 questus3
777 1428 901 1492 socium
916 1443 947 1491 te
960 1427 1096 1516 jungere
1110 1429 1220 1515 coeptis
1372 1450 1409 1488 sss

391 1543 448 1606 Est
461 1543 587 1606 animus
600 1567 608 1606 ι
622 1564 729 1629 neque
742 1543 829 1606 enim
841 1544 1012 1624 Telamon,
1022 1559 1079 1606 aut
1092 1543 1252 1624 Canthus,
1264 1557 1297 1606 et
1310 1541 1396 1622 Idas,

391 1655 637 1745 Tyndariusque
650 1679 747 1746 puer,
762 1657 841 1720 mihi
853 1659 969 1722 vellere
983 1657 1112 1746 dignior
1125 1658 1241 1723 Helles.

392 1772 420 1836 Ο
435 1787 594 1858 quantum
608 1787 717 1852 terrae,
729 1788 887 1858 quantum
905 1794 1099 1862 cognoscere
1113 1773 1180 1836 caeli

392 1885 588 1950 Permissum
603 1888 664 1949 est!
675 1887 806 1976 pelagus
821 1903 959 1973 quantos
972 1887 1136 1975 aperimus
1149 1888 1182 1966 in
1198 1890 1291 1953 usus!

391 2001 423 2064 N
425 2023 489 2063 unc
503 2001 610 2062 forsan
628 2022 722 2087 grave
736 2000 815 2062 reris
829 2022 911 2087 opus
925 2023 933 2062 ε
945 1999 1001 2063 sed
1015 2000 1084 2062 laeta
1090 1991 1243 2064 'recurret
1375 2036 1411 2074 ψ

394 2115 506 2196 Quum
523 2114 614 2193 ratis,
629 2129 661 2176 et
675 2135 780 2176 caram
796 2135 898 2200 quum
909 2112 975 2191 jam
992 2113 1071 2176 mihi
1085 2111 1198 2176 reddet
1212 2115 1340 2196 Iolcon,

382 2295 435 2343 166.
449 2295 562 2341 Candidus
570 2293 636 2340 Idae.
645 2295 698 2338 Vat.
711 2293 763 2338 cod.
780 2291 873 2353 -169.
884 2291 1004 2353 Pelagum.
1018 2293 1128 2338 Bononl
1142 2301 1165 2338 et
1178 2293 1209 2339 ll.
1220 2295 1284 2339 tunt.
1299 2293 1352 2339 ΑΜ.
1367 2293 1412 2339 Ειι,

350 2450 474 2512 asportat.
491 2438 580 2490 llobur
592 2437 686 2509 aquila
700 2448 726 2488 et
738 2453 859 2508 persecu·
902 2436 1043 2506 ta‚quibus
1050 2455 1109 2489 enm
1116 2437 1320 2508 pannoniam
1326 2436 1414 2507 primo

349 2530 419 2572 tores
429 2517 463 2570 ad
473 2529 597 2570 naturam
603 2516 686 2588 pinxit
694 2526 781 2586 poeta.
903 2512 1026 2584 quidem,
1041 2517 1091 2580 ait,
1105 2535 1200 2579 nemo,
1215 2536 1248 2569 ne
1261 2515 1413 2568 amicissimi

388 2601 447 2651 161.
466 2600 561 2664 Accipit
576 2598 704 2663 angearinm
718 2595 815 2656 lason,
831 2593 858 2644 in
903 2591 1026 2662 quidem,
1041 2598 1173 2654 Telamon,
1195 2597 1315 2656 Canthus,
1334 2598 1410 2656 Idas,

279 2719 280 2728 ,
350 2695 405 2747 quo
416 2676 469 2728 hoc
484 2675 534 2726 sibi
548 2673 679 2726 invenisse
691 2672 806 2735 videtur,
821 2672 859 2723 uti
902 2675 1076 2740 padariinqne
1080 2693 1151 2742 puer,
1166 2685 1277 2745 uterquc
1288 2685 1314 2725 et
1323 2679 1415 2727 Castor

350 2753 445 2824 aquila
467 2753 496 2805 in
514 2755 632 2823 Εςιειιιιι
650 2769 722 2804 mare
744 2751 859 2804 avolanti
903 2761 929 2802 et
938 2749 1337 2823 Pollux(omnesdrgonautse)
1347 2752 1414 2804 mihi

350 2832 449 2884 frustra
468 2843 493 2882 et
511 2843 628 2902 pastores
643 2841 670 2883 et
687 2849 765 2884 canes
783 2847 859 2882 ovem
902 2828 998 2882 vellere
1006 2847 1086 2882 aureo
1093 2829 1198 2903 dignior
1205 2842 1230 2883 te
1238 2843 1287 2894 est
1294 2830 1327 2883 ad
1334 2849 1414 2903 quem

349 2911 452 2982 eripere
460 2910 547 2962 conati
559 2909 670 2972 fuerint,
687 2909 722 2961 ita
734 2921 760 2961 et
770 2908 859 2961 Pelian
904 2909 1033 2979 gentilitio
1042 2910 1153 2980 pertinet
1160 2914 1229 2983 jure.
1222 2911 1318 2963 ,Porro
1327 2910 1413 2962 consi·

350 3001 468 3059 ereptum
483 2988 532 3040 sihi
543 2988 628 3040 lilium
644 3006 659 3040 e
675 2989 742 3041 mari
755 2990 859 3057 AEgaeo,
904 2988 1064 3046 deresrelim
1072 3001 1155 3060 quot
1162 3001 1244 3041 terras
1250 2989 1415 3060 populosque

350 3065 859 3139 qnoddrgonautistranseundumerst,
904 3084 1086 3157 cognoscere,
1109 3083 1224 3134 quantem
1239 3071 1309 3128 eceli,
1329 3085 1415 3138 quan·

350 3147 447 3199 frustra
457 3146 641 3217 repetiturum.
655 3147 741 3196 Laetus
751 3147 857 3214 superbi,
904 3145 1000 3198 tamin
1012 3147 1172 3199 astronomia
1181 3146 1321 3217 proficere,
1333 3163 1415 3217 quam

350 3225 515 3296 impotentis,
524 3225 630 3296 injusti,
643 3225 856 3290 Pelioetectapecit‚
903 3223 1414 3318 lateextenderecommerciaqueamus,

351 3305 397 3358 uhi
410 3304 481 3356 ultro
494 3302 636 3355 obviam
613 3321 637 3355 es
650 3302 722 3355 venit
734 3303 859 3366 Acastus,
899 3307 1006 3371 pelagus
1029 3317 1132 3371 quantos
1155 3307 1275 3372 aperimus
1298 3308 1323 3354 ia
1347 3323 1412 3354 usus.

351 3388 479 3451 anaplexus
494 3383 662 3448 fraternaque
681 3395 779 3448 pectora
796 3383 858 3448 jua-
903 3381 991 3434 Grave
1004 3400 1075 3435 nunc
1086 3379 1194 3473 quidem
1205 3395 1231 3436 et
1240 3381 1349 3454 penculi
1357 3380 1413 3452 ple

349 3481 426 3530 gens,
439 3459 735 3529 consanguineoamore
749 3457 859 3510 deoscu·
904 3478 985 3522 num,
1001 3458 1074 3530 quod
1090 3461 1270 3532 suscepimus,
1288 3457 1415 3531 opustibi

350 3539 428 3590 latur.
904 3555 960 3591 esse
979 3536 1062 3590 videri
1075 3539 1173 3609 possit:
1190 3537 1237 3592 sed
1250 3558 1333 3611 quam
1343 3543 1415 3605 Argo

389 3619 448 3679 164.
462 3621 556 3666 Ductor
562 3615 643 3668 Jaton
654 3615 706 3686 (sic
716 3633 783 3688 steps
792 3620 860 3668 ducis
905 3636 943 3668 me
956 3616 1046 3687 patriae
1060 3637 1127 3669 σανα
1137 3621 1217 3678 Iolco,
1233 3617 1293 3670 urbi
1302 3615 1416 3669 ‘Iltessa-

351 3694 458 3747 nomine
468 3711 626 3758 occurrens,
640 3713 666 3747 ι.
676 3714 700 3747 c.
714 3695 784 3747 inira
796 3697 859 3760 184,
904 3695 961 3760 lite,
971 3715 1021 3768 pro
1030 3706 1084 3748 tota
1091 3695 1226 3749 Thessalia
1236 3696 1325 3767 posita
1332 3732 1340 3759 ,
1350 3693 1416 3746 olim

354 3781 414 3836 241,
429 3775 493 3839 296,
503 3774 564 3841 etc.)
571 3776 622 3824 ale:
633 3791 687 3826 non
695 3774 748 3826 huc
758 3772 816 3826 veni
826 3772 861 3827 ad
903 3774 1063 3838 reddiderit,
1074 3774 1218 3846 perpende,
1226 3790 1416 3846 quemquer-

350 3856 498 3920 degeneres,
516 3869 558 3904 me
574 3863 652 3923 teque
665 3851 788 3924 indignos
802 3873 861 3921 qne·
905 3865 932 3906 to
946 3855 994 3908 tibi
1003 3866 1060 3906 tum
1069 3852 1165 3925 pudori
1177 3864 1256 3916 esset,
1270 3851 1416 3906 exantlatos

351 3945 415 3991 stus,
428 3929 521 3994 immo,
531 3930 567 3982 sic
578 3931 633 3984 sine
644 3932 798 4004 amhagibus
807 3951 861 3984 me·
906 3953 922 3986 a
931 3951 974 3986 me
983 3933 1087 3986 labores
1099 3932 1192 3986 andire
1203 3943 1322 3995 tantumt
1334 3948 1416 4002 quam

352 4007 423 4060 diam
435 4009 462 4060 in
476 4027 532 4061 rem
545 4011 632 4082 rapit,
646 4009 776 4084 dicitque,
788 4010 860 4084 quod
905 4013 957 4066 alte
970 4023 1027 4063 tum
1042 4011 1201 4084 suspiraret,
1220 4011 1260 4074 si,
1278 4029 1340 4078 quas
1363 4009 1415 4079 (sic

339 4107 394 4140 vres
408 4099 446 4140 est
459 4104 467 4139 ι
484 4092 574 4140 socians
589 4093 723 4159 eeyimgere
735 4095 816 4160 eoeptis
826 4107 862 4142 est
905 4092 975 4144 enim
985 4093 1106 4160 reposui,
1116 4089 1243 4144 suadente
1250 4090 1415 4152 Burmanno,

352 4168 524 4221 animalem
533 4186 596 4221 vero
606 4180 761 4241 argumenta
772 4168 860 4234 addit,
905 4169 1053 4241 proquam)
1067 4187 1116 4239 ego
1125 4168 1237 4221 viderim
1249 4179 1354 4240 gentes,
1368 4167 1415 4220 tini

352 4244 398 4300 sed
405 4244 438 4299 ad
444 4248 548 4319 juvenis
554 4247 669 4302 indolem
676 4247 861 4303 accommoda·
906 4247 978 4302 domi
988 4248 1041 4300 otio
1053 4248 1166 4318 torpenti
1176 4265 1337 4301 enarrarem.
